{"gold_per_floor":[117,128,145,145,145,188,188,221,244,283,283,301,301,316,316,441,441,466,466,466,477,497,242,242,242],"floor_reached":25,"playtime":1040,"items_purged":[],"score":265,"play_id":"1bce21e1-c27b-4249-be17-7f340fd58eef","local_time":"20180710161003","daily_mods":["Draft","Heirloom","Elite Swarm","Binary"],"is_ascension_mode":true,"campfire_choices":[{"data":"Creative AI","floor":7,"key":"SMITH"},{"floor":13,"key":"REST"},{"data":"Capacitor","floor":15,"key":"SMITH"},{"floor":24,"key":"REST"}],"neow_cost":"","seed_source_timestamp":0,"circlet_count":0,"master_deck":["Streamline","Leap","Capacitor+1","Conserve Battery","Compile Driver","Barrage","Ball Lightning","Go for the Eyes","Rebound","Defragment+1","Gash","Cold Snap","Chaos","FTL","Redo","Ball Lightning","Lockon","Loop","Reboot","Injury","Creative AI+1","Seek","Electrodynamics","Consume","Coolheaded","Defragment"],"special_seed":17722,"relics":["Cracked Core","Prayer Wheel","Bloody Idol","Dodecahedron","Kunai","Strawberry","Orichalcum","Runic Pyramid","Bottled Tornado"],"potions_floor_usage":[18],"damage_taken":[{"damage":0,"enemies":"Cultist","floor":1,"turns":3},{"damage":0,"enemies":"Small Slimes","floor":2,"turns":2},{"damage":6,"enemies":"2 Louse","floor":3,"turns":2},{"damage":20,"enemies":"Gremlin Nob","floor":6,"turns":4},{"damage":5,"enemies":"3 Sentries","floor":8,"turns":6},{"damage":27,"enemies":"Gremlin Nob","floor":10,"turns":4},{"damage":2,"enemies":"Looter","floor":12,"turns":2},{"damage":2,"enemies":"Blue Slaver","floor":14,"turns":2},{"damage":10,"enemies":"The Guardian","floor":16,"turns":8},{"damage":19,"enemies":"Shell Parasite","floor":18,"turns":5},{"damage":3,"enemies":"Chosen","floor":21,"turns":5},{"damage":42,"enemies":"3 Cultists","floor":22,"turns":5},{"damage":55,"enemies":"Book of Stabbing","floor":25,"turns":4}],"seed_played":"-525632160911246714","potions_obtained":[{"floor":6,"key":"Strength Potion"},{"floor":12,"key":"GamblersBrew"},{"floor":14,"key":"Energy Potion"},{"floor":22,"key":"SkillPotion"}],"is_trial":true,"path_per_floor":["M","M","M","?","?","E","R","E","T","E","?","M","R","M","R","B",null,"M","?","?","M","M","$","R"],"character_chosen":"DEFECT","items_purchased":["Bottled Tornado"],"campfire_rested":2,"item_purchase_floors":[23],"current_hp_per_floor":[75,75,69,74,74,54,54,49,56,29,29,27,51,49,49,39,82,63,63,63,65,28,28,52,0],"gold":242,"neow_bonus":"","is_prod":false,"is_daily":false,"chose_seed":false,"campfire_upgraded":2,"win_rate":0,"timestamp":1531203003,"path_taken":["M","M","M","?","?","E","R","E","T","E","?","M","R","M","R","BOSS","M","?","?","M","M","$","R","E"],"build_version":"2018-07-05","purchased_purges":0,"victory":false,"max_hp_per_floor":[75,75,75,75,75,75,75,75,82,82,82,82,82,82,82,82,82,82,82,82,82,82,82,82,82],"card_choices":[{"not_picked":["Hologram","Stack"],"picked":"Streamline","floor":0},{"not_picked":["Reinforced Body","Aggregate"],"picked":"Leap","floor":0},{"not_picked":["Rebound","Stack"],"picked":"Capacitor","floor":0},{"not_picked":["Cold Snap","Stack"],"picked":"Conserve Battery","floor":0},{"not_picked":["Reprogram","Self Repair"],"picked":"Compile Driver","floor":0},{"not_picked":["Recycle","Steam"],"picked":"Barrage","floor":0},{"not_picked":["Consume","Go for the Eyes"],"picked":"Ball Lightning","floor":0},{"not_picked":["Conserve Battery","Barrage"],"picked":"Go for the Eyes","floor":0},{"not_picked":["Glacier","Lockon"],"picked":"Rebound","floor":0},{"not_picked":["Leap","Sweeping Beam"],"picked":"Defragment","floor":0},{"not_picked":["Scrape","Stack"],"picked":"Gash","floor":0},{"not_picked":["Chill","Beam Cell"],"picked":"Cold Snap","floor":0},{"not_picked":["Compile Driver","Fusion"],"picked":"Chaos","floor":0},{"not_picked":["Compile Driver","Doom and Gloom"],"picked":"FTL","floor":0},{"not_picked":["Rebound","Barrage"],"picked":"Redo","floor":0},{"not_picked":["Redo"],"picked":"Ball Lightning","floor":1},{"not_picked":["Rebound"],"picked":"Ball Lightning","floor":1},{"not_picked":["Barrage"],"picked":"Lockon","floor":2},{"not_picked":["Capacitor"],"picked":"Loop","floor":2},{"not_picked":["Defragment"],"picked":"Reboot","floor":3},{"not_picked":["Gash","Compile Driver"],"picked":"SKIP","floor":3},{"not_picked":["Amplify"],"picked":"Creative AI","floor":6},{"not_picked":["Buffer"],"picked":"Seek","floor":8},{"not_picked":["Creative AI","Hyperbeam"],"picked":"SKIP","floor":10},{"not_picked":["Chaos","Lockon"],"picked":"SKIP","floor":12},{"not_picked":["Hologram","Static Discharge"],"picked":"SKIP","floor":12},{"not_picked":["Stack","Streamline"],"picked":"SKIP","floor":14},{"not_picked":["Steam Power","Undo"],"picked":"SKIP","floor":14},{"not_picked":["Seek"],"picked":"Electrodynamics","floor":16},{"not_picked":["Cold Snap"],"picked":"Consume","floor":18},{"not_picked":["Reprogram+1","Barrage"],"picked":"SKIP","floor":18},{"not_picked":["Stack","Sweeping Beam"],"picked":"SKIP","floor":21},{"not_picked":["Leap","Steam"],"picked":"SKIP","floor":21},{"not_picked":["Steam Power+1"],"picked":"Coolheaded","floor":22},{"not_picked":["FTL"],"picked":"Defragment","floor":22}],"player_experience":102027,"relics_obtained":[{"floor":6,"key":"Dodecahedron"},{"floor":8,"key":"Kunai"},{"floor":9,"key":"Strawberry"},{"floor":10,"key":"Orichalcum"}],"event_choices":[{"event_name":"Bonfire Elementals","player_choice":"COMMON","floor":4,"damage_taken":0},{"event_name":"Golden Idol","player_choice":"Take Wound","floor":5,"damage_taken":0},{"event_name":"Accursed Blacksmith","player_choice":"Forge","floor":11,"damage_taken":0},{"event_name":"Forgotten Altar","player_choice":"Gave Idol","floor":19,"damage_taken":0},{"event_name":"Drug Dealer","player_choice":"Ignored","floor":20,"damage_taken":0}],"boss_relics":[{"not_picked":["Inserter","Busted Crown"],"picked":"Runic Pyramid"}],"items_purged_floors":[],"is_endless":false,"potions_floor_spawned":[6,12,14,22],"killed_by":"Book of Stabbing","ascension_level":4}