{"gold_per_floor":[111,129,148,166,341,341,355,355,380,380,414,425,456,484,496,610,622,644,656,668,474,493,520,520,539,539,539],"floor_reached":27,"playtime":889,"items_purged":[],"score":282,"play_id":"7eb2e7a5-ecb5-4e09-953e-2ce16da3bdb7","local_time":"20190414001701","is_ascension_mode":true,"campfire_choices":[{"data":"Perfected Strike","floor":6,"key":"SMITH"},{"data":"Headbutt","floor":10,"key":"SMITH"},{"data":"Perfected Strike","floor":15,"key":"SMITH"},{"floor":24,"key":"REST"}],"neow_cost":"NONE","seed_source_timestamp":48561863870906,"circlet_count":0,"master_deck":["Strike_R","Strike_R","Strike_R","Strike_R","Defend_R","Defend_R","Defend_R","Defend_R","Bash","Wild Strike","Wild Strike","Perfected Strike+1","Headbutt+1","Doubt","Wild Strike","Pain","Perfected Strike+1","Rage","Rampage","Thunderclap","Spot Weakness","Corruption","Spot Weakness","Wild Strike"],"relics":["Burning Blood","Blood Vial","WarpedTongs","Omamori","PreservedInsect","MawBank","Orrery","Sling","Singing Bowl","Bottled Lightning"],"potions_floor_usage":[11,16,27],"damage_taken":[{"damage":3,"enemies":"Small Slimes","floor":1,"turns":4},{"damage":6,"enemies":"Cultist","floor":2,"turns":3},{"damage":1,"enemies":"Jaw Worm","floor":3,"turns":3},{"damage":0,"enemies":"Exordium Wildlife","floor":4,"turns":3},{"damage":6,"enemies":"Lots of Slimes","floor":7,"turns":4},{"damage":29,"enemies":"Lagavulin","floor":11,"turns":4},{"damage":5,"enemies":"Looter","floor":12,"turns":2},{"damage":17,"enemies":"Gremlin Nob","floor":13,"turns":3},{"damage":4,"enemies":"Blue Slaver","floor":14,"turns":2},{"damage":61,"enemies":"The Guardian","floor":16,"turns":11},{"damage":20,"enemies":"2 Thieves","floor":18,"turns":3},{"damage":7,"enemies":"Spheric Guardian","floor":22,"turns":3},{"damage":33,"enemies":"Book of Stabbing","floor":23,"turns":4},{"damage":47,"enemies":"Snecko","floor":25,"turns":6},{"damage":24,"enemies":"Centurion and Healer","floor":27,"turns":2}],"seed_played":"6069492423810310639","potions_obtained":[{"floor":1,"key":"Poison Potion"},{"floor":3,"key":"SpeedPotion"},{"floor":7,"key":"PowerPotion"},{"floor":14,"key":"FairyPotion"},{"floor":22,"key":"FearPotion"}],"is_trial":false,"path_per_floor":["M","M","M","M","?","R","M","?","T","R","E","M","E","M","R","B",null,"M","?","?","$","M","E","R","M","T","M"],"character_chosen":"IRONCLAD","items_purchased":["Sling"],"campfire_rested":1,"item_purchase_floors":[21],"current_hp_per_floor":[80,80,80,80,80,80,80,80,80,80,57,60,51,55,55,11,80,66,51,51,51,52,27,52,15,15,0],"gold":539,"neow_bonus":"RANDOM_COMMON_RELIC","is_prod":false,"is_daily":false,"chose_seed":false,"campfire_upgraded":3,"win_rate":0,"timestamp":1555165021,"path_taken":["M","M","M","M","?","R","M","?","T","R","E","?","E","M","R","BOSS","M","?","?","$","M","E","R","?","T","M"],"build_version":"2019-01-23","purchased_purges":0,"victory":false,"max_hp_per_floor":[80,80,80,80,80,80,80,80,80,80,80,80,80,80,80,80,80,80,85,85,85,85,85,85,87,87,87],"card_choices":[{"not_picked":["Fire Breathing","Clothesline"],"picked":"Wild Strike","floor":1},{"not_picked":["Warcry","Sword Boomerang"],"picked":"Wild Strike","floor":2},{"not_picked":["Cleave","Disarm"],"picked":"Perfected Strike","floor":3},{"not_picked":["Clash","Double Tap"],"picked":"Headbutt","floor":4},{"not_picked":["Heavy Blade","Uppercut"],"picked":"Wild Strike","floor":7},{"not_picked":["Double Tap","Heavy Blade"],"picked":"Perfected Strike","floor":11},{"not_picked":["Clash","Anger"],"picked":"Rage","floor":12},{"not_picked":["Entrench","Anger"],"picked":"Rampage","floor":13},{"not_picked":["Combust","Sword Boomerang","Clothesline"],"picked":"SKIP","floor":14},{"not_picked":["Shrug It Off","Second Wind"],"picked":"Thunderclap","floor":17},{"not_picked":["Reckless Charge","Twin Strike"],"picked":"Spot Weakness","floor":17},{"not_picked":["Anger","Intimidate","Headbutt"],"picked":"SKIP","floor":18},{"not_picked":["Havoc","Heavy Blade"],"picked":"Spot Weakness","floor":22},{"not_picked":["Shrug It Off","Burning Pact"],"picked":"Wild Strike","floor":23},{"not_picked":["Shrug It Off","Second Wind+1","Perfected Strike"],"picked":"Singing Bowl","floor":25}],"player_experience":128951,"relics_obtained":[{"floor":9,"key":"Omamori"},{"floor":11,"key":"PreservedInsect"},{"floor":13,"key":"MawBank"},{"floor":23,"key":"Singing Bowl"},{"floor":26,"key":"Bottled Lightning"}],"event_choices":[{"damage_healed":0,"gold_gain":175,"player_choice":"AGREE","damage_taken":0,"max_hp_gain":0,"max_hp_loss":0,"event_name":"Liars Game","floor":5,"gold_loss":0,"cards_obtained":["Doubt"]},{"damage_healed":0,"gold_gain":0,"player_choice":"Rummage","damage_taken":0,"relics_obtained":["WarpedTongs"],"max_hp_gain":0,"max_hp_loss":0,"event_name":"Accursed Blacksmith","floor":8,"gold_loss":0,"cards_obtained":["Pain"]},{"damage_healed":0,"gold_gain":0,"player_choice":"Shed Blood","damage_taken":20,"max_hp_gain":5,"max_hp_loss":0,"event_name":"Forgotten Altar","floor":19,"gold_loss":0},{"damage_healed":0,"gold_gain":0,"cards_transformed":["Strike_R"],"player_choice":"Transformed","damage_taken":0,"max_hp_gain":0,"max_hp_loss":0,"event_name":"Transmorgrifier","floor":20,"gold_loss":0,"cards_obtained":["Corruption"]}],"is_beta":false,"boss_relics":[{"not_picked":["Snecko Eye","Pandora\u0027s Box"],"picked":"Orrery"}],"items_purged_floors":[],"is_endless":false,"potions_floor_spawned":[1,3,7,14,22],"killed_by":"Centurion and Healer","ascension_level":1}