{"gold_per_floor":[114,114,114,126,146,146,178,178,178,198,198,223,223,243,243,340,340,340,340,302,257,257,257,257,257,257,257,257,7,7,7,7,7],"floor_reached":33,"playtime":928,"items_purged":[],"score":245,"play_id":"4dc40559-f915-46ce-9897-e209eba6907f","local_time":"20181106205843","is_ascension_mode":false,"campfire_choices":[{"data":"Tempest","floor":6,"key":"SMITH"},{"floor":13,"key":"RECALL"},{"data":"Go for the Eyes","floor":15,"key":"SMITH"},{"data":"Defragment","floor":23,"key":"SMITH"},{"data":"White Noise","floor":25,"key":"SMITH"},{"data":"Zap","floor":28,"key":"SMITH"},{"floor":32,"key":"REST"}],"neow_cost":"NONE","seed_source_timestamp":12431364486251,"circlet_count":0,"master_deck":["Strike_B","Strike_B","Defend_B","Defend_B","Defend_B","Defend_B+1","Zap","Dualcast+1","Tempest+1","Gash","Gash","Streamline","Go for the Eyes+1","Parasite","Leap","Amplify","Cold Snap+1","Zap+1","Defragment+1","Double Energy+1","White Noise+1","Leap+1","White Noise"],"relics":["Cracked Core","Ancient Tea Set","Matryoshka","War Paint","Vajra","Omamori","Bag of Marbles","Ectoplasm","Blood Vial","Frozen Egg 2","Darkstone Periapt"],"potions_floor_usage":[16,18,33],"damage_taken":[{"damage":0,"enemies":"Small Slimes","floor":1,"turns":3},{"damage":1,"enemies":"Jaw Worm","floor":4,"turns":3},{"damage":0,"enemies":"Cultist","floor":5,"turns":3},{"damage":14,"enemies":"Gremlin Nob","floor":7,"turns":3},{"damage":11,"enemies":"Large Slime","floor":10,"turns":4},{"damage":4,"enemies":"Blue Slaver","floor":14,"turns":2},{"damage":21,"enemies":"The Guardian","floor":16,"turns":12},{"damage":2,"enemies":"Spheric Guardian","floor":18,"turns":3},{"damage":14,"enemies":"2 Thieves","floor":21,"turns":4},{"damage":16,"enemies":"Centurion and Healer","floor":24,"turns":8},{"damage":19,"enemies":"Cultist and Chosen","floor":27,"turns":4},{"damage":1,"enemies":"Snecko","floor":30,"turns":3},{"damage":69,"enemies":"Automaton","floor":33,"turns":8}],"seed_played":"-5798946674867420578","potions_obtained":[{"floor":4,"key":"Swift Potion"},{"floor":7,"key":"SteroidPotion"},{"floor":10,"key":"AttackPotion"},{"floor":16,"key":"Energy Potion"},{"floor":21,"key":"Block Potion"}],"is_trial":false,"path_per_floor":["M","?","?","M","M","R","E","?","T","M","?","T","R","M","R","B",null,"M","?","$","M","?","R","M","R","T","M","R","$","M","T","R","B"],"character_chosen":"DEFECT","items_purchased":["Defragment","Frozen Egg 2"],"campfire_rested":1,"item_purchase_floors":[20,29],"current_hp_per_floor":[75,68,65,64,64,64,50,50,50,39,57,57,57,53,53,32,75,73,73,73,59,75,75,59,59,59,42,42,42,43,43,65,0],"gold":7,"neow_bonus":"RANDOM_COMMON_RELIC","is_prod":false,"is_daily":false,"chose_seed":false,"campfire_upgraded":5,"win_rate":0,"timestamp":1541498323,"path_taken":["M","?","?","M","M","R","E","?","T","?","?","?","R","M","R","BOSS","M","?","?","M","?","R","M","R","T","M","R","$","M","?","R","BOSS"],"build_version":"2018-11-02","purchased_purges":0,"victory":false,"max_hp_per_floor":[75,75,75,75,75,75,75,75,75,75,75,75,75,75,75,75,75,75,75,75,75,75,75,75,75,75,75,75,75,75,75,75,75],"card_choices":[{"not_picked":["Sweeping Beam","Turbo"],"picked":"Tempest","floor":1},{"not_picked":["Storm","Rip and Tear"],"picked":"Gash","floor":4},{"not_picked":["Rip and Tear","Cold Snap"],"picked":"Gash","floor":5},{"not_picked":["Hologram","Buffer"],"picked":"Streamline","floor":7},{"not_picked":["Beam Cell","Gash"],"picked":"Go for the Eyes","floor":10},{"not_picked":["Darkness","Recycle"],"picked":"Leap","floor":14},{"not_picked":["Multi-Cast","Fission"],"picked":"Amplify","floor":16},{"not_picked":["Compile Driver+1","Skim"],"picked":"Cold Snap+1","floor":18},{"not_picked":["Loop","Steam Power"],"picked":"Double Energy+1","floor":21},{"not_picked":["Undo","Go for the Eyes"],"picked":"White Noise","floor":24},{"not_picked":["Reinforced Body+1","Glacier"],"picked":"Leap+1","floor":27},{"not_picked":["Reinforced Body","Go for the Eyes+1"],"picked":"White Noise","floor":30}],"player_experience":191384,"relics_obtained":[{"floor":7,"key":"War Paint"},{"floor":9,"key":"Vajra"},{"floor":12,"key":"Omamori"},{"floor":12,"key":"Bag of Marbles"},{"floor":26,"key":"Blood Vial"},{"floor":31,"key":"Darkstone Periapt"}],"event_choices":[{"cards_removed":["Strike_B"],"damage_healed":0,"gold_gain":0,"player_choice":"Card Removal","damage_taken":7,"max_hp_gain":0,"max_hp_loss":0,"event_name":"Golden Wing","floor":2,"gold_loss":0},{"damage_healed":0,"gold_gain":0,"player_choice":"Success","damage_taken":3,"relics_obtained":["Matryoshka"],"max_hp_gain":0,"max_hp_loss":0,"event_name":"Scrap Ooze","floor":3,"gold_loss":0},{"cards_removed":["Strike_B"],"damage_healed":0,"gold_gain":0,"player_choice":"Offered Basic","damage_taken":0,"max_hp_gain":0,"max_hp_loss":0,"event_name":"Bonfire Elementals","floor":8,"gold_loss":0},{"damage_healed":18,"gold_gain":0,"player_choice":"Healed and dodged fight","damage_taken":0,"max_hp_gain":0,"max_hp_loss":0,"event_name":"Mushrooms","floor":11,"gold_loss":0,"cards_obtained":["Parasite"]},{"damage_healed":0,"gold_gain":0,"player_choice":"1 cards matched","damage_taken":0,"max_hp_gain":0,"max_hp_loss":0,"event_name":"Match and Keep!","floor":19,"gold_loss":0,"cards_obtained":["Zap"]},{"damage_healed":25,"gold_gain":0,"player_choice":"Heal","damage_taken":0,"max_hp_gain":0,"max_hp_loss":0,"event_name":"The Library","floor":22,"gold_loss":0}],"is_beta":true,"boss_relics":[{"not_picked":["Sozu","FrozenCore"],"picked":"Ectoplasm"}],"items_purged_floors":[],"is_endless":false,"potions_floor_spawned":[4,7,10,16,21,30],"killed_by":"Automaton","ascension_level":0}