{"gold_per_floor":[110,110,110,35,47,79,79,98,98,129,145,159,177,196,196,273,273,288,288,288,87,107,107,117,135,135,147,182,26,39,55,55,55],"floor_reached":33,"playtime":1234,"items_purged":["Regret","Writhe"],"score":467,"play_id":"6a1d6a9b-5da7-4d17-8bb9-700fe7baedfd","local_time":"20190427120314","is_ascension_mode":true,"campfire_choices":[{"floor":7.0,"key":"REST"},{"floor":15.0,"key":"REST"},{"data":"Juggernaut","floor":23.0,"key":"SMITH"},{"floor":32,"key":"REST"}],"neow_cost":"NONE","seed_source_timestamp":158146532259675,"circlet_count":0,"master_deck":["AscendersBane","Strike_R","Strike_R","Strike_R","Defend_R","Defend_R","Defend_R","Defend_R","Bash","Juggernaut+1","Flame Barrier","Cleave","Iron Wave","Shrug It Off","Flame Barrier","Shrug It Off"],"special_seed":0,"relics":["Burning Blood","Red Skull","Bronze Scales","Bottled Flame","Matryoshka","Busted Crown","Pocketwatch","Champion Belt","Blue Candle","Shuriken","Bag of Preparation","Blood Vial"],"potions_floor_usage":[33],"damage_taken":[{"damage":1.0,"enemies":"Cultist","floor":1.0,"turns":4.0},{"damage":1.0,"enemies":"2 Louse","floor":5.0,"turns":3.0},{"damage":72.0,"enemies":"Gremlin Nob","floor":6.0,"turns":6.0},{"damage":2.0,"enemies":"Jaw Worm","floor":8.0,"turns":4.0},{"damage":29.0,"enemies":"Lagavulin","floor":10.0,"turns":7.0},{"damage":3.0,"enemies":"Blue Slaver","floor":11.0,"turns":4.0},{"damage":6.0,"enemies":"2 Fungi Beasts","floor":12.0,"turns":3.0},{"damage":13.0,"enemies":"Exordium Wildlife","floor":13.0,"turns":4.0},{"damage":0.0,"enemies":"Lots of Slimes","floor":14.0,"turns":2.0},{"damage":25.0,"enemies":"Hexaghost","floor":16.0,"turns":9.0},{"damage":9.0,"enemies":"Shell Parasite","floor":18.0,"turns":6.0},{"damage":3.0,"enemies":"Chosen","floor":22.0,"turns":5.0},{"damage":22.0,"enemies":"Sentry and Sphere","floor":24.0,"turns":5.0},{"damage":0.0,"enemies":"Snecko","floor":25.0,"turns":5.0},{"damage":5.0,"enemies":"Centurion and Healer","floor":27.0,"turns":9.0},{"damage":31.0,"enemies":"Book of Stabbing","floor":28.0,"turns":5.0},{"damage":15,"enemies":"Snake Plant","floor":30,"turns":3},{"damage":8,"enemies":"Shelled Parasite and Fungi","floor":31,"turns":6},{"damage":51,"enemies":"Collector","floor":33,"turns":6}],"seed_played":"-2654344272711611295","potions_obtained":[{"floor":10.0,"key":"Weak Potion"},{"floor":11.0,"key":"EntropicBrew"},{"floor":12.0,"key":"Fire Potion"},{"floor":14.0,"key":"EssenceOfSteel"},{"floor":16.0,"key":"AttackPotion"},{"floor":22.0,"key":"SpeedPotion"}],"is_trial":false,"path_per_floor":["M","?","?","$","M","E","R","M","T","E","M","M","M","M","R","B",null,"M","?","?","$","M","R","M","M","T","M","E","$","M","M","R","B"],"character_chosen":"IRONCLAD","items_purchased":["Flame Barrier","Shrug It Off","Blood Vial"],"campfire_rested":3,"item_purchase_floors":[21,21,29],"current_hp_per_floor":[77,70,70,70,75,9,33,37,37,14,17,17,10,16,40,21,65,62,62,62,62,65,65,49,55,55,56,31,31,24,24,48,0],"gold":55,"neow_bonus":"TRANSFORM_CARD","is_prod":false,"is_daily":false,"chose_seed":false,"campfire_upgraded":1,"win_rate":0,"timestamp":1556388194,"path_taken":["M","?","?","?","M","E","R","M","T","E","M","M","?","M","R","BOSS","M","?","?","$","?","R","M","M","T","M","E","$","?","M","R","BOSS"],"build_version":"2019-01-23","purchased_purges":2,"victory":false,"max_hp_per_floor":[80,80,80,80,80,80,80,80,80,80,80,80,80,80,80,80,80,80,80,80,80,80,80,80,80,80,80,80,80,80,80,80,80],"card_choices":[{"not_picked":["Warcry","Anger","Headbutt"],"picked":"SKIP","floor":1.0},{"not_picked":["Flex","Perfected Strike","Havoc"],"picked":"SKIP","floor":5.0},{"not_picked":["Uppercut","Body Slam"],"picked":"Flame Barrier","floor":6.0},{"not_picked":["Sever Soul","Clash"],"picked":"Cleave","floor":8.0},{"not_picked":["Warcry","Blood for Blood","Headbutt"],"picked":"SKIP","floor":10.0},{"not_picked":["Dark Embrace","True Grit"],"picked":"Iron Wave","floor":11.0},{"not_picked":["Armaments","Infernal Blade","Hemokinesis"],"picked":"SKIP","floor":12.0},{"not_picked":["Disarm","Power Through"],"picked":"Shrug It Off","floor":13.0},{"not_picked":["Havoc","Rampage","Power Through"],"picked":"SKIP","floor":14.0},{"not_picked":["Clash"],"picked":"SKIP","floor":18.0},{"not_picked":["Clash"],"picked":"SKIP","floor":22.0},{"not_picked":["Rampage"],"picked":"SKIP","floor":24.0},{"not_picked":["Body Slam+1"],"picked":"SKIP","floor":25.0},{"not_picked":["Twin Strike"],"picked":"SKIP","floor":27.0},{"not_picked":["Reckless Charge"],"picked":"SKIP","floor":28.0},{"not_picked":["Disarm"],"picked":"SKIP","floor":30},{"not_picked":["Flex"],"picked":"SKIP","floor":31}],"player_experience":549329,"relics_obtained":[{"floor":6.0,"key":"Bronze Scales"},{"floor":9.0,"key":"Bottled Flame"},{"floor":10.0,"key":"Matryoshka"},{"floor":26.0,"key":"Blue Candle"},{"floor":26.0,"key":"Shuriken"},{"floor":28.0,"key":"Bag of Preparation"}],"event_choices":[{"cards_removed":["Strike_R"],"damage_healed":0.0,"max_hp_gain":0.0,"max_hp_loss":0.0,"gold_gain":0.0,"event_name":"Golden Wing","player_choice":"Card Removal","floor":2.0,"gold_loss":0.0,"damage_taken":7.0},{"damage_healed":0.0,"max_hp_gain":0.0,"max_hp_loss":0.0,"gold_gain":0.0,"event_name":"Big Fish","player_choice":"Box","floor":3.0,"gold_loss":0.0,"damage_taken":0.0,"relics_obtained":["Red Skull"],"cards_obtained":["Regret"]},{"damage_healed":0.0,"max_hp_gain":0.0,"max_hp_loss":0.0,"gold_gain":0.0,"event_name":"The Mausoleum","player_choice":"Opened","floor":19.0,"gold_loss":0.0,"damage_taken":0.0,"relics_obtained":["Pocketwatch"],"cards_obtained":["Writhe"]},{"damage_healed":0.0,"max_hp_gain":0.0,"max_hp_loss":0.0,"gold_gain":0.0,"event_name":"WeMeetAgain","player_choice":"Gave Potion","floor":20.0,"gold_loss":0.0,"damage_taken":0.0,"relics_obtained":["Champion Belt"]}],"is_beta":false,"boss_relics":[{"not_picked":["Snecko Eye","White Beast Statue"],"picked":"Busted Crown"}],"items_purged_floors":[4,21],"is_endless":false,"potions_floor_spawned":[10,11,12,14,16,22,24,28,31],"killed_by":"Collector","ascension_level":13}