{"gold_per_floor":[362,287,17,37,55,55,55,89,115,115,127,127,144,144,144,222,222,234,63,83,83,95,95,115,179,179,179,179,179,179,104,104,104],"floor_reached":33,"playtime":1703,"items_purged":[],"score":513,"play_id":"7da743ab-0e6a-44c3-a6f2-7986c359e052","local_time":"20190331005932","is_ascension_mode":true,"campfire_choices":[{"data":"Deadly Poison","floor":6,"key":"SMITH"},{"data":"Neutralize","floor":10,"key":"SMITH"},{"data":"Skewer","floor":12,"key":"SMITH"},{"data":"Noxious Fumes","floor":15,"key":"SMITH"},{"floor":23,"key":"REST"},{"floor":28,"key":"REST"},{"data":"Venomology","floor":32,"key":"SMITH"}],"neow_cost":"TEN_PERCENT_HP_LOSS","seed_source_timestamp":185589896911752,"circlet_count":0,"master_deck":["AscendersBane","Defend_G+1","Defend_G","Defend_G","Defend_G","Defend_G+1","Strike_G","Strike_G","Strike_G","Survivor","Neutralize+1","Flying Knee","Deadly Poison+1","Backstab","Skewer+1","Noxious Fumes+1","Venomology+1","Bane+1","Adrenaline","Escape Plan","Deflect","Deflect"],"relics":["Ring of the Snake","Paper Crane","Vajra","War Paint","Letter Opener","Cursed Key","MutagenicStrength","Tiny Chest"],"potions_floor_usage":[8,16,20,20,24,25,27,27,27,33,33,33],"damage_taken":[{"damage":1,"enemies":"Cultist","floor":1,"turns":5},{"damage":2,"enemies":"Jaw Worm","floor":4,"turns":4},{"damage":0,"enemies":"Small Slimes","floor":5,"turns":4},{"damage":25,"enemies":"3 Sentries","floor":8,"turns":12},{"damage":3,"enemies":"Looter","floor":11,"turns":2},{"damage":0,"enemies":"2 Fungi Beasts","floor":13,"turns":3},{"damage":6,"enemies":"Hexaghost","floor":16,"turns":8},{"damage":21,"enemies":"2 Thieves","floor":18,"turns":4},{"damage":0,"enemies":"Shell Parasite","floor":20,"turns":5},{"damage":32,"enemies":"Cultist and Chosen","floor":22,"turns":6},{"damage":0,"enemies":"Centurion and Healer","floor":24,"turns":3},{"damage":15,"enemies":"Gremlin Leader","floor":25,"turns":6},{"damage":0,"enemies":"Colosseum Slavers","floor":27,"turns":3},{"damage":29,"enemies":"Collector","floor":33,"turns":6}],"seed_played":"9073716649781208691","potions_obtained":[{"floor":5,"key":"Poison Potion"},{"floor":8,"key":"FairyPotion"},{"floor":11,"key":"SteroidPotion"},{"floor":18,"key":"EssenceOfSteel"},{"floor":25,"key":"Fire Potion"}],"is_trial":false,"path_per_floor":["M","?","$","M","M","R","?","E","T","R","M","R","M","T","R","B",null,"M","$","M","?","M","R","M","E","T","?","R","T","T","?","R","B"],"character_chosen":"THE_SILENT","items_purchased":["Paper Crane","Adrenaline"],"campfire_rested":2,"item_purchase_floors":[3,19],"current_hp_per_floor":[58,58,58,56,56,56,61,36,36,36,33,33,33,33,33,27,56,35,35,35,35,3,22,22,7,7,7,26,26,26,26,26,0],"gold":104,"neow_bonus":"TWO_FIFTY_GOLD","is_prod":false,"is_daily":false,"chose_seed":false,"campfire_upgraded":5,"win_rate":0,"timestamp":1554015572,"path_taken":["M","?","$","M","M","R","?","E","T","R","M","R","M","?","R","BOSS","M","$","M","?","M","R","M","E","T","?","R","?","?","?","R","BOSS"],"build_version":"2019-01-23","purchased_purges":0,"victory":false,"max_hp_per_floor":[60,60,60,60,60,60,65,65,65,65,65,65,65,65,65,65,65,65,65,65,65,65,65,65,65,65,65,65,65,65,65,65,65],"card_choices":[{"not_picked":["Outmaneuver","Slice"],"picked":"Flying Knee","floor":1},{"not_picked":["Slice","Heel Hook"],"picked":"Deadly Poison","floor":4},{"not_picked":["Acrobatics","Heel Hook"],"picked":"Backstab","floor":5},{"not_picked":["Accuracy","Crippling Poison","Prepared"],"picked":"SKIP","floor":8},{"not_picked":["Poisoned Stab","Night Terror"],"picked":"Skewer","floor":11},{"not_picked":["PiercingWail","Bane"],"picked":"Noxious Fumes","floor":13},{"not_picked":["Glass Knife","Die Die Die"],"picked":"Venomology","floor":16},{"not_picked":["Flying Knee","Flechettes"],"picked":"Bane+1","floor":18},{"not_picked":["Accuracy","Quick Slash+1"],"picked":"Escape Plan","floor":20},{"not_picked":["Blur","Glass Knife"],"picked":"Deflect","floor":22},{"not_picked":["Flying Knee+1","Dodge and Roll"],"picked":"Deflect","floor":24},{"not_picked":["Riddle With Holes","Reflex","Flying Knee"],"picked":"SKIP","floor":25}],"player_experience":378045,"relics_obtained":[{"floor":8,"key":"Vajra"},{"floor":9,"key":"War Paint"},{"floor":14,"key":"Letter Opener"},{"floor":25,"key":"Tiny Chest"}],"event_choices":[{"cards_removed":["Strike_G"],"damage_healed":0,"gold_gain":0,"player_choice":"Card Removal","damage_taken":0,"max_hp_gain":0,"max_hp_loss":0,"event_name":"The Cleric","floor":2,"gold_loss":75},{"damage_healed":0,"gold_gain":0,"player_choice":"Donut","damage_taken":0,"max_hp_gain":5,"max_hp_loss":0,"event_name":"Big Fish","floor":7,"gold_loss":0},{"damage_healed":0,"gold_gain":0,"player_choice":"Inject Mutagens","damage_taken":0,"relics_obtained":["MutagenicStrength"],"max_hp_gain":0,"max_hp_loss":0,"event_name":"Drug Dealer","floor":21,"gold_loss":0},{"damage_healed":0,"gold_gain":0,"player_choice":"Fight","damage_taken":0,"max_hp_gain":0,"max_hp_loss":0,"event_name":"Colosseum","floor":27,"gold_loss":0},{"damage_healed":0,"gold_gain":0,"player_choice":"Fled From Nobs","damage_taken":0,"max_hp_gain":0,"max_hp_loss":0,"event_name":"Colosseum","floor":27,"gold_loss":0},{"cards_removed":["Strike_G"],"damage_healed":0,"gold_gain":0,"player_choice":"Gave Gold","damage_taken":0,"max_hp_gain":0,"max_hp_loss":0,"event_name":"Beggar","floor":31,"gold_loss":75}],"is_beta":false,"boss_relics":[{"not_picked":["Runic Pyramid","Coffee Dripper"],"picked":"Cursed Key"}],"items_purged_floors":[],"is_endless":false,"potions_floor_spawned":[5,8,11,18,24,25],"killed_by":"Collector","ascension_level":19}