{"gold_per_floor":[119,19,32,32,32,62,62,72,72,91,91,91,112,130,130,130],"floor_reached":16,"playtime":760,"items_purged":[],"score":200,"play_id":"7471a460-6fff-4c0e-9fd4-caeeeb1fd7eb","local_time":"20190331221741","is_ascension_mode":true,"campfire_choices":[{"data":"Venomology","floor":7,"key":"SMITH"},{"data":"Skewer","floor":12,"key":"SMITH"},{"floor":15,"key":"REST"}],"neow_cost":"NONE","seed_source_timestamp":263222914786556,"circlet_count":0,"master_deck":["AscendersBane","Defend_G","Defend_G","Defend_G","Defend_G","Defend_G","Strike_G","Strike_G","Strike_G","Strike_G","Strike_G","Survivor","Neutralize","Venomology+1","Quick Slash","Skewer+1","Flying Knee","Dash","Backflip","Bouncing Flask"],"relics":["Ring of the Snake","Unceasing Top","Shuriken","Odd Mushroom"],"potions_floor_usage":[6,8,10,13,14,16,16],"damage_taken":[{"damage":3,"enemies":"Cultist","floor":1,"turns":5},{"damage":1,"enemies":"Small Slimes","floor":3,"turns":4},{"damage":21,"enemies":"Gremlin Nob","floor":6,"turns":4},{"damage":2,"enemies":"Jaw Worm","floor":8,"turns":3},{"damage":9,"enemies":"Exordium Wildlife","floor":10,"turns":5},{"damage":19,"enemies":"The Mushroom Lair","floor":13,"turns":4},{"damage":10,"enemies":"Large Slime","floor":14,"turns":5},{"damage":39,"enemies":"Hexaghost","floor":16,"turns":9}],"seed_played":"1477861851381433119","potions_obtained":[{"floor":1,"key":"SpeedPotion"}],"is_trial":false,"path_per_floor":["M","$","M","$","?","E","R","M","T","M","?","R","?","M","R","B"],"character_chosen":"THE_SILENT","items_purchased":["Quick Slash","Skewer"],"campfire_rested":1,"item_purchase_floors":[2,2],"current_hp_per_floor":[56,56,55,55,55,34,34,32,32,23,45,45,26,16,35,0],"gold":130,"neow_bonus":"ONE_RANDOM_RARE_CARD","is_prod":false,"is_daily":false,"chose_seed":false,"campfire_upgraded":2,"win_rate":0,"timestamp":1554092261,"path_taken":["M","$","?","?","?","E","R","M","T","?","?","R","?","M","R","BOSS"],"build_version":"2019-01-23","purchased_purges":0,"victory":false,"max_hp_per_floor":[66,66,66,66,66,66,66,66,66,66,66,66,66,66,66,66],"card_choices":[{"not_picked":["Concentrate","Bane","Crippling Poison"],"picked":"SKIP","floor":1},{"not_picked":["Underhanded Strike","Acrobatics"],"picked":"Flying Knee","floor":3},{"not_picked":["Blade Dance","Deflect","Quick Slash"],"picked":"SKIP","floor":6},{"not_picked":["Dagger Spray","Outmaneuver"],"picked":"Dash","floor":8},{"not_picked":["Outmaneuver","Bane"],"picked":"Backflip","floor":10},{"not_picked":["Blur","Flechettes"],"picked":"Bouncing Flask","floor":13},{"not_picked":["Dodge and Roll","Poisoned Stab","Outmaneuver"],"picked":"SKIP","floor":14}],"player_experience":398736,"relics_obtained":[{"floor":6,"key":"Unceasing Top"},{"floor":9,"key":"Shuriken"},{"floor":13,"key":"Odd Mushroom"}],"event_choices":[{"damage_healed":0,"gold_gain":0,"player_choice":"Leave","damage_taken":0,"max_hp_gain":0,"max_hp_loss":0,"event_name":"The Cleric","floor":5,"gold_loss":0},{"damage_healed":22,"gold_gain":0,"player_choice":"Banana","damage_taken":0,"max_hp_gain":0,"max_hp_loss":0,"event_name":"Big Fish","floor":11,"gold_loss":0},{"damage_healed":0,"gold_gain":0,"player_choice":"Fought Mushrooms","damage_taken":0,"max_hp_gain":0,"max_hp_loss":0,"event_name":"Mushrooms","floor":13,"gold_loss":0}],"is_beta":false,"boss_relics":[],"items_purged_floors":[],"is_endless":false,"potions_floor_spawned":[1,10],"killed_by":"Hexaghost","ascension_level":20}