{"path_per_floor":["M","?","M","?","$","E","T","E","T","M","$","R","E","M","R","B",null,"M","?","$","?","M","R","E","M","T","M","R","?","M","M","R","B",null,"M","?","?"],"character_chosen":"THE_SILENT","items_purchased":["Backstab","Kunai"],"gold_per_floor":[112,112,127,127,46,80,104,132,159,172,97,97,132,149,149,245,245,261,261,10,10,25,25,55,74,74,87,87,10,27,40,40,136,136,151,151,151,151],"floor_reached":38,"campfire_rested":1,"playtime":1740,"current_hp_per_floor":[65,70,59,59,59,46,46,38,38,38,38,38,34,34,34,23,75,60,46,46,46,36,36,24,9,9,23,47,47,44,49,49,25,82,59,59,59,0],"items_purged":["Strike_G"],"gold":151,"score":412,"play_id":"899f1143-f38e-411f-8457-c7af0dbcca32","local_time":"20180524215738","is_prod":false,"is_daily":false,"chose_seed":false,"is_ascension_mode":false,"campfire_upgraded":4,"timestamp":1527163058,"campfire_choices":[{"data":"Infinite Blades","floor":12,"key":"SMITH"},{"data":"Infinite Blades","floor":15,"key":"SMITH"},{"data":"Skewer","floor":23,"key":"SMITH"},{"floor":28,"key":"REST"},{"data":"Choke","floor":32,"key":"SMITH"}],"path_taken":["M","?","?","?","?","E","?","E","T","M","$","R","E","M","R","BOSS","M","?","$","?","?","R","E","M","T","M","R","?","M","M","R","BOSS","M","?","?","BOSS"],"build_version":"2018-05-17","seed_source_timestamp":45560278961181,"purchased_purges":1,"victory":false,"master_deck":["Defend_G","Defend_G","Defend_G","Strike_G+1","Strike_G","Strike_G+1","Strike_G","Survivor","Neutralize","Skewer+1","PiercingWail","Infinite Blades+1","Backstab","Flying Knee","Prepared+1","Cloak And Dagger+1","Infinite Blades+1","Terror+1","Distraction+1","Crippling Poison+1","Cloak And Dagger+1","Predator+1","J.A.X.+1","Deflect+1","Choke+1","After Image","Slice","Finisher"],"max_hp_per_floor":[70,75,75,75,75,75,75,75,75,75,75,75,75,75,75,75,75,75,80,80,80,80,80,80,80,80,82,82,82,82,82,82,82,82,82,82,82,82],"relics":["Runic Dome","Paper Crane","Bronze Scales","Toxic Egg 2","Art of War","Whetstone","Sozu","Kunai","Singing Bowl","Meat on the Bone","Cursed Key"],"card_choices":[{"not_picked":["Dagger Spray","Terror"],"picked":"Skewer","floor":1},{"not_picked":["Catalyst","Noxious Fumes"],"picked":"PiercingWail","floor":3},{"not_picked":["Underhanded Strike","Slice"],"picked":"Flying Knee","floor":6},{"not_picked":["Poisoned Stab","Deflect"],"picked":"Prepared","floor":8},{"not_picked":["Dodge and Roll+1","Underhanded Strike"],"picked":"Cloak And Dagger+1","floor":10},{"not_picked":["Tactician+1","Blur+1"],"picked":"Infinite Blades","floor":13},{"not_picked":["Dodge and Roll+1","Deadly Poison+1"],"picked":"Terror+1","floor":14},{"not_picked":["PiercingWail+1","Bane+1"],"picked":"Distraction+1","floor":18},{"not_picked":["Cloak And Dagger+1","Poisoned Stab+1"],"picked":"Crippling Poison+1","floor":22},{"not_picked":["Underhanded Strike","Acrobatics+1"],"picked":"Cloak And Dagger+1","floor":24},{"not_picked":["Dodge and Roll+1","Poisoned Stab"],"picked":"Predator+1","floor":25},{"not_picked":["Cloak And Dagger+1","Quick Slash","Reflex+1"],"picked":"Singing Bowl","floor":27},{"not_picked":["Endless Agony","Footwork"],"picked":"Deflect+1","floor":30},{"not_picked":["Sucker Punch","Cloak And Dagger+1"],"picked":"Choke","floor":31},{"not_picked":["Die Die Die","Glass Knife"],"picked":"After Image","floor":33},{"not_picked":["Caltrops+1","Escape Plan+1"],"picked":"Slice","floor":35}],"player_experience":75056,"potions_floor_usage":[13,38],"damage_taken":[{"damage":5,"enemies":"Small Slimes","floor":1,"turns":4},{"damage":11,"enemies":"Jaw Worm","floor":3,"turns":4},{"damage":13,"enemies":"Gremlin Nob","floor":6,"turns":4},{"damage":8,"enemies":"Lagavulin","floor":8,"turns":7},{"damage":0,"enemies":"Cultist","floor":10,"turns":3},{"damage":4,"enemies":"Gremlin Nob","floor":13,"turns":3},{"damage":0,"enemies":"Large Slime","floor":14,"turns":4},{"damage":11,"enemies":"Slime Boss","floor":16,"turns":10},{"damage":15,"enemies":"2 Thieves","floor":18,"turns":4},{"damage":10,"enemies":"Shell Parasite","floor":22,"turns":4},{"damage":12,"enemies":"Book of Stabbing","floor":24,"turns":4},{"damage":15,"enemies":"Snake Plant","floor":25,"turns":3},{"damage":0,"enemies":"Centurion and Healer","floor":27,"turns":4},{"damage":3,"enemies":"Cultist and Chosen","floor":30,"turns":4},{"damage":7,"enemies":"3 Cultists","floor":31,"turns":4},{"damage":36,"enemies":"Champ","floor":33,"turns":7},{"damage":23,"enemies":"3 Shapes","floor":35,"turns":4},{"damage":64,"enemies":"Awakened One","floor":38,"turns":10}],"relics_obtained":[{"floor":6,"key":"Paper Crane"},{"floor":7,"key":"Bronze Scales"},{"floor":8,"key":"Toxic Egg 2"},{"floor":9,"key":"Art of War"},{"floor":13,"key":"Whetstone"},{"floor":24,"key":"Singing Bowl"},{"floor":26,"key":"Meat on the Bone"}],"event_choices":[{"event_name":"Big Fish","player_choice":"Donut","floor":2,"damage_taken":0},{"event_name":"Transmorgrifier","player_choice":"Transform","floor":4,"damage_taken":0},{"event_name":"Forgotten Altar","player_choice":"Shed Blood","floor":19,"damage_taken":0},{"event_name":"Ghosts","player_choice":"Ignored","floor":21,"damage_taken":0},{"event_name":"Drug Dealer","player_choice":"Got JAXXED","floor":29,"damage_taken":0},{"event_name":"Transmorgrifier","player_choice":"Transform","floor":36,"damage_taken":0},{"event_name":"SecretPortal","player_choice":"Took Portal.","floor":37,"damage_taken":0}],"boss_relics":[{"not_picked":["Lizard Tail","Philosopher\u0027s Stone"],"picked":"Sozu"},{"not_picked":["Velvet Choker","Pandora\u0027s Box"],"picked":"Cursed Key"}],"potions_floor_spawned":[8,10,25,27],"seed_played":"-1868395627583248066","killed_by":"Awakened One","ascension_level":0,"potions_obtained":[{"floor":8,"key":"EssenceOfSteel"},{"floor":10,"key":"SpeedPotion"}],"is_trial":false}