{"gold_per_floor":[210,210,210,224,235,235,185,213,236,271,271,100,100,54,54,128,128,128,128,78,78,78,78,78,78,78,78,78,78,78,78,78,78],"floor_reached":33,"playtime":1439,"items_purged":["Strike_R"],"score":468,"play_id":"4662e699-24a0-4251-90d2-fd5ed5e0318f","local_time":"20190527201537","is_ascension_mode":true,"campfire_choices":[{"data":"Anger","floor":6.0,"key":"SMITH"},{"data":"Demon Form","floor":11.0,"key":"SMITH"},{"data":"Clothesline","floor":13.0,"key":"SMITH"},{"floor":15.0,"key":"REST"},{"data":"Heavy Blade","floor":23.0,"key":"SMITH"},{"data":"Armaments","floor":25.0,"key":"SMITH"},{"floor":30.0,"key":"REST"},{"floor":32.0,"key":"REST"}],"neow_cost":"NONE","seed_source_timestamp":3526450907763867,"circlet_count":0,"master_deck":["AscendersBane","Strike_R","Strike_R","Strike_R","Defend_R","Defend_R","Defend_R","Defend_R","Bash+1","Flame Barrier","Anger+1","Sword Boomerang","Demon Form+1","Clothesline+1","Pommel Strike","Armaments+1","Immolate","Shrug It Off","Heavy Blade+1","Pummel","Battle Trance","True Grit+1","True Grit"],"special_seed":0,"relics":["Burning Blood","Bronze Scales","Centennial Puzzle","Kunai","Ectoplasm","Pen Nib","Dodecahedron"],"potions_floor_usage":[],"damage_taken":[{"damage":6.0,"enemies":"Cultist","floor":1.0,"turns":4.0},{"damage":0.0,"enemies":"Small Slimes","floor":4.0,"turns":3.0},{"damage":5.0,"enemies":"2 Louse","floor":5.0,"turns":3.0},{"damage":32.0,"enemies":"Gremlin Nob","floor":8.0,"turns":4.0},{"damage":18.0,"enemies":"3 Sentries","floor":10.0,"turns":6.0},{"damage":23.0,"enemies":"Slime Boss","floor":16.0,"turns":4.0},{"damage":5.0,"enemies":"Shell Parasite","floor":18.0,"turns":5.0},{"damage":7.0,"enemies":"Chosen","floor":19.0,"turns":3.0},{"damage":12.0,"enemies":"Snake Plant","floor":21.0,"turns":5.0},{"damage":6.0,"enemies":"Cultist and Chosen","floor":22.0,"turns":5.0},{"damage":7.0,"enemies":"Snecko","floor":24.0,"turns":4.0},{"damage":31.0,"enemies":"Gremlin Leader","floor":27.0,"turns":5.0},{"damage":9.0,"enemies":"Snake Plant","floor":28.0,"turns":4.0},{"damage":19.0,"enemies":"3 Cultists","floor":29.0,"turns":3.0},{"damage":64,"enemies":"Collector","floor":33,"turns":6}],"seed_played":"6984785656538439914","potions_obtained":[{"floor":4.0,"key":"FearPotion"},{"floor":5.0,"key":"Explosive Potion"},{"floor":16.0,"key":"FearPotion"},{"floor":18.0,"key":"Block Potion"},{"floor":22.0,"key":"PowerPotion"}],"is_trial":false,"path_per_floor":["M","?","?","M","M","R","?","E","T","E","R","$","R","$","R","B",null,"M","M","?","M","M","R","M","R","T","E","M","M","R","?","R","B"],"character_chosen":"IRONCLAD","items_purchased":["Pommel Strike","Fire Potion","Armaments"],"campfire_rested":3,"item_purchase_floors":[12,12,14],"current_hp_per_floor":[68,68,68,74,75,75,75,49,49,37,37,37,37,37,59,42,67,68,67,67,61,61,61,60,60,60,35,32,19,41,41,63,0],"gold":78,"neow_bonus":"HUNDRED_GOLD","is_prod":false,"is_daily":false,"chose_seed":false,"campfire_upgraded":5,"win_rate":0,"timestamp":1559002537,"path_taken":["M","?","?","?","M","R","?","E","T","E","R","$","R","$","R","BOSS","M","M","?","M","?","R","M","R","T","E","?","?","R","?","R","BOSS"],"build_version":"2019-01-23","purchased_purges":1,"victory":false,"max_hp_per_floor":[75,75,75,75,75,75,75,75,75,75,75,75,75,75,75,75,75,75,75,75,75,75,75,75,75,75,75,75,75,75,75,75,75],"card_choices":[{"not_picked":["Havoc","Infernal Blade"],"picked":"Flame Barrier","floor":1.0},{"not_picked":["Wild Strike","Sever Soul"],"picked":"Anger","floor":4.0},{"not_picked":["Body Slam","Offering"],"picked":"Sword Boomerang","floor":5.0},{"not_picked":["Second Wind","Reckless Charge"],"picked":"Demon Form","floor":8.0},{"not_picked":["Barricade","Metallicize"],"picked":"Clothesline","floor":10.0},{"not_picked":["Dark Embrace","Offering"],"picked":"Immolate","floor":16.0},{"not_picked":["Twin Strike","Corruption"],"picked":"Shrug It Off","floor":18.0},{"not_picked":["Armaments","Anger"],"picked":"Heavy Blade","floor":19.0},{"not_picked":["Iron Wave","Thunderclap"],"picked":"Pummel","floor":21.0},{"not_picked":["Pommel Strike","Clash"],"picked":"Battle Trance","floor":22.0},{"not_picked":["Carnage+1","Iron Wave","Sentinel"],"picked":"SKIP","floor":24.0},{"not_picked":["Carnage+1","Iron Wave","Sentinel"],"picked":"SKIP","floor":24.0},{"not_picked":["Body Slam","Clothesline"],"picked":"True Grit+1","floor":27.0},{"not_picked":["Uppercut","Warcry","True Grit"],"picked":"SKIP","floor":28.0},{"not_picked":["Uppercut","Warcry"],"picked":"True Grit","floor":28.0},{"not_picked":["Ghostly Armor","Dual Wield","Warcry+1"],"picked":"SKIP","floor":29.0}],"player_experience":166664,"relics_obtained":[{"floor":8.0,"key":"Bronze Scales"},{"floor":9.0,"key":"Centennial Puzzle"},{"floor":10.0,"key":"Kunai"},{"floor":26.0,"key":"Pen Nib"},{"floor":27.0,"key":"Dodecahedron"}],"event_choices":[{"damage_healed":0.0,"max_hp_gain":0.0,"max_hp_loss":0.0,"gold_gain":0.0,"event_name":"Liars Game","player_choice":"Ignored","floor":2.0,"gold_loss":0.0,"damage_taken":0.0},{"damage_healed":0.0,"max_hp_gain":0.0,"max_hp_loss":0.0,"gold_gain":0.0,"event_name":"Upgrade Shrine","player_choice":"Upgraded","floor":3.0,"gold_loss":0.0,"damage_taken":0.0,"cards_upgraded":["Bash"]},{"cards_removed":["Strike_R"],"damage_healed":0.0,"max_hp_gain":0.0,"max_hp_loss":0.0,"gold_gain":0.0,"event_name":"The Cleric","player_choice":"Card Removal","floor":7.0,"gold_loss":50.0,"damage_taken":0.0},{"damage_healed":0.0,"max_hp_gain":0.0,"max_hp_loss":0.0,"gold_gain":0.0,"event_name":"The Joust","player_choice":"Bet on Owner","floor":20.0,"gold_loss":50.0,"damage_taken":0.0},{"damage_healed":0.0,"max_hp_gain":0.0,"max_hp_loss":0.0,"gold_gain":0.0,"event_name":"Ghosts","player_choice":"Ignored","floor":31.0,"gold_loss":0.0,"damage_taken":0.0}],"is_beta":false,"boss_relics":[{"not_picked":["Coffee Dripper","Eternal Feather"],"picked":"Ectoplasm"}],"items_purged_floors":[12],"is_endless":false,"potions_floor_spawned":[4,5,16,18,19,22,24],"killed_by":"Collector","ascension_level":14}