{"gold_per_floor":[118,118,118,139,64,64,95,95,395,6,44,76,123,160,172,184],"floor_reached":16,"playtime":455,"items_purged":["Defend_R"],"score":184,"play_id":"264ed36a-e0cd-4737-b874-9e458bb4dbbe","local_time":"20190519232321","is_ascension_mode":true,"campfire_choices":[{"data":"Inflame","floor":6,"key":"SMITH"},{"data":"Carnage","floor":8,"key":"SMITH"},{"floor":15,"key":"REST"}],"neow_cost":"NONE","seed_source_timestamp":1470857247173404,"circlet_count":0,"master_deck":["AscendersBane","Strike_R","Strike_R","Strike_R","Strike_R","Defend_R","Defend_R","Defend_R","Bash","Shrug It Off+1","Metallicize","Inflame+1","Carnage+1"],"relics":["Burning Blood","Golden Idol","Blood Vial","Old Coin","Girya","MawBank","Odd Mushroom"],"potions_floor_usage":[16],"damage_taken":[{"damage":2,"enemies":"Jaw Worm","floor":1,"turns":7},{"damage":3,"enemies":"2 Louse","floor":4,"turns":3},{"damage":36,"enemies":"Lagavulin","floor":7,"turns":7},{"damage":36,"enemies":"3 Sentries","floor":11,"turns":8},{"damage":0,"enemies":"Cultist","floor":12,"turns":3},{"damage":17,"enemies":"The Mushroom Lair","floor":13,"turns":4},{"damage":3,"enemies":"Blue Slaver","floor":14,"turns":3},{"damage":54,"enemies":"Hexaghost","floor":16,"turns":9}],"seed_played":"8593189877194856651","potions_obtained":[{"floor":1,"key":"Regen Potion"},{"floor":13,"key":"Fire Potion"}],"is_trial":false,"path_per_floor":["M","?","?","M","$","R","E","R","T","$","E","M","?","M","R","B"],"character_chosen":"IRONCLAD","items_purchased":["Inflame","Girya"],"campfire_rested":1,"item_purchase_floors":[5,10],"current_hp_per_floor":[72,72,69,69,69,69,39,39,39,39,11,19,10,15,35,0],"gold":184,"neow_bonus":"TRANSFORM_CARD","is_prod":false,"is_daily":false,"chose_seed":false,"campfire_upgraded":2,"win_rate":0,"timestamp":1558329801,"path_taken":["M","?","?","M","$","R","E","R","T","?","E","?","?","M","R","BOSS"],"build_version":"2019-01-23","purchased_purges":1,"victory":false,"max_hp_per_floor":[75,75,69,69,69,69,69,69,69,69,69,69,69,69,69,69],"card_choices":[{"not_picked":["Hemokinesis","Power Through","Shrug It Off"],"picked":"SKIP","floor":1},{"not_picked":["Shrug It Off","Anger"],"picked":"Metallicize","floor":4},{"not_picked":["Ghostly Armor","Seeing Red"],"picked":"Carnage","floor":7},{"not_picked":["Thunderclap","Fiend Fire","Armaments"],"picked":"SKIP","floor":11},{"not_picked":["Dual Wield","Anger","Iron Wave"],"picked":"SKIP","floor":12},{"not_picked":["True Grit","Combust","Reckless Charge"],"picked":"SKIP","floor":14}],"player_experience":572497,"relics_obtained":[{"floor":7,"key":"Blood Vial"},{"floor":9,"key":"Old Coin"},{"floor":11,"key":"MawBank"},{"floor":13,"key":"Odd Mushroom"}],"event_choices":[{"damage_healed":0,"gold_gain":0,"player_choice":"Grow","damage_taken":0,"max_hp_gain":0,"max_hp_loss":0,"event_name":"Living Wall","floor":2,"gold_loss":0,"cards_upgraded":["Shrug It Off"]},{"damage_healed":0,"gold_gain":0,"player_choice":"Lose Max HP","damage_taken":0,"relics_obtained":["Golden Idol"],"max_hp_gain":0,"max_hp_loss":6,"event_name":"Golden Idol","floor":3,"gold_loss":0},{"damage_healed":0,"gold_gain":0,"player_choice":"Fought Mushrooms","damage_taken":0,"max_hp_gain":0,"max_hp_loss":0,"event_name":"Mushrooms","floor":13,"gold_loss":0}],"is_beta":false,"boss_relics":[],"items_purged_floors":[10],"is_endless":false,"potions_floor_spawned":[1,13],"killed_by":"Hexaghost","ascension_level":14}