{"gold_per_floor":[112,124,124,142,156,156,84,84,109,129,155,155,169,202,202,306,306,324,324,324,338,350,350,360,392,392,392,408,36,64,64,64,165,165,183,0,11,11,11,11,39,39,39,54,73,73,23,35,35,35],"floor_reached":51,"playtime":1596,"items_purged":["Parasite","Strike_R+1"],"score":1291,"play_id":"0fc28d70-30c9-4aee-854c-9d5e6cb56cce","local_time":"20190426010817","is_ascension_mode":true,"campfire_choices":[{"data":"Inflame","floor":6.0,"key":"SMITH"},{"data":"Heavy Blade","floor":8.0,"key":"SMITH"},{"data":"Flex","floor":15.0,"key":"SMITH"},{"data":"Ghostly","floor":23.0,"key":"SMITH"},{"data":"Ghostly","floor":27.0,"key":"SMITH"},{"data":"1","floor":32.0,"key":"LIFT"},{"data":"2","floor":40,"key":"LIFT"},{"data":"3","floor":42,"key":"LIFT"},{"data":"Ghostly","floor":46,"key":"SMITH"},{"data":"Panacea","floor":49,"key":"SMITH"}],"neow_cost":"NONE","seed_source_timestamp":31998597023016,"circlet_count":0,"master_deck":["AscendersBane","Strike_R+1","Strike_R+1","Strike_R+1","Strike_R+1","Defend_R+1","Defend_R+1","Defend_R+1","Bash","Inflame+1","Heavy Blade+1","Metallicize","Heavy Blade+1","Flex+1","Cleave","Necronomicurse","Ghostly+1","Ghostly+1","Ghostly","Ghostly","Ghostly+1","Panacea+1"],"special_seed":0,"relics":["Burning Blood","NeowsBlessing","Juzu Bracelet","Blood Vial","Pen Nib","Cursed Key","Necronomicon","Oddly Smooth Stone","Orichalcum","Girya","Smiling Mask","Runic Pyramid","Red Mask","Omamori"],"potions_floor_usage":[33,33,50,50],"damage_taken":[{"damage":0.0,"enemies":"2 Louse","floor":1.0,"turns":1.0},{"damage":0.0,"enemies":"Cultist","floor":2.0,"turns":1.0},{"damage":0.0,"enemies":"Small Slimes","floor":4.0,"turns":1.0},{"damage":13.0,"enemies":"Exordium Wildlife","floor":5.0,"turns":5.0},{"damage":6.0,"enemies":"2 Fungi Beasts","floor":10.0,"turns":4.0},{"damage":40.0,"enemies":"3 Sentries","floor":11.0,"turns":9.0},{"damage":14.0,"enemies":"Looter","floor":13.0,"turns":3.0},{"damage":14.0,"enemies":"Gremlin Nob","floor":14.0,"turns":4.0},{"damage":5.0,"enemies":"Slime Boss","floor":16.0,"turns":6.0},{"damage":39.0,"enemies":"2 Thieves","floor":18.0,"turns":4.0},{"damage":2.0,"enemies":"Chosen","floor":21.0,"turns":3.0},{"damage":3.0,"enemies":"Snake Plant","floor":22.0,"turns":3.0},{"damage":1.0,"enemies":"Centurion and Healer","floor":24.0,"turns":4.0},{"damage":1.0,"enemies":"Gremlin Leader","floor":25.0,"turns":7.0},{"damage":0.0,"enemies":"Snecko","floor":28.0,"turns":6.0},{"damage":0.0,"enemies":"Slavers","floor":30.0,"turns":5.0},{"damage":20,"enemies":"Automaton","floor":33,"turns":10},{"damage":0,"enemies":"Orb Walker","floor":35,"turns":3},{"damage":0,"enemies":"3 Darklings","floor":37,"turns":3},{"damage":0,"enemies":"Giant Head","floor":41,"turns":6},{"damage":0,"enemies":"Spire Growth","floor":44,"turns":3},{"damage":0,"enemies":"Maw","floor":45,"turns":4},{"damage":0,"enemies":"Sphere and 2 Shapes","floor":48,"turns":5},{"damage":9,"enemies":"Time Eater","floor":50,"turns":5}],"seed_played":"-4183227767608948307","potions_obtained":[{"floor":4.0,"key":"Block Potion"},{"floor":5.0,"key":"FearPotion"},{"floor":13.0,"key":"BloodPotion"},{"floor":14.0,"key":"Swift Potion"},{"floor":16.0,"key":"LiquidBronze"},{"floor":24.0,"key":"SpeedPotion"},{"floor":25.0,"key":"GamblersBrew"},{"floor":37,"key":"Poison Potion"},{"floor":41,"key":"PowerPotion"}],"is_trial":false,"path_per_floor":["M","M","?","M","M","R","$","R","T","M","E","?","M","E","R","B",null,"M","?","?","M","M","R","M","E","T","R","M","$","E","?","R","B",null,"M","?","M","?","$","R","E","R","T","M","M","R","$","M","R","B",null],"character_chosen":"IRONCLAD","items_purchased":["Metallicize","Girya"],"campfire_rested":0,"item_purchase_floors":[7,29],"current_hp_per_floor":[78,80,80,80,73,73,73,73,73,73,39,39,33,35,35,38,70,39,23,23,29,34,34,40,40,40,40,40,37,37,37,37,23,34,37,37,37,37,37,37,37,37,37,37,37,37,37,37,37,34],"gold":35,"neow_bonus":"THREE_ENEMY_KILL","is_prod":false,"is_daily":false,"chose_seed":false,"campfire_upgraded":7,"win_rate":0,"timestamp":1556262497,"path_taken":["M","M","?","?","M","R","?","R","T","M","E","?","M","E","R","BOSS","M","?","?","M","M","R","M","E","T","R","M","$","E","?","R","BOSS","M","?","M","?","$","R","E","R","T","M","M","R","$","M","R","BOSS"],"build_version":"2019-01-23","purchased_purges":2,"victory":true,"max_hp_per_floor":[80,80,80,80,80,80,80,80,80,80,80,80,80,80,80,80,80,80,80,40,40,40,40,40,40,40,40,40,37,37,37,37,37,37,37,37,37,37,37,37,37,37,37,37,37,37,37,37,37,37],"card_choices":[{"not_picked":["Wild Strike","Body Slam","Sentinel"],"picked":"SKIP","floor":1.0},{"not_picked":["Body Slam","Intimidate"],"picked":"Inflame","floor":2.0},{"not_picked":["Reckless Charge","Body Slam","Havoc"],"picked":"SKIP","floor":4.0},{"not_picked":["Clothesline","Reckless Charge"],"picked":"Heavy Blade","floor":5.0},{"not_picked":["Armaments","Dropkick"],"picked":"Heavy Blade","floor":10.0},{"not_picked":["Ghostly Armor","Twin Strike"],"picked":"Flex","floor":11.0},{"not_picked":["Heavy Blade","Sword Boomerang","Evolve"],"picked":"SKIP","floor":13.0},{"not_picked":["Heavy Blade","Anger","Havoc"],"picked":"SKIP","floor":14.0},{"not_picked":["Rage","Clothesline"],"picked":"Cleave","floor":18.0},{"not_picked":["Havoc+1","Pommel Strike","True Grit+1"],"picked":"SKIP","floor":21.0},{"not_picked":["Flex+1","Evolve+1","Feel No Pain"],"picked":"SKIP","floor":22.0},{"not_picked":["Rage+1","Flex","Anger+1"],"picked":"SKIP","floor":24.0},{"not_picked":["Juggernaut","Thunderclap","Wild Strike"],"picked":"SKIP","floor":25.0},{"not_picked":["Dual Wield+1","Clash","Second Wind+1"],"picked":"SKIP","floor":28.0},{"not_picked":["Power Through","Feed","Searing Blow+1"],"picked":"SKIP","floor":30.0},{"not_picked":["Clash","Feel No Pain+1","Iron Wave"],"picked":"SKIP","floor":35},{"not_picked":["Combust","Rupture","Iron Wave+1"],"picked":"SKIP","floor":37},{"not_picked":["Impatience","Discovery"],"picked":"Panacea","floor":38},{"not_picked":["Twin Strike","Body Slam+1","Shrug It Off"],"picked":"SKIP","floor":41},{"not_picked":["Disarm+1","Warcry+1","Dual Wield+1"],"picked":"SKIP","floor":44},{"not_picked":["Whirlwind+1","Headbutt","Spot Weakness+1"],"picked":"SKIP","floor":45},{"not_picked":["Power Through+1","Thunderclap","Searing Blow"],"picked":"SKIP","floor":48}],"player_experience":540727,"relics_obtained":[{"floor":9.0,"key":"Juzu Bracelet"},{"floor":11.0,"key":"Blood Vial"},{"floor":14.0,"key":"Pen Nib"},{"floor":19.0,"key":"Necronomicon"},{"floor":25.0,"key":"Oddly Smooth Stone"},{"floor":26.0,"key":"Orichalcum"},{"floor":30.0,"key":"Smiling Mask"},{"floor":41,"key":"Omamori"}],"event_choices":[{"cards_removed":["Defend_R"],"damage_healed":0.0,"max_hp_gain":0.0,"max_hp_loss":0.0,"gold_gain":0.0,"event_name":"Bonfire Elementals","player_choice":"Offered Basic","floor":3.0,"gold_loss":0.0,"damage_taken":0.0},{"damage_healed":0.0,"max_hp_gain":0.0,"max_hp_loss":0.0,"gold_gain":0.0,"event_name":"Living Wall","player_choice":"Grow","floor":12.0,"gold_loss":0.0,"damage_taken":0.0,"cards_upgraded":["Heavy Blade"]},{"damage_healed":0.0,"max_hp_gain":0.0,"max_hp_loss":0.0,"gold_gain":0.0,"event_name":"Cursed Tome","player_choice":"Obtained Book","floor":19.0,"gold_loss":0.0,"damage_taken":16.0},{"damage_healed":0.0,"max_hp_gain":0.0,"max_hp_loss":40.0,"gold_gain":0.0,"event_name":"Ghosts","player_choice":"Became a Ghost","floor":20.0,"gold_loss":0.0,"damage_taken":0.0,"cards_obtained":["Ghostly","Ghostly","Ghostly","Ghostly","Ghostly"]},{"damage_healed":0.0,"max_hp_gain":0.0,"max_hp_loss":0.0,"gold_gain":0.0,"event_name":"Back to Basics","player_choice":"Simplicity","floor":31.0,"gold_loss":0.0,"damage_taken":0.0,"cards_upgraded":["Strike_R","Strike_R","Strike_R","Strike_R","Strike_R","Defend_R","Defend_R","Defend_R"]},{"damage_healed":0,"gold_gain":0,"player_choice":"Paid","damage_taken":0,"relics_obtained":["Red Mask"],"max_hp_gain":0,"max_hp_loss":0,"event_name":"Tomb of Lord Red Mask","floor":36,"gold_loss":183},{"damage_healed":0,"gold_gain":0,"player_choice":"Memory 1","damage_taken":0,"max_hp_gain":0,"max_hp_loss":0,"event_name":"SensoryStone","floor":38,"gold_loss":0}],"is_beta":false,"boss_relics":[{"not_picked":["Eternal Feather","Lizard Tail"],"picked":"Cursed Key"},{"not_picked":["Astrolabe","Snecko Eye"],"picked":"Runic Pyramid"}],"items_purged_floors":[29,47],"is_endless":false,"potions_floor_spawned":[4,5,11,13,14,16,24,25,30,37,41],"ascension_level":11}