{"gold_per_floor":[13,31,31,43,58,93,111,111,111,145,164,164,183,198,198,295,295,276,71,84,103,116,146,146,174,174,174,99,115,115,140,140,245,245,255,266,266,281,331,356,356,389,415,415,127,127,140,0,0,0],"floor_reached":51,"playtime":5695,"items_purged":["Masterful Stab+1"],"score":912,"play_id":"c36bd11c-a8f6-478c-998e-16a7202ae365","local_time":"20190603225317","is_ascension_mode":true,"campfire_choices":[{"floor":8,"key":"REST"},{"floor":12,"key":"REST"},{"data":"After Image","floor":15,"key":"SMITH"},{"data":"Corpse Explosion","floor":24,"key":"SMITH"},{"data":"Wraith Form v2","floor":27,"key":"SMITH"},{"data":"Adrenaline","floor":30,"key":"SMITH"},{"data":"Noxious Fumes","floor":32,"key":"SMITH"},{"data":"A Thousand Cuts","floor":41,"key":"SMITH"},{"data":"Catalyst","floor":46,"key":"SMITH"},{"data":"Prepared","floor":49,"key":"SMITH"}],"neow_cost":"NO_GOLD","seed_source_timestamp":435239907645690,"circlet_count":0,"master_deck":["Survivor","Neutralize","Corpse Explosion+1","Infinite Blades","Cloak And Dagger","Heel Hook","PiercingWail","Doppelganger","Finisher+1","After Image+1","Escape Plan","Cloak And Dagger","Adrenaline+1","Wraith Form v2+1","Outmaneuver","Backflip","Flechettes+1","Corpse Explosion","Deflect","Choke+1","Cloak And Dagger","Acrobatics+1","Blade Dance+1","Prepared+1","Wraith Form v2","Concentrate","Noxious Fumes+1","Catalyst+1","A Thousand Cuts+1","Escape Plan+1","Infinite Blades+1","Backstab+1","Expertise+1","Backflip+1","Cloak And Dagger+1","Prepared+1","Neutralize+1","Prepared+1"],"relics":["Ring of the Snake","Molten Egg 2","Bird Faced Urn","Tingsha","Pandora\u0027s Box","Chemical X","Prayer Wheel","Pen Nib","Darkstone Periapt","Lantern","Sozu","Tough Bandages","Matryoshka","Letter Opener","Bottled Tornado","Smiling Mask","Question Card","Red Mask"],"potions_floor_usage":[7,16,23,33,33,33],"damage_taken":[{"damage":0,"enemies":"Cultist","floor":1,"turns":4},{"damage":7,"enemies":"Jaw Worm","floor":2,"turns":4},{"damage":0,"enemies":"Small Slimes","floor":4,"turns":3},{"damage":2,"enemies":"2 Fungi Beasts","floor":5,"turns":4},{"damage":19,"enemies":"3 Sentries","floor":6,"turns":5},{"damage":0,"enemies":"Lots of Slimes","floor":7,"turns":1},{"damage":45,"enemies":"Lagavulin","floor":10,"turns":11},{"damage":1,"enemies":"Looter","floor":11,"turns":3},{"damage":2,"enemies":"3 Louse","floor":13,"turns":4},{"damage":0,"enemies":"2 Fungi Beasts","floor":14,"turns":3},{"damage":8,"enemies":"Slime Boss","floor":16,"turns":10},{"damage":6,"enemies":"2 Thieves","floor":18,"turns":4},{"damage":3,"enemies":"3 Byrds","floor":20,"turns":6},{"damage":5,"enemies":"Snecko","floor":21,"turns":4},{"damage":0,"enemies":"Snake Plant","floor":22,"turns":4},{"damage":15,"enemies":"Slavers","floor":23,"turns":4},{"damage":5,"enemies":"Gremlin Leader","floor":25,"turns":10},{"damage":0,"enemies":"3 Cultists","floor":29,"turns":2},{"damage":49,"enemies":"Champ","floor":33,"turns":10},{"damage":1,"enemies":"3 Shapes","floor":35,"turns":4},{"damage":8,"enemies":"Orb Walker","floor":36,"turns":4},{"damage":0,"enemies":"Transient","floor":38,"turns":5},{"damage":23,"enemies":"2 Orb Walkers","floor":39,"turns":4},{"damage":0,"enemies":"Reptomancer","floor":40,"turns":4},{"damage":8,"enemies":"Nemesis","floor":42,"turns":5},{"damage":0,"enemies":"3 Darklings","floor":47,"turns":2},{"damage":20,"enemies":"Time Eater","floor":50,"turns":9}],"seed_played":"-980693490047177961","potions_obtained":[{"floor":1,"key":"Energy Potion"},{"floor":10,"key":"FearPotion"},{"floor":11,"key":"Poison Potion"},{"floor":13,"key":"Poison Potion"},{"floor":16,"key":"Weak Potion"},{"floor":20,"key":"Regen Potion"},{"floor":22,"key":"Regen Potion"},{"floor":29,"key":"Block Potion"}],"is_trial":false,"path_per_floor":["?","M","M","?","T","?","?","?","M","?"],"character_chosen":"THE_SILENT","items_purchased":["Chemical X","Question Card"],"campfire_rested":2,"item_purchase_floors":[19,45],"current_hp_per_floor":[70,63,63,63,61,42,42,63,63,20,21,42,42,44,44,40,70,66,66,67,69,70,64,64,69,69,69,69,70,70,70,70,26,70,70,68,68,70,49,59,59,61,61,61,61,61,65,65,65,50],"gold":0,"neow_bonus":"THREE_RARE_CARDS","is_prod":false,"is_daily":false,"chose_seed":false,"campfire_upgraded":8,"win_rate":0,"timestamp":1559631197,"path_taken":["M","M","?","M","M","E","M","R","T","E","M","R","M","?","R","BOSS","M","$","M","?","M","E","R","E","T","R","?","M","R","?","R","BOSS","M","M","?","M","?","E","R","E","T","?","$","R","?","?","R","BOSS"],"build_version":"2019-01-23","purchased_purges":1,"victory":true,"max_hp_per_floor":[70,70,70,70,70,70,70,70,70,70,70,70,70,70,70,70,70,70,70,70,70,70,70,70,70,70,70,70,70,70,70,70,70,70,70,70,70,70,70,70,70,70,70,70,70,70,70,70,70,70],"card_choices":[{"not_picked":["Phantasmal Killer","Bullet Time"],"picked":"Corpse Explosion","floor":0},{"not_picked":["Choke","Deflect"],"picked":"Infinite Blades","floor":1},{"not_picked":["Bane","Flying Knee"],"picked":"Cloak And Dagger","floor":2},{"not_picked":["Acrobatics","Doppelganger","Skewer"],"picked":"SKIP","floor":4},{"not_picked":["Deadly Poison","Poisoned Stab"],"picked":"PiercingWail","floor":5},{"not_picked":["Blade Dance","Bane"],"picked":"Doppelganger","floor":6},{"not_picked":["PiercingWail","Footwork"],"picked":"Finisher+1","floor":7},{"not_picked":["Doppelganger","Slice+1"],"picked":"After Image","floor":10},{"not_picked":["Deflect","Outmaneuver"],"picked":"Escape Plan","floor":11},{"not_picked":["Calculated Gamble","Deadly Poison"],"picked":"Cloak And Dagger","floor":13},{"not_picked":["Concentrate","Blade Dance"],"picked":"Masterful Stab+1","floor":14},{"not_picked":["Bullet Time","A Thousand Cuts"],"picked":"Adrenaline","floor":16},{"not_picked":["Dodge and Roll","Flying Knee+1"],"picked":"Cloak And Dagger","floor":18},{"not_picked":["Reflex+1","Quick Slash+1"],"picked":"Acrobatics+1","floor":20},{"not_picked":["Escape Plan","Terror+1"],"picked":"Blade Dance+1","floor":21},{"not_picked":["Cloak And Dagger","Dagger Throw+1"],"picked":"Prepared","floor":22},{"not_picked":["Backflip","Underhanded Strike+1"],"picked":"Wraith Form v2","floor":23},{"not_picked":["Outmaneuver","Deflect"],"picked":"Concentrate","floor":25},{"not_picked":["Setup","Tactician"],"picked":"Noxious Fumes","floor":29},{"not_picked":["Distraction","Underhanded Strike+1"],"picked":"Catalyst","floor":29},{"not_picked":["Tools of the Trade","Venomology"],"picked":"A Thousand Cuts","floor":33},{"not_picked":["Slice+1","Poisoned Stab+1"],"picked":"Escape Plan+1","floor":35},{"not_picked":["Dodge and Roll+1","Calculated Gamble"],"picked":"Infinite Blades+1","floor":35},{"not_picked":["Deflect+1","Cloak And Dagger+1"],"picked":"Backstab+1","floor":36},{"not_picked":["Deadly Poison","Sucker Punch+1","PiercingWail"],"picked":"SKIP","floor":36},{"not_picked":["Slice+1","Outmaneuver"],"picked":"Expertise+1","floor":38},{"not_picked":["Masterful Stab+1","Die Die Die+1"],"picked":"Backflip+1","floor":38},{"not_picked":["Sucker Punch+1","Poisoned Stab+1"],"picked":"Cloak And Dagger+1","floor":39},{"not_picked":["Expertise+1","Slice+1"],"picked":"Prepared+1","floor":40},{"not_picked":["Noxious Fumes","Poisoned Stab+1","Blade Dance"],"picked":"SKIP","floor":42},{"not_picked":["Cloak And Dagger","Bullet Time","Well Laid Plans+1"],"picked":"Prepared+1","floor":47},{"not_picked":["Cloak And Dagger","Slice+1","Sucker Punch+1","Outmaneuver"],"picked":"SKIP","floor":47}],"player_experience":155918,"relics_obtained":[{"floor":6,"key":"Molten Egg 2"},{"floor":9,"key":"Bird Faced Urn"},{"floor":10,"key":"Tingsha"},{"floor":23,"key":"Prayer Wheel"},{"floor":25,"key":"Pen Nib"},{"floor":26,"key":"Darkstone Periapt"},{"floor":31,"key":"Lantern"},{"floor":39,"key":"Tough Bandages"},{"floor":40,"key":"Matryoshka"},{"floor":42,"key":"Letter Opener"},{"floor":43,"key":"Bottled Tornado"},{"floor":43,"key":"Smiling Mask"}],"event_choices":[{"damage_healed":0,"gold_gain":0,"cards_transformed":["Strike_G"],"player_choice":"Transformed","damage_taken":0,"max_hp_gain":0,"max_hp_loss":0,"event_name":"Transmorgrifier","floor":3,"gold_loss":0,"cards_obtained":["Heel Hook"]},{"cards_removed":["Dodge and Roll"],"damage_healed":0,"gold_gain":0,"player_choice":"Gave Gold","damage_taken":0,"max_hp_gain":0,"max_hp_loss":0,"event_name":"Beggar","floor":28,"gold_loss":75},{"cards_removed":["Footwork"],"damage_healed":0,"gold_gain":0,"player_choice":"Removed Power","damage_taken":0,"max_hp_gain":0,"max_hp_loss":0,"event_name":"Falling","floor":37,"gold_loss":0},{"damage_healed":0,"gold_gain":0,"player_choice":"Fight","damage_taken":0,"max_hp_gain":0,"max_hp_loss":0,"event_name":"Mysterious Sphere","floor":39,"gold_loss":0},{"damage_healed":0,"gold_gain":0,"player_choice":"1 cards matched","damage_taken":0,"max_hp_gain":0,"max_hp_loss":0,"event_name":"Match and Keep!","floor":44,"gold_loss":0,"cards_obtained":["Neutralize"]},{"damage_healed":0,"gold_gain":0,"player_choice":"Paid","damage_taken":0,"relics_obtained":["Red Mask"],"max_hp_gain":0,"max_hp_loss":0,"event_name":"Tomb of Lord Red Mask","floor":48,"gold_loss":140}],"is_beta":false,"boss_relics":[{"not_picked":["Cursed Key","Ectoplasm"],"picked":"Pandora\u0027s Box"},{"not_picked":["Busted Crown","White Beast Statue"],"picked":"Sozu"}],"items_purged_floors":[45],"is_endless":false,"potions_floor_spawned":[1,10,11,13,14,16,18,20,22,29,39,40,42,47],"ascension_level":2}