{"gold_per_floor":[116,131,131,131,151,151,165,165],"floor_reached":8,"playtime":169,"items_purged":[],"score":96,"play_id":"3eac88ad-211d-4900-a2b4-d2d4b15bc9f0","local_time":"20190406000347","is_ascension_mode":true,"campfire_choices":[{"data":"Dagger Throw","floor":6,"key":"SMITH"}],"neow_cost":"NONE","seed_source_timestamp":702181631115601,"circlet_count":0,"master_deck":["AscendersBane","Defend_G","Defend_G","Defend_G","Defend_G","Defend_G","Strike_G","Strike_G","Strike_G","Strike_G","Survivor","Neutralize","Dagger Throw+1","Backflip"],"relics":["Ring of the Snake","NeowsBlessing","Blood Vial"],"potions_floor_usage":[],"damage_taken":[{"damage":0,"enemies":"Small Slimes","floor":1,"turns":1},{"damage":0,"enemies":"2 Louse","floor":2,"turns":1},{"damage":0,"enemies":"Cultist","floor":5,"turns":1},{"damage":5,"enemies":"3 Louse","floor":7,"turns":5},{"damage":56,"enemies":"Gremlin Nob","floor":8,"turns":4}],"seed_played":"7402815897277550570","potions_obtained":[{"floor":1,"key":"Strength Potion"},{"floor":7,"key":"SpeedPotion"}],"is_trial":false,"path_per_floor":["M","M","?","?","M","R","M","E"],"character_chosen":"THE_SILENT","items_purchased":[],"campfire_rested":0,"item_purchase_floors":[],"current_hp_per_floor":[59,59,52,52,54,54,51,0],"gold":165,"neow_bonus":"THREE_ENEMY_KILL","is_prod":false,"is_daily":false,"chose_seed":false,"campfire_upgraded":1,"win_rate":0,"timestamp":1554530627,"path_taken":["M","M","?","?","M","R","M","E"],"build_version":"2019-01-23","purchased_purges":0,"victory":false,"max_hp_per_floor":[66,66,66,66,66,66,66,66],"card_choices":[{"not_picked":["Terror","Backflip"],"picked":"Dagger Throw","floor":1},{"not_picked":["Outmaneuver","Cloak And Dagger","Accuracy"],"picked":"SKIP","floor":2},{"not_picked":["Bane","Expertise"],"picked":"Backflip","floor":5},{"not_picked":["Expertise","Prepared","Acrobatics"],"picked":"SKIP","floor":7}],"player_experience":460265,"relics_obtained":[],"event_choices":[{"cards_removed":["Strike_G"],"damage_healed":0,"gold_gain":0,"player_choice":"Card Removal","damage_taken":7,"max_hp_gain":0,"max_hp_loss":0,"event_name":"Golden Wing","floor":3,"gold_loss":0},{"damage_healed":0,"gold_gain":0,"player_choice":"Gave Potion","damage_taken":0,"relics_obtained":["Blood Vial"],"max_hp_gain":0,"max_hp_loss":0,"event_name":"WeMeetAgain","floor":4,"gold_loss":0}],"is_beta":false,"boss_relics":[],"items_purged_floors":[],"is_endless":false,"potions_floor_spawned":[1,7],"killed_by":"Gremlin Nob","ascension_level":20}