{"gold_per_floor":[117,132,132,201,351,367,367,367,391,425,442,442,69,80,80,80],"floor_reached":16,"playtime":383,"items_purged":[],"score":195,"play_id":"70f259bf-3ba2-48ae-a8f5-bd131e2255dd","local_time":"20190527122627","is_ascension_mode":true,"campfire_choices":[{"data":"True Grit","floor":8,"key":"SMITH"},{"floor":12,"key":"REST"},{"floor":15,"key":"REST"}],"neow_cost":"NONE","seed_source_timestamp":162565890863724,"circlet_count":0,"master_deck":["AscendersBane","Strike_R","Strike_R","Strike_R","Strike_R","Strike_R","Defend_R","Defend_R","Defend_R+1","Defend_R+1","Bash+1","True Grit+1","Doubt","Rampage","Shockwave","Spot Weakness"],"relics":["Burning Blood","Pen Nib","Dodecahedron","Bird Faced Urn"],"potions_floor_usage":[16],"damage_taken":[{"damage":5,"enemies":"2 Louse","floor":1,"turns":4},{"damage":7,"enemies":"Small Slimes","floor":2,"turns":3},{"damage":7,"enemies":"Jaw Worm","floor":6,"turns":4},{"damage":56,"enemies":"Gremlin Nob","floor":10,"turns":5},{"damage":2,"enemies":"3 Louse","floor":11,"turns":6},{"damage":14,"enemies":"Exordium Wildlife","floor":14,"turns":5},{"damage":68,"enemies":"Slime Boss","floor":16,"turns":8}],"seed_played":"9001208162203899375","potions_obtained":[{"floor":10,"key":"Energy Potion"},{"floor":11,"key":"FearPotion"},{"floor":14,"key":"BloodPotion"}],"is_trial":false,"path_per_floor":["M","M","?","?","?","M","?","R","T","E","M","R","$","M","R","B"],"character_chosen":"IRONCLAD","items_purchased":["Shockwave","Bird Faced Urn"],"campfire_rested":2,"item_purchase_floors":[13,13],"current_hp_per_floor":[69,68,45,45,45,44,69,69,69,19,23,45,45,37,59,0],"gold":80,"neow_bonus":"UPGRADE_CARD","is_prod":false,"is_daily":false,"chose_seed":false,"campfire_upgraded":1,"win_rate":0,"timestamp":1558981587,"path_taken":["M","M","?","?","?","?","?","R","T","E","M","R","$","M","R","BOSS"],"build_version":"2019-01-23","purchased_purges":0,"victory":false,"max_hp_per_floor":[75,75,75,75,75,75,75,75,75,75,75,75,75,75,75,75],"card_choices":[{"not_picked":["Havoc","Headbutt","Dual Wield"],"picked":"SKIP","floor":1},{"not_picked":["Warcry","Evolve"],"picked":"True Grit","floor":2},{"not_picked":["Corruption","Body Slam","Infernal Blade"],"picked":"SKIP","floor":6},{"not_picked":["Heavy Blade","Anger"],"picked":"Rampage","floor":10},{"not_picked":["Perfected Strike","Headbutt","Heavy Blade"],"picked":"SKIP","floor":11},{"not_picked":["Warcry","Thunderclap"],"picked":"Spot Weakness","floor":14}],"player_experience":640766,"relics_obtained":[{"floor":9,"key":"Pen Nib"},{"floor":10,"key":"Dodecahedron"}],"event_choices":[{"damage_healed":0,"gold_gain":0,"player_choice":"Entered Light","damage_taken":23,"max_hp_gain":0,"max_hp_loss":0,"event_name":"Shining Light","floor":3,"gold_loss":0,"cards_upgraded":["Defend_R","Defend_R"]},{"damage_healed":0,"gold_gain":69,"player_choice":"Gained Gold","damage_taken":0,"max_hp_gain":0,"max_hp_loss":0,"event_name":"Golden Wing","floor":4,"gold_loss":0},{"damage_healed":0,"gold_gain":150,"player_choice":"AGREE","damage_taken":0,"max_hp_gain":0,"max_hp_loss":0,"event_name":"Liars Game","floor":5,"gold_loss":0,"cards_obtained":["Doubt"]},{"damage_healed":25,"gold_gain":0,"player_choice":"Banana","damage_taken":0,"max_hp_gain":0,"max_hp_loss":0,"event_name":"Big Fish","floor":7,"gold_loss":0}],"is_beta":false,"boss_relics":[],"items_purged_floors":[],"is_endless":false,"potions_floor_spawned":[10,11,14],"killed_by":"Slime Boss","ascension_level":19}