{"gold_per_floor":[115,115,115,129,47,47,47,47,119,119,139,179,179,104,104,200,200,218,55,55,55,55],"floor_reached":22,"playtime":563,"items_purged":[],"score":312,"play_id":"10f84c95-261d-4ec0-be3b-d3e4dcf25244","local_time":"20190524182752","is_ascension_mode":true,"campfire_choices":[{"data":"Pommel Strike","floor":6,"key":"SMITH"},{"data":"Uppercut","floor":8,"key":"SMITH"},{"data":"Disarm","floor":10,"key":"SMITH"},{"data":"Bash","floor":13,"key":"SMITH"},{"data":"Strike_R","floor":15,"key":"SMITH"}],"neow_cost":"TEN_PERCENT_HP_LOSS","seed_source_timestamp":289816558696014,"circlet_count":0,"master_deck":["AscendersBane","Strike_R","Strike_R","Strike_R+1","Defend_R","Defend_R","Defend_R","Bash+1","Pommel Strike+1","Uppercut+1","Disarm+1","Barricade","Body Slam","RitualDagger","Disarm+1"],"relics":["Burning Blood","Golden Idol","Meat on the Bone","The Courier","Pen Nib","Black Star","Sling"],"potions_floor_usage":[12,18],"damage_taken":[{"damage":10,"enemies":"Small Slimes","floor":1,"turns":3},{"damage":11,"enemies":"Jaw Worm","floor":4,"turns":4},{"damage":0,"enemies":"Cultist","floor":11,"turns":3},{"damage":38,"enemies":"3 Sentries","floor":12,"turns":7},{"damage":10,"enemies":"The Guardian","floor":16,"turns":13},{"damage":43,"enemies":"Spheric Guardian","floor":18,"turns":6},{"damage":30,"enemies":"Shell Parasite","floor":22,"turns":2}],"seed_played":"1677991200836208573","potions_obtained":[{"floor":1,"key":"Ancient Potion"},{"floor":11,"key":"PowerPotion"},{"floor":16,"key":"SneckoOil"}],"is_trial":false,"path_per_floor":["M","?","?","M","$","R","?","R","T","R","M","E","R","?","R","B",null,"M","$","?","?","M"],"character_chosen":"IRONCLAD","items_purchased":["Disarm","Sling"],"campfire_rested":0,"item_purchase_floors":[5,19],"current_hp_per_floor":[64,62,51,46,46,46,46,46,46,46,52,32,32,32,32,40,57,32,32,26,26,0],"gold":55,"neow_bonus":"REMOVE_TWO","is_prod":false,"is_daily":false,"chose_seed":false,"campfire_upgraded":5,"win_rate":0,"timestamp":1558744072,"path_taken":["M","?","?","M","?","R","?","R","T","R","?","E","R","?","R","BOSS","M","$","?","?","?"],"build_version":"2019-01-23","purchased_purges":0,"victory":false,"max_hp_per_floor":[68,62,62,62,62,62,62,62,62,62,62,62,62,62,62,62,62,62,62,62,62,62],"card_choices":[{"not_picked":["Rampage","Warcry"],"picked":"Pommel Strike","floor":1},{"not_picked":["Perfected Strike","Power Through"],"picked":"Uppercut","floor":4},{"not_picked":["Dropkick","Disarm","Fire Breathing"],"picked":"SKIP","floor":11},{"not_picked":["Dropkick","Entrench","Burning Pact"],"picked":"SKIP","floor":12},{"not_picked":["Impervious","Exhume"],"picked":"Barricade","floor":16},{"not_picked":["Headbutt","Clothesline"],"picked":"Body Slam","floor":18}],"player_experience":593567,"relics_obtained":[{"floor":9,"key":"The Courier"},{"floor":12,"key":"Pen Nib"}],"event_choices":[{"damage_healed":0,"gold_gain":0,"player_choice":"Lose Max HP","damage_taken":0,"relics_obtained":["Golden Idol"],"max_hp_gain":0,"max_hp_loss":6,"event_name":"Golden Idol","floor":2,"gold_loss":0},{"damage_healed":0,"gold_gain":0,"player_choice":"Success","damage_taken":11,"relics_obtained":["Meat on the Bone"],"max_hp_gain":0,"max_hp_loss":0,"event_name":"Scrap Ooze","floor":3,"gold_loss":0},{"damage_healed":0,"gold_gain":0,"player_choice":"Ignored","damage_taken":0,"max_hp_gain":0,"max_hp_loss":0,"event_name":"Liars Game","floor":7,"gold_loss":0},{"cards_removed":["Strike_R"],"damage_healed":0,"gold_gain":0,"player_choice":"Card Removal","damage_taken":0,"max_hp_gain":0,"max_hp_loss":0,"event_name":"The Cleric","floor":14,"gold_loss":75},{"damage_healed":0,"gold_gain":0,"player_choice":"Joined the Cult","damage_taken":6,"max_hp_gain":0,"max_hp_loss":0,"event_name":"Nest","floor":20,"gold_loss":0,"cards_obtained":["RitualDagger"]},{"damage_healed":0,"gold_gain":0,"player_choice":"Copied","damage_taken":0,"max_hp_gain":0,"max_hp_loss":0,"event_name":"Duplicator","floor":21,"gold_loss":0,"cards_obtained":["Disarm"]}],"is_beta":false,"boss_relics":[{"not_picked":["Orrery","Runic Cube"],"picked":"Black Star"}],"items_purged_floors":[],"is_endless":false,"potions_floor_spawned":[1,11,16],"killed_by":"Shell Parasite","ascension_level":15}