{"gold_per_floor":[114,114,189,204,214,214,248,235,235,235,235,266,284,314,314,416,416,428,446,446,361,381,407,407,407],"floor_reached":25,"playtime":1643,"items_purged":[],"score":265,"play_id":"53db8ac8-9272-4791-a75a-412eea932943","local_time":"20180627224203","is_ascension_mode":true,"campfire_choices":[{"data":"Anger","floor":6,"key":"SMITH"},{"data":"Flex","floor":10,"key":"SMITH"},{"data":"Twin Strike","floor":15,"key":"SMITH"},{"data":"Limit Break","floor":24,"key":"SMITH"}],"neow_cost":"NONE","seed_source_timestamp":40977970743109,"circlet_count":0,"master_deck":["Strike_R","Strike_R","Strike_R","Strike_R","Defend_R+1","Defend_R","Defend_R+1","Defend_R","Bash","Anger+1","Ghostly Armor","Flex+1","Heavy Blade","Impervious","Twin Strike+1","Pommel Strike","Limit Break+1","Iron Wave","Spot Weakness","Writhe","Iron Wave","Shrug It Off+1"],"relics":["Burning Blood","NeowsBlessing","Potion Belt","War Paint","Smiling Mask","Oddly Smooth Stone","Sozu","Bronze Scales","Boot","Singing Bowl"],"potions_floor_usage":[16],"damage_taken":[{"damage":0,"enemies":"Jaw Worm","floor":1,"turns":1},{"damage":0,"enemies":"Small Slimes","floor":4,"turns":1},{"damage":0,"enemies":"2 Louse","floor":5,"turns":1},{"damage":15,"enemies":"Gremlin Nob","floor":7,"turns":4},{"damage":11,"enemies":"Exordium Thugs","floor":8,"turns":4},{"damage":14,"enemies":"3 Sentries","floor":12,"turns":8},{"damage":5,"enemies":"Blue Slaver","floor":13,"turns":3},{"damage":16,"enemies":"Gremlin Nob","floor":14,"turns":5},{"damage":32,"enemies":"Hexaghost","floor":16,"turns":9},{"damage":11,"enemies":"Spheric Guardian","floor":18,"turns":3},{"damage":19,"enemies":"Chosen","floor":19,"turns":5},{"damage":13,"enemies":"Snake Plant","floor":22,"turns":3},{"damage":22,"enemies":"Book of Stabbing","floor":23,"turns":5},{"damage":54,"enemies":"Gremlin Leader","floor":25,"turns":5}],"seed_played":"-7681771332800902266","potions_obtained":[{"floor":7,"key":"FairyPotion"},{"floor":8,"key":"PowerPotion"},{"floor":12,"key":"Swift Potion"},{"floor":14,"key":"SteroidPotion"},{"floor":16,"key":"EntropicBrew"}],"is_trial":false,"path_per_floor":["M","?","?","M","M","R","E","M","T","R","?","E","M","E","R","B",null,"M","M","?","?","M","E","R"],"character_chosen":"IRONCLAD","items_purchased":[],"campfire_rested":0,"item_purchase_floors":[],"current_hp_per_floor":[80,80,69,75,80,80,71,66,66,66,66,58,59,49,49,23,80,75,62,62,62,55,39,39,0],"gold":407,"neow_bonus":"THREE_ENEMY_KILL","is_prod":false,"is_daily":false,"chose_seed":false,"campfire_upgraded":4,"win_rate":0,"timestamp":1530103323,"path_taken":["M","?","?","?","M","R","E","M","T","R","?","E","M","E","R","BOSS","M","M","?","?","M","E","R","E"],"build_version":"2018-06-26","purchased_purges":0,"victory":false,"max_hp_per_floor":[80,80,80,80,80,80,80,80,80,80,80,80,80,80,80,80,80,80,80,80,80,80,80,80,80],"card_choices":[{"not_picked":["Armaments","Thunderclap"],"picked":"Anger","floor":1},{"not_picked":["Dual Wield","Pummel"],"picked":"Ghostly Armor","floor":4},{"not_picked":["Rupture","Power Through","Thunderclap"],"picked":"SKIP","floor":5},{"not_picked":["Dropkick","Fire Breathing"],"picked":"Flex","floor":7},{"not_picked":["Shockwave","Warcry"],"picked":"Heavy Blade","floor":8},{"not_picked":["Searing Blow","Warcry"],"picked":"Impervious","floor":12},{"not_picked":["Anger","Headbutt"],"picked":"Twin Strike","floor":13},{"not_picked":["Second Wind","Sever Soul"],"picked":"Pommel Strike","floor":14},{"not_picked":["Dark Embrace","Fiend Fire"],"picked":"Limit Break","floor":16},{"not_picked":["Clash","Flex"],"picked":"Iron Wave","floor":18},{"not_picked":["Clothesline","Heavy Blade"],"picked":"Spot Weakness","floor":19},{"not_picked":["Infernal Blade","Warcry+1"],"picked":"Iron Wave","floor":22},{"not_picked":["Clothesline","Anger"],"picked":"Shrug It Off+1","floor":23}],"player_experience":64375,"relics_obtained":[{"floor":7,"key":"Potion Belt"},{"floor":9,"key":"War Paint"},{"floor":12,"key":"Smiling Mask"},{"floor":14,"key":"Oddly Smooth Stone"},{"floor":23,"key":"Singing Bowl"}],"event_choices":[{"event_name":"Liars Game","player_choice":"disagreed","floor":2,"damage_taken":0},{"event_name":"World of Goop","player_choice":"Gather Gold","floor":3,"damage_taken":0},{"event_name":"Living Wall","player_choice":"Forget","floor":11,"damage_taken":0},{"event_name":"The Mausoleum","player_choice":"Yes","floor":20,"damage_taken":0},{"event_name":"Addict","player_choice":"Obtained Relic","floor":21,"damage_taken":0}],"boss_relics":[{"not_picked":["Lizard Tail","Runic Dome"],"picked":"Sozu"}],"items_purged_floors":[],"is_endless":false,"potions_floor_spawned":[7,8,12,14,16,18,22],"killed_by":"Gremlin Leader","ascension_level":2}