{"gold_per_floor":[369,369,381,391,109,109,138,138,190,190,210,210],"floor_reached":12,"playtime":277,"items_purged":[],"score":152,"play_id":"ce405983-e5c8-43a0-996b-6a811978bd21","local_time":"20190526202528","is_ascension_mode":true,"campfire_choices":[{"data":"Pommel Strike","floor":6,"key":"SMITH"},{"floor":8,"key":"REST"},{"data":"Strike_R","floor":10,"key":"SMITH"}],"neow_cost":"TEN_PERCENT_HP_LOSS","seed_source_timestamp":105012717949848,"circlet_count":0,"master_deck":["AscendersBane","Strike_R","Strike_R","Strike_R","Strike_R+1","Strike_R","Defend_R","Defend_R","Defend_R","Defend_R","Bash+1","Pommel Strike+1"],"relics":["Burning Blood","Bottled Flame","Ancient Tea Set","Dream Catcher"],"potions_floor_usage":[12],"damage_taken":[{"damage":25,"enemies":"Small Slimes","floor":1,"turns":5},{"damage":1,"enemies":"Cultist","floor":3,"turns":3},{"damage":6,"enemies":"2 Louse","floor":4,"turns":3},{"damage":60,"enemies":"Lagavulin","floor":7,"turns":6},{"damage":8,"enemies":"Blue Slaver","floor":11,"turns":2},{"damage":30,"enemies":"3 Sentries","floor":12,"turns":6}],"seed_played":"7671982403878006083","potions_obtained":[{"floor":3,"key":"FairyPotion"},{"floor":7,"key":"SkillPotion"},{"floor":11,"key":"Poison Potion"}],"is_trial":false,"path_per_floor":["M","?","M","M","$","R","E","R","T","R","M","E"],"character_chosen":"IRONCLAD","items_purchased":["Bottled Flame"],"campfire_rested":1,"item_purchase_floors":[5],"current_hp_per_floor":[49,49,54,54,54,54,12,32,32,32,30,0],"gold":210,"neow_bonus":"TWO_FIFTY_GOLD","is_prod":false,"is_daily":false,"chose_seed":false,"campfire_upgraded":2,"win_rate":0,"timestamp":1558923928,"path_taken":["M","?","M","M","$","R","E","R","T","R","?","E"],"build_version":"2019-01-23","purchased_purges":0,"victory":false,"max_hp_per_floor":[68,68,68,68,68,68,68,68,68,68,68,68],"card_choices":[{"not_picked":["True Grit","Havoc"],"picked":"Pommel Strike","floor":1},{"not_picked":["Sword Boomerang","Thunderclap","Perfected Strike"],"picked":"SKIP","floor":3},{"not_picked":["Headbutt","Ghostly Armor","Clothesline"],"picked":"SKIP","floor":4},{"not_picked":["Carnage","True Grit","Fire Breathing"],"picked":"SKIP","floor":7},{"not_picked":["Sword Boomerang","True Grit","Perfected Strike"],"picked":"SKIP","floor":11}],"player_experience":619738,"relics_obtained":[{"floor":7,"key":"Ancient Tea Set"},{"floor":9,"key":"Dream Catcher"}],"event_choices":[{"damage_healed":0,"gold_gain":0,"player_choice":"Upgraded","damage_taken":0,"max_hp_gain":0,"max_hp_loss":0,"event_name":"Upgrade Shrine","floor":2,"gold_loss":0,"cards_upgraded":["Bash"]}],"is_beta":false,"boss_relics":[],"items_purged_floors":[],"is_endless":false,"potions_floor_spawned":[3,7,11],"killed_by":"3 Sentries","ascension_level":19}