{"gold_per_floor":[112,112,37,187,0,28,38,73,73,73,103,120,195,228,228,306,306,231,231,231,231,231,231,231,131,131,131,131,131,39,39,39,39],"floor_reached":33,"playtime":874,"items_purged":["Doubt","Writhe"],"score":529,"play_id":"db4d77e7-73ae-44e7-b536-f262261a739c","local_time":"20190524152837","is_ascension_mode":true,"campfire_choices":[{"data":"Flame Barrier","floor":10.0,"key":"SMITH"},{"data":"Cleave","floor":15.0,"key":"SMITH"},{"data":"Pommel Strike","floor":23.0,"key":"SMITH"},{"data":"Uppercut","floor":27.0,"key":"SMITH"},{"data":"Shrug It Off","floor":29,"key":"SMITH"},{"data":"Ghostly Armor","floor":32,"key":"SMITH"}],"neow_cost":"NONE","seed_source_timestamp":278674471097006,"circlet_count":0,"master_deck":["AscendersBane","Strike_R+1","Strike_R+1","Strike_R+1","Strike_R+1","Strike_R+1","Defend_R+1","Defend_R+1","Defend_R+1","Defend_R+1","Bash","Pommel Strike+1","Flame Barrier+1","Uppercut+1","Cleave+1","Ghostly Armor+1","Impervious","Shrug It Off+1","Ghostly","Ghostly","Ghostly","Finesse"],"special_seed":0,"relics":["Burning Blood","NeowsBlessing","Gremlin Horn","Champion Belt","Bronze Scales","Frozen Egg 2","Odd Mushroom","Dodecahedron","Ectoplasm","Omamori","Self Forming Clay","Bird Faced Urn"],"potions_floor_usage":[28,33],"damage_taken":[{"damage":0.0,"enemies":"Jaw Worm","floor":1.0,"turns":1.0},{"damage":0.0,"enemies":"Gremlin Nob","floor":6.0,"turns":1.0},{"damage":0.0,"enemies":"Small Slimes","floor":7.0,"turns":1.0},{"damage":37.0,"enemies":"Lagavulin","floor":8.0,"turns":8.0},{"damage":7.0,"enemies":"The Mushroom Lair","floor":11.0,"turns":4.0},{"damage":0.0,"enemies":"2 Louse","floor":12.0,"turns":1.0},{"damage":32.0,"enemies":"3 Sentries","floor":14.0,"turns":8.0},{"damage":19.0,"enemies":"The Guardian","floor":16.0,"turns":13.0},{"damage":11.0,"enemies":"2 Thieves","floor":18.0,"turns":4.0},{"damage":0.0,"enemies":"Chosen","floor":21.0,"turns":5.0},{"damage":7,"enemies":"Slavers","floor":28,"turns":5},{"damage":0,"enemies":"Snake Plant","floor":31,"turns":3},{"damage":48,"enemies":"Champ","floor":33,"turns":12}],"seed_played":"1966601452658915829","potions_obtained":[{"floor":1.0,"key":"Strength Potion"},{"floor":6.0,"key":"Regen Potion"},{"floor":11.0,"key":"Poison Potion"},{"floor":16.0,"key":"AttackPotion"},{"floor":28,"key":"Explosive Potion"}],"is_trial":false,"path_per_floor":["M","?","?","?","$","E","M","E","T","R","?","M","?","E","R","B",null,"M","?","?","M","?","R","?","$","T","R","E","R","$","M","R","B"],"character_chosen":"IRONCLAD","items_purchased":["Flame Barrier","Uppercut","Finesse"],"campfire_rested":0,"item_purchase_floors":[5,5,30],"current_hp_per_floor":[74,74,74,74,74,75,75,44,44,44,55,61,50,24,24,11,59,54,54,47,53,37,37,37,37,37,37,36,36,36,37,37,0],"gold":39,"neow_bonus":"THREE_ENEMY_KILL","is_prod":false,"is_daily":false,"chose_seed":false,"campfire_upgraded":6,"win_rate":0,"timestamp":1558733317,"path_taken":["M","?","?","?","$","E","?","E","T","R","?","M","?","E","R","BOSS","M","?","?","?","?","R","?","$","T","R","E","R","$","M","R","BOSS"],"build_version":"2019-01-23","purchased_purges":2,"victory":false,"max_hp_per_floor":[75,75,75,75,75,75,75,75,75,75,75,75,75,75,75,75,75,75,75,75,75,37,37,37,37,37,37,37,37,37,37,37,37],"card_choices":[{"not_picked":["Rampage","Iron Wave"],"picked":"Pommel Strike","floor":1.0},{"not_picked":["Sentinel","Exhume"],"picked":"Cleave","floor":6.0},{"not_picked":["Twin Strike","Anger","Flex"],"picked":"SKIP","floor":7.0},{"not_picked":["Pummel","Reckless Charge","Rampage"],"picked":"SKIP","floor":8.0},{"not_picked":["Shockwave","Rage"],"picked":"Ghostly Armor","floor":11.0},{"not_picked":["Warcry","Havoc","Perfected Strike"],"picked":"SKIP","floor":12.0},{"not_picked":["Bludgeon","Rage","Barricade+1"],"picked":"SKIP","floor":14.0},{"not_picked":["Reaper","Juggernaut+1"],"picked":"Impervious","floor":16.0},{"not_picked":["Headbutt","Shockwave"],"picked":"Shrug It Off","floor":18.0},{"not_picked":["Pommel Strike","Heavy Blade","Burning Pact"],"picked":"SKIP","floor":21.0},{"not_picked":["Evolve+1","Warcry","Iron Wave"],"picked":"SKIP","floor":28},{"not_picked":["Fire Breathing+1","Intimidate","Anger"],"picked":"SKIP","floor":31}],"player_experience":586021,"relics_obtained":[{"floor":6.0,"key":"Champion Belt"},{"floor":8.0,"key":"Bronze Scales"},{"floor":9.0,"key":"Frozen Egg 2"},{"floor":11.0,"key":"Odd Mushroom"},{"floor":14.0,"key":"Dodecahedron"},{"floor":26.0,"key":"Self Forming Clay"},{"floor":28,"key":"Bird Faced Urn"}],"event_choices":[{"damage_healed":0.0,"max_hp_gain":0.0,"max_hp_loss":0.0,"gold_gain":0.0,"event_name":"Big Fish","player_choice":"Box","floor":2.0,"gold_loss":0.0,"damage_taken":0.0,"relics_obtained":["Gremlin Horn"],"cards_obtained":["Regret"]},{"cards_removed":["Regret"],"damage_healed":0.0,"max_hp_gain":0.0,"max_hp_loss":0.0,"gold_gain":0.0,"event_name":"The Cleric","player_choice":"Card Removal","floor":3.0,"gold_loss":75.0,"damage_taken":0.0},{"damage_healed":0.0,"max_hp_gain":0.0,"max_hp_loss":0.0,"gold_gain":150.0,"event_name":"Liars Game","player_choice":"AGREE","floor":4.0,"gold_loss":0.0,"damage_taken":0.0,"cards_obtained":["Doubt"]},{"damage_healed":0.0,"max_hp_gain":0.0,"max_hp_loss":0.0,"gold_gain":0.0,"event_name":"Mushrooms","player_choice":"Fought Mushrooms","floor":11.0,"gold_loss":0.0,"damage_taken":0.0},{"damage_healed":0.0,"max_hp_gain":0.0,"max_hp_loss":0.0,"gold_gain":75.0,"event_name":"World of Goop","player_choice":"Gather Gold","floor":13.0,"gold_loss":0.0,"damage_taken":11.0},{"damage_healed":0.0,"max_hp_gain":0.0,"max_hp_loss":0.0,"gold_gain":0.0,"event_name":"Back to Basics","player_choice":"Simplicity","floor":19.0,"gold_loss":0.0,"damage_taken":0.0,"cards_upgraded":["Strike_R","Strike_R","Strike_R","Strike_R","Strike_R","Defend_R","Defend_R","Defend_R","Defend_R"]},{"damage_healed":0.0,"max_hp_gain":0.0,"max_hp_loss":0.0,"gold_gain":0.0,"event_name":"Knowing Skull","player_choice":"","floor":20.0,"potions_obtained":[],"gold_loss":0.0,"damage_taken":7.0,"cards_obtained":[]},{"damage_healed":0.0,"max_hp_gain":0.0,"max_hp_loss":38.0,"gold_gain":0.0,"event_name":"Ghosts","player_choice":"Became a Ghost","floor":22.0,"gold_loss":0.0,"damage_taken":0.0,"cards_obtained":["Ghostly","Ghostly","Ghostly"]},{"damage_healed":0.0,"max_hp_gain":0.0,"max_hp_loss":0.0,"gold_gain":0.0,"event_name":"The Mausoleum","player_choice":"Opened","floor":24.0,"gold_loss":0.0,"damage_taken":0.0,"relics_obtained":["Omamori"],"cards_obtained":["Writhe"]}],"is_beta":false,"boss_relics":[{"not_picked":["White Beast Statue","Runic Pyramid"],"picked":"Ectoplasm"}],"items_purged_floors":[5,25],"is_endless":false,"potions_floor_spawned":[1,6,11,12,16,28],"killed_by":"Champ","ascension_level":15}