{"gold_per_floor":[111,74,74,92,92,92,121,121,121,121,181,195,224,61,61,138,138,156,167,167,182,211,211,226,226,226,244,255,270,270,24,24,24],"floor_reached":33,"playtime":1373,"items_purged":[],"score":510,"play_id":"5414fbb3-5111-42fc-a37c-11408498e4ed","local_time":"20190404110502","is_ascension_mode":true,"campfire_choices":[{"data":"Deadly Poison","floor":6,"key":"SMITH"},{"data":"Dagger Spray","floor":8,"key":"SMITH"},{"data":"Neutralize","floor":10,"key":"SMITH"},{"floor":15,"key":"REST"},{"data":"Skewer","floor":23,"key":"SMITH"},{"data":"Crippling Poison","floor":25,"key":"SMITH"},{"data":"Tools of the Trade","floor":32,"key":"SMITH"}],"neow_cost":"NONE","seed_source_timestamp":567851478944959,"circlet_count":0,"master_deck":["AscendersBane","Defend_G","Defend_G","Defend_G","Defend_G","Defend_G","Strike_G","Strike_G","Strike_G","Survivor","Neutralize+1","Deadly Poison+1","Predator+1","Crippling Poison+1","Dagger Spray+1","Poisoned Stab","Skewer+1","Acrobatics","Ghostly","Ghostly","Ghostly","Dagger Throw+1","Backflip","Deflect+1","Noxious Fumes","Dagger Spray","Bouncing Flask","Tools of the Trade+1","Leg Sweep"],"relics":["Ring of the Snake","NeowsBlessing","Ornamental Fan","Tingsha","Regal Pillow","Lantern","Bag of Marbles","Sozu","Red Mask","Pantograph"],"potions_floor_usage":[7,11,13],"damage_taken":[{"damage":0,"enemies":"Cultist","floor":1,"turns":1},{"damage":0,"enemies":"Jaw Worm","floor":4,"turns":1},{"damage":4,"enemies":"3 Sentries","floor":7,"turns":2},{"damage":30,"enemies":"Lagavulin Event","floor":11,"turns":5},{"damage":0,"enemies":"Small Slimes","floor":12,"turns":2},{"damage":23,"enemies":"Lagavulin","floor":13,"turns":4},{"damage":47,"enemies":"Slime Boss","floor":16,"turns":11},{"damage":10,"enemies":"2 Thieves","floor":18,"turns":3},{"damage":0,"enemies":"Chosen","floor":19,"turns":3},{"damage":0,"enemies":"Centurion and Healer","floor":21,"turns":5},{"damage":15,"enemies":"Masked Bandits","floor":22,"turns":5},{"damage":6,"enemies":"Cultist and Chosen","floor":24,"turns":7},{"damage":0,"enemies":"Sentry and Sphere","floor":27,"turns":3},{"damage":3,"enemies":"Snake Plant","floor":28,"turns":3},{"damage":0,"enemies":"Shelled Parasite and Fungi","floor":29,"turns":5},{"damage":40,"enemies":"Champ","floor":33,"turns":9}],"seed_played":"-849510809220230304","potions_obtained":[{"floor":1,"key":"SkillPotion"},{"floor":4,"key":"SkillPotion"},{"floor":11,"key":"Regen Potion"}],"is_trial":false,"path_per_floor":["M","$","?","M","?","R","E","R","T","R","?","M","E","$","R","B",null,"M","M","?","M","?","R","M","R","T","M","M","M","?","$","R","B"],"character_chosen":"THE_SILENT","items_purchased":["Predator","Bag of Marbles","Tools of the Trade","Leg Sweep"],"campfire_rested":1,"item_purchase_floors":[2,14,31,31],"current_hp_per_floor":[59,59,59,59,59,59,55,55,55,55,25,25,16,16,50,3,50,40,40,33,33,18,18,12,12,12,12,9,9,9,9,9,0],"gold":24,"neow_bonus":"THREE_ENEMY_KILL","is_prod":false,"is_daily":false,"chose_seed":false,"campfire_upgraded":6,"win_rate":0,"timestamp":1554397502,"path_taken":["M","?","?","M","?","R","E","R","T","R","?","?","E","$","R","BOSS","M","M","?","M","?","R","M","R","T","M","M","M","?","$","R","BOSS"],"build_version":"2019-01-23","purchased_purges":0,"victory":false,"max_hp_per_floor":[66,66,66,66,66,66,66,66,66,66,66,66,66,66,66,66,66,66,66,33,33,33,33,33,33,33,33,33,33,33,33,33,33],"card_choices":[{"not_picked":["Setup","Dagger Throw"],"picked":"Deadly Poison","floor":1},{"not_picked":["Escape Plan","Deadly Poison"],"picked":"Crippling Poison","floor":4},{"not_picked":["Sucker Punch","Deadly Poison"],"picked":"Dagger Spray","floor":7},{"not_picked":["Night Terror","Blur"],"picked":"Poisoned Stab","floor":12},{"not_picked":["Venomology","Flying Knee","Flechettes"],"picked":"SKIP","floor":13},{"not_picked":["Cloak And Dagger","Expertise"],"picked":"Skewer","floor":18},{"not_picked":["Reflex","PiercingWail"],"picked":"Acrobatics","floor":19},{"not_picked":["Bane","Dagger Spray","Reflex"],"picked":"SKIP","floor":21},{"not_picked":["Slice","Outmaneuver"],"picked":"Dagger Throw+1","floor":22},{"not_picked":["Catalyst","All Out Attack"],"picked":"Backflip","floor":24},{"not_picked":["Flying Knee","Finisher","Caltrops"],"picked":"SKIP","floor":27},{"not_picked":["Corpse Explosion","Choke"],"picked":"Deflect+1","floor":28},{"not_picked":["Outmaneuver","Cloak And Dagger"],"picked":"Noxious Fumes","floor":29}],"player_experience":443765,"relics_obtained":[{"floor":7,"key":"Ornamental Fan"},{"floor":9,"key":"Tingsha"},{"floor":11,"key":"Regal Pillow"},{"floor":13,"key":"Lantern"},{"floor":22,"key":"Red Mask"},{"floor":26,"key":"Pantograph"}],"event_choices":[{"damage_healed":0,"gold_gain":0,"player_choice":"Leave","damage_taken":0,"max_hp_gain":0,"max_hp_loss":0,"event_name":"The Cleric","floor":3,"gold_loss":0},{"damage_healed":0,"gold_gain":0,"player_choice":"Grow","damage_taken":0,"max_hp_gain":0,"max_hp_loss":0,"event_name":"Living Wall","floor":5,"gold_loss":0,"cards_upgraded":["Predator"]},{"damage_healed":0,"gold_gain":0,"player_choice":"Searched \u00271\u0027 times","damage_taken":0,"max_hp_gain":0,"max_hp_loss":0,"event_name":"Dead Adventurer","floor":11,"gold_loss":0},{"damage_healed":0,"gold_gain":0,"player_choice":"Became a Ghost","damage_taken":0,"max_hp_gain":0,"max_hp_loss":33,"event_name":"Ghosts","floor":20,"gold_loss":0,"cards_obtained":["Ghostly","Ghostly","Ghostly"]},{"damage_healed":0,"gold_gain":0,"player_choice":"Fought Bandits","damage_taken":0,"max_hp_gain":0,"max_hp_loss":0,"event_name":"Masked Bandits","floor":22,"gold_loss":0},{"damage_healed":0,"gold_gain":0,"cards_transformed":["Strike_G","Strike_G"],"player_choice":"Became Test Subject","damage_taken":0,"max_hp_gain":0,"max_hp_loss":0,"event_name":"Drug Dealer","floor":30,"gold_loss":0,"cards_obtained":["Dagger Spray","Bouncing Flask"]}],"is_beta":false,"boss_relics":[{"not_picked":["Philosopher\u0027s Stone","Pandora\u0027s Box"],"picked":"Sozu"}],"items_purged_floors":[],"is_endless":false,"potions_floor_spawned":[1,4,11,22,28,29],"killed_by":"Champ","ascension_level":20}