{"gold_per_floor":[115,115,126,126,126,126,145,180,207,217,217,227,239,304,304,403,403,419,334,353,262,276,276,132,148,148,247,266,276,276,293,293,293],"floor_reached":33,"playtime":1795,"items_purged":[],"score":251,"play_id":"eb2ac18e-21c1-4719-8e11-0ae1c2cb5db1","local_time":"20181031121047","is_ascension_mode":false,"campfire_choices":[{"data":"Flying Knee","floor":6,"key":"SMITH"},{"data":"Skewer","floor":15,"key":"SMITH"},{"data":"Noxious Fumes","floor":23,"key":"SMITH"},{"floor":30,"key":"REST"},{"floor":32,"key":"REST"}],"neow_cost":"NONE","seed_source_timestamp":1172771144762,"circlet_count":0,"master_deck":["Defend_G","Defend_G","Defend_G","Defend_G","Defend_G","Strike_G","Strike_G","Strike_G","Strike_G","Strike_G","Survivor","Neutralize","Outmaneuver+1","Flying Knee+1","Bouncing Flask","Cloak And Dagger","Dagger Spray","Skewer+1","Bullet Time","Blade Dance","Deflect+1","Noxious Fumes+1","Prepared","Masterful Stab","Envenom","Blade Dance","Infinite Blades","Slice+1"],"relics":["Ring of the Snake","NeowsBlessing","Bronze Scales","Ancient Tea Set","Sozu","Pantograph","Gremlin Horn"],"potions_floor_usage":[8,16,16,16,25,28],"damage_taken":[{"damage":0,"enemies":"2 Louse","floor":1,"turns":1},{"damage":0,"enemies":"Cultist","floor":3,"turns":1},{"damage":0,"enemies":"Jaw Worm","floor":7,"turns":1},{"damage":24,"enemies":"3 Sentries","floor":8,"turns":11},{"damage":0,"enemies":"Lots of Slimes","floor":10,"turns":4},{"damage":0,"enemies":"3 Louse","floor":12,"turns":4},{"damage":2,"enemies":"Blue Slaver","floor":13,"turns":3},{"damage":8,"enemies":"Slime Boss","floor":16,"turns":4},{"damage":2,"enemies":"Chosen","floor":18,"turns":4},{"damage":23,"enemies":"Shell Parasite","floor":20,"turns":6},{"damage":8,"enemies":"3 Cultists","floor":22,"turns":5},{"damage":11,"enemies":"Centurion and Healer","floor":25,"turns":7},{"damage":10,"enemies":"Sentry and Sphere","floor":28,"turns":5},{"damage":10,"enemies":"Snake Plant","floor":29,"turns":4},{"damage":13,"enemies":"Centurion and Healer","floor":31,"turns":5},{"damage":62,"enemies":"Collector","floor":33,"turns":6}],"seed_played":"8654283666579369386","potions_obtained":[{"floor":3,"key":"Strength Potion"},{"floor":5,"key":"GhostInAJar"},{"floor":5,"key":"Energy Potion"},{"floor":10,"key":"EntropicBrew"}],"is_trial":false,"path_per_floor":["M","?","M","$","?","R","M","E","T","M","?","M","M","?","R","B",null,"M","?","M","$","M","R","$","M","T","?","M","M","R","M","R"],"character_chosen":"THE_SILENT","items_purchased":["Noxious Fumes","Prepared","Envenom"],"campfire_rested":2,"item_purchase_floors":[21,21,24],"current_hp_per_floor":[70,70,70,70,70,70,70,46,46,46,46,46,44,44,44,36,70,68,68,45,45,37,37,37,26,26,26,16,6,27,14,35,0],"gold":293,"neow_bonus":"THREE_ENEMY_KILL","is_prod":false,"is_daily":false,"chose_seed":false,"campfire_upgraded":3,"win_rate":0,"timestamp":1540948247,"path_taken":["M","?","?","$","?","R","M","E","T","M","?","M","M","?","R","BOSS","M","?","?","$","M","R","$","M","T","?","M","M","R","M","R","BOSS"],"build_version":"2018-10-29v2","purchased_purges":0,"victory":false,"max_hp_per_floor":[70,70,70,70,70,70,70,70,70,70,70,70,70,70,70,70,70,70,70,70,70,70,70,70,70,70,70,70,70,70,70,70,70],"card_choices":[{"not_picked":["Underhanded Strike","Riddle With Holes"],"picked":"Outmaneuver","floor":1},{"not_picked":["Slice","Catalyst"],"picked":"Flying Knee","floor":3},{"not_picked":["Storm of Steel","Outmaneuver"],"picked":"Bouncing Flask","floor":7},{"not_picked":["Heel Hook","Concentrate"],"picked":"Cloak And Dagger","floor":8},{"not_picked":["Bane","Underhanded Strike","Outmaneuver"],"picked":"SKIP","floor":10},{"not_picked":["Deadly Poison","Expertise"],"picked":"Dagger Spray","floor":12},{"not_picked":["Poisoned Stab","Dagger Throw"],"picked":"Skewer","floor":13},{"not_picked":["After Image","Grand Finale"],"picked":"Bullet Time","floor":16},{"not_picked":["Accuracy","Deadly Poison"],"picked":"Blade Dance","floor":18},{"not_picked":["Escape Plan","Catalyst"],"picked":"Deflect+1","floor":20},{"not_picked":["Underhanded Strike+1","Backflip"],"picked":"Masterful Stab","floor":22},{"not_picked":["Deflect","Poisoned Stab"],"picked":"Blade Dance","floor":25},{"not_picked":["Calculated Gamble","Caltrops"],"picked":"Infinite Blades","floor":28},{"not_picked":["Flying Knee","Deadly Poison"],"picked":"Slice+1","floor":29},{"not_picked":["Calculated Gamble+1","Adrenaline","Caltrops"],"picked":"SKIP","floor":31}],"player_experience":139440,"relics_obtained":[{"floor":8,"key":"Bronze Scales"},{"floor":9,"key":"Ancient Tea Set"},{"floor":26,"key":"Gremlin Horn"}],"event_choices":[{"damage_healed":0,"gold_gain":0,"player_choice":"Upgraded","damage_taken":0,"max_hp_gain":0,"max_hp_loss":0,"event_name":"Upgrade Shrine","floor":2,"gold_loss":0,"cards_upgraded":["Outmaneuver"]},{"damage_healed":0,"gold_gain":0,"player_choice":"Got Potions","damage_taken":0,"max_hp_gain":0,"max_hp_loss":0,"event_name":"The Lab","floor":5,"gold_loss":0},{"damage_healed":0,"gold_gain":30,"player_choice":"Searched \u00272\u0027 times","damage_taken":0,"max_hp_gain":0,"max_hp_loss":0,"event_name":"Dead Adventurer","floor":11,"gold_loss":0},{"damage_healed":0,"gold_gain":65,"player_choice":"Gained Gold","damage_taken":0,"max_hp_gain":0,"max_hp_loss":0,"event_name":"Golden Wing","floor":14,"gold_loss":0},{"damage_healed":0,"gold_gain":0,"player_choice":"Obtained Relic","damage_taken":0,"relics_obtained":["Pantograph"],"max_hp_gain":0,"max_hp_loss":0,"event_name":"Addict","floor":19,"gold_loss":85},{"damage_healed":0,"gold_gain":99,"player_choice":"Stole From Cult","damage_taken":0,"max_hp_gain":0,"max_hp_loss":0,"event_name":"Nest","floor":27,"gold_loss":0}],"is_beta":true,"boss_relics":[{"not_picked":["White Beast Statue","Coffee Dripper"],"picked":"Sozu"}],"items_purged_floors":[],"is_endless":false,"potions_floor_spawned":[3,7,10,13,20,29,31],"killed_by":"Collector","ascension_level":0}