{"gold_per_floor":[110,120,120,14,14,46,46,84,159,159,190,203,203,226,226,325,325,340,93,93,218,218,218,218,236,281,10,10,10,10,33,33,124,124,148,481,495,495],"floor_reached":38,"playtime":1081,"items_purged":["Strike_R"],"score":789,"play_id":"fdffc60e-4f50-48f7-b63a-0ebf564cb49d","local_time":"20190524233101","is_ascension_mode":true,"campfire_choices":[{"data":"Whirlwind","floor":10.0,"key":"SMITH"},{"floor":15.0,"key":"REST"},{"data":"Demon Form","floor":23.0,"key":"SMITH"},{"data":"1","floor":30.0,"key":"LIFT"},{"data":"Heavy Blade","floor":32.0,"key":"SMITH"}],"neow_cost":"NONE","seed_source_timestamp":307232052358018,"circlet_count":0,"master_deck":["AscendersBane","Strike_R","Strike_R","Strike_R","Defend_R","Defend_R+1","Defend_R","Bash","Battle Trance+1","Whirlwind+1","Dramatic Entrance","Flame Barrier","Demon Form+1","Heavy Blade+1"],"special_seed":0,"relics":["Burning Blood","NeowsBlessing","War Paint","Pocketwatch","Kunai","Pen Nib","Busted Crown","Juzu Bracelet","MutagenicStrength","Torii","The Courier","Enchiridion","Red Skull","Girya","Black Star"],"potions_floor_usage":[],"damage_taken":[{"damage":0.0,"enemies":"Cultist","floor":1.0,"turns":1.0},{"damage":0.0,"enemies":"2 Louse","floor":2.0,"turns":1.0},{"damage":0.0,"enemies":"Lagavulin","floor":6.0,"turns":1.0},{"damage":44.0,"enemies":"Gremlin Nob","floor":8.0,"turns":5.0},{"damage":22.0,"enemies":"3 Sentries","floor":11.0,"turns":5.0},{"damage":0.0,"enemies":"Small Slimes","floor":12.0,"turns":1.0},{"damage":1.0,"enemies":"Blue Slaver","floor":14.0,"turns":5.0},{"damage":5.0,"enemies":"The Guardian","floor":16.0,"turns":14.0},{"damage":0.0,"enemies":"Chosen","floor":18.0,"turns":5.0},{"damage":0.0,"enemies":"Colosseum Slavers","floor":21.0,"turns":4.0},{"damage":30.0,"enemies":"Colosseum Nobs","floor":21.0,"turns":3.0},{"damage":2.0,"enemies":"Spheric Guardian","floor":25.0,"turns":5.0},{"damage":2.0,"enemies":"Chosen and Byrds","floor":31.0,"turns":3.0},{"damage":13.0,"enemies":"Collector","floor":33.0,"turns":5.0},{"damage":9.0,"enemies":"Orb Walker","floor":35.0,"turns":3.0},{"damage":49.0,"enemies":"3 Darklings","floor":37.0,"turns":3.0},{"damage":46,"enemies":"Maw","floor":38,"turns":4}],"seed_played":"-4421143716288125341","potions_obtained":[{"floor":8.0,"key":"SpeedPotion"},{"floor":11.0,"key":"Strength Potion"},{"floor":16.0,"key":"SneckoOil"},{"floor":25.0,"key":"Fire Potion"},{"floor":29.0,"key":"Fruit Juice"}],"is_trial":false,"path_per_floor":["M","M","?","$","$","E","?","E","T","R","E","M","?","M","R","B",null,"M","$","?","?","?","R","?","M","T","$","?","?","R","M","R","B",null,"M","?","M","M"],"character_chosen":"IRONCLAD","items_purchased":["Dramatic Entrance","Juzu Bracelet","Girya"],"campfire_rested":1,"item_purchase_floors":[4,19,27],"current_hp_per_floor":[74,75,75,75,75,75,68,30,30,30,14,20,13,18,38,39,61,67,67,67,44,44,44,23,27,27,27,27,27,27,31,31,29,62,59,59,16,0],"gold":495,"neow_bonus":"THREE_ENEMY_KILL","is_prod":false,"is_daily":false,"chose_seed":false,"campfire_upgraded":3,"win_rate":0,"timestamp":1558762261,"path_taken":["M","?","?","?","$","E","?","E","T","R","E","M","?","M","R","BOSS","M","$","?","?","?","R","?","M","T","$","?","?","R","M","R","BOSS","M","?","M","M"],"build_version":"2019-01-23","purchased_purges":1,"victory":false,"max_hp_per_floor":[75,75,75,75,75,75,68,68,68,68,68,68,68,68,68,68,68,68,68,68,68,68,68,68,68,68,68,68,68,68,68,68,73,73,73,73,73,73],"card_choices":[{"not_picked":["Warcry","Rampage","Armaments"],"picked":"SKIP","floor":1.0},{"not_picked":["Anger","Dual Wield"],"picked":"Battle Trance","floor":2.0},{"not_picked":["Cleave","Ghostly Armor","Bloodletting"],"picked":"SKIP","floor":6.0},{"not_picked":["Flex","Power Through","Whirlwind"],"picked":"SKIP","floor":8.0},{"not_picked":["Bludgeon","Rupture","Body Slam"],"picked":"SKIP","floor":11.0},{"not_picked":["Blood for Blood","Cleave"],"picked":"Flame Barrier","floor":12.0},{"not_picked":["Perfected Strike","Intimidate","Flex"],"picked":"SKIP","floor":14.0},{"not_picked":["Feed","Reaper"],"picked":"Demon Form","floor":16.0},{"not_picked":["Pummel"],"picked":"SKIP","floor":18.0},{"not_picked":["Twin Strike"],"picked":"SKIP","floor":25.0},{"not_picked":["Reckless Charge"],"picked":"SKIP","floor":31.0},{"not_picked":["Fire Breathing+1"],"picked":"SKIP","floor":35.0},{"not_picked":["Armaments"],"picked":"SKIP","floor":37.0}],"player_experience":601235,"relics_obtained":[{"floor":6.0,"key":"War Paint"},{"floor":8.0,"key":"Pocketwatch"},{"floor":9.0,"key":"Kunai"},{"floor":11.0,"key":"Pen Nib"},{"floor":21.0,"key":"Torii"},{"floor":21.0,"key":"The Courier"},{"floor":24.0,"key":"Enchiridion"},{"floor":26.0,"key":"Red Skull"}],"event_choices":[{"damage_healed":0.0,"max_hp_gain":0.0,"max_hp_loss":0.0,"gold_gain":0.0,"cards_transformed":["Strike_R"],"event_name":"Transmorgrifier","player_choice":"Transformed","floor":3.0,"gold_loss":0.0,"damage_taken":0.0,"cards_obtained":["Whirlwind"]},{"damage_healed":0.0,"max_hp_gain":0.0,"max_hp_loss":7.0,"gold_gain":0.0,"event_name":"Golden Idol","player_choice":"Lose Max HP","floor":7.0,"gold_loss":0.0,"damage_taken":0.0,"relics_obtained":["Golden Idol"]},{"cards_removed":["Defend_R"],"damage_healed":0.0,"max_hp_gain":0.0,"max_hp_loss":0.0,"gold_gain":0.0,"event_name":"Golden Wing","player_choice":"Card Removal","floor":13.0,"gold_loss":0.0,"damage_taken":7.0},{"damage_healed":0.0,"max_hp_gain":0.0,"max_hp_loss":0.0,"gold_gain":0.0,"event_name":"Drug Dealer","player_choice":"Inject Mutagens","floor":20.0,"gold_loss":0.0,"damage_taken":0.0,"relics_obtained":["MutagenicStrength"]},{"damage_healed":0.0,"max_hp_gain":0.0,"max_hp_loss":0.0,"gold_gain":0.0,"event_name":"Colosseum","player_choice":"Fight","floor":21.0,"gold_loss":0.0,"damage_taken":0.0},{"damage_healed":0.0,"max_hp_gain":0.0,"max_hp_loss":0.0,"gold_gain":0.0,"event_name":"Colosseum","player_choice":"Fought Nobs","floor":21.0,"gold_loss":0.0,"damage_taken":0.0},{"damage_healed":0.0,"max_hp_gain":0.0,"max_hp_loss":0.0,"gold_gain":0.0,"event_name":"The Library","player_choice":"Read","floor":22.0,"gold_loss":0.0,"damage_taken":0.0,"cards_obtained":["Heavy Blade"]},{"damage_healed":0.0,"max_hp_gain":0.0,"max_hp_loss":0.0,"gold_gain":0.0,"event_name":"Cursed Tome","player_choice":"Obtained Book","floor":24.0,"gold_loss":0.0,"damage_taken":21.0},{"damage_healed":0.0,"max_hp_gain":0.0,"max_hp_loss":0.0,"gold_gain":0.0,"event_name":"Beggar","player_choice":"Ignored","floor":28.0,"gold_loss":0.0,"damage_taken":0.0},{"damage_healed":0.0,"max_hp_gain":0.0,"max_hp_loss":0.0,"gold_gain":0.0,"event_name":"Lab","player_choice":"Got Potions","floor":29.0,"gold_loss":0.0,"damage_taken":0.0},{"damage_healed":0.0,"max_hp_gain":0.0,"max_hp_loss":0.0,"gold_gain":333.0,"event_name":"The Moai Head","player_choice":"Gave Idol","floor":36.0,"relics_lost":["Golden Idol"],"gold_loss":0.0,"damage_taken":0.0}],"is_beta":false,"boss_relics":[{"not_picked":["Black Blood","Fusion Hammer"],"picked":"Busted Crown"},{"not_picked":["Runic Dome","Snecko Eye"],"picked":"Black Star"}],"items_purged_floors":[19],"is_endless":false,"potions_floor_spawned":[8,11,16,25,31],"killed_by":"Maw","ascension_level":17}