{"path_per_floor":["M","?","M","M","?","E","R","M","T","R","?","$","E","M","R","B",null,"M","?","?","M","?","R","E","R","T","E"],"character_chosen":"IRONCLAD","items_purchased":["Double Tap"],"gold_per_floor":[118,68,85,95,95,124,124,144,144,144,144,7,38,55,55,156,156,168,168,168,183,183,183,216,216,216,243,243],"floor_reached":28,"campfire_rested":3,"playtime":1099,"item_purchase_floors":[12],"current_hp_per_floor":[80,77,77,77,70,37,37,34,34,57,50,50,38,37,37,33,77,54,40,40,16,16,40,13,37,37,9,0],"items_purged":[],"gold":243,"score":304,"play_id":"59154fb0-bb85-4a7d-ab73-1368676f73ce","local_time":"20180609131918","is_prod":false,"is_daily":false,"chose_seed":false,"is_ascension_mode":true,"campfire_upgraded":1,"win_rate":0,"timestamp":1528514358,"campfire_choices":[{"data":"Strike_R","floor":7,"key":"PURGE"},{"floor":10,"key":"REST"},{"data":"Double Tap","floor":15,"key":"SMITH"},{"floor":23,"key":"REST"},{"floor":25,"key":"REST"}],"path_taken":["M","?","M","M","?","E","R","M","T","R","?","?","E","M","R","BOSS","M","?","?","M","?","R","E","R","T","E","M"],"build_version":"2018-06-07v3","seed_source_timestamp":6312291239710,"purchased_purges":0,"victory":false,"master_deck":["Strike_R","Strike_R","Strike_R","Defend_R","Defend_R","Defend_R","Defend_R","Bash","Pommel Strike","Headbutt+1","Double Tap+1","Inflame+1","Demon Form+1","Shockwave+1","Pommel Strike+1"],"max_hp_per_floor":[80,77,77,77,77,77,77,77,77,77,77,77,77,77,77,77,77,77,82,82,82,82,82,82,82,82,82,82],"relics":["Burning Blood","Peace Pipe","Pantograph","Frozen Egg 2","Happy Flower","Runic Pyramid","Ornamental Fan","Mummified Hand","Meat on the Bone"],"card_choices":[{"not_picked":["Uppercut","Anger"],"picked":"Pommel Strike","floor":1},{"not_picked":["Heavy Blade","Body Slam"],"picked":"Headbutt","floor":3},{"not_picked":["Clash","Pummel","Fiend Fire"],"picked":"SKIP","floor":4},{"not_picked":["Hemokinesis","Entrench","Wild Strike"],"picked":"SKIP","floor":6},{"not_picked":["Body Slam","Warcry","Anger"],"picked":"SKIP","floor":8},{"not_picked":["Feel No Pain+1","Evolve+1","Entrench"],"picked":"SKIP","floor":13},{"not_picked":["Headbutt","Pommel Strike"],"picked":"Inflame+1","floor":14},{"not_picked":["Barricade+1","Reaper"],"picked":"Demon Form+1","floor":16},{"not_picked":["Power Through+1","Pommel Strike"],"picked":"Shockwave+1","floor":18},{"not_picked":["Thunderclap","Warcry"],"picked":"Pommel Strike+1","floor":21},{"not_picked":["Perfected Strike","Thunderclap","Berserk+1"],"picked":"SKIP","floor":24},{"not_picked":["Rage","Entrench+1","Warcry"],"picked":"SKIP","floor":27}],"player_experience":104667,"potions_floor_usage":[13,16,21,24,24],"damage_taken":[{"damage":4,"enemies":"2 Louse","floor":1,"turns":3},{"damage":1,"enemies":"Cultist","floor":3,"turns":3},{"damage":6,"enemies":"Jaw Worm","floor":4,"turns":4},{"damage":39,"enemies":"3 Sentries","floor":6,"turns":8},{"damage":9,"enemies":"Exordium Wildlife","floor":8,"turns":4},{"damage":18,"enemies":"Gremlin Nob","floor":13,"turns":3},{"damage":7,"enemies":"Looter","floor":14,"turns":3},{"damage":35,"enemies":"Slime Boss","floor":16,"turns":8},{"damage":29,"enemies":"Shell Parasite","floor":18,"turns":4},{"damage":42,"enemies":"3 Byrds","floor":21,"turns":5},{"damage":33,"enemies":"Gremlin Leader","floor":24,"turns":4},{"damage":34,"enemies":"Book of Stabbing","floor":27,"turns":4},{"damage":11,"enemies":"Centurion and Healer","floor":28,"turns":3}],"relics_obtained":[{"floor":6,"key":"Pantograph"},{"floor":9,"key":"Frozen Egg 2"},{"floor":13,"key":"Happy Flower"},{"floor":24,"key":"Ornamental Fan"},{"floor":26,"key":"Mummified Hand"},{"floor":27,"key":"Meat on the Bone"}],"event_choices":[{"event_name":"The Cleric","player_choice":"Card Removal","floor":2,"damage_taken":0},{"event_name":"Golden Wing","player_choice":"Card Removal","floor":5,"damage_taken":0},{"event_name":"Wheel of Change","player_choice":"Damage","floor":11,"damage_taken":0},{"event_name":"Forgotten Altar","player_choice":"Shed Blood","floor":19,"damage_taken":0},{"event_name":"The Woman in Blue","player_choice":"Bought 0 Potions","floor":20,"damage_taken":0},{"event_name":"Accursed Blacksmith","player_choice":"Forge","floor":22,"damage_taken":0}],"boss_relics":[{"not_picked":["Ectoplasm","Black Blood"],"picked":"Runic Pyramid"}],"items_purged_floors":[],"potions_floor_spawned":[1,4,14,16,18,21],"seed_played":"2771675119553479472","killed_by":"Centurion and Healer","ascension_level":3,"potions_obtained":[{"floor":1,"key":"Strength Potion"},{"floor":4,"key":"Fire Potion"},{"floor":14,"key":"Dexterity Potion"},{"floor":16,"key":"Swift Potion"},{"floor":18,"key":"Regen Potion"},{"floor":21,"key":"PowerPotion"}],"is_trial":false}