{"gold_per_floor":[216,226,61,61,77,109,109,120,189,189,189,208,208,222,222,352,352,376,376,392,45,45,45,58,58,103,123,161,161,111,151,151,271,271,291,315,315,333,349,388,90,108,163,177,201,201,51,67,67,67],"floor_reached":51,"playtime":4900,"items_purged":["Strike_B","Strike_B","Strike_B","Consume+1"],"score":1156,"play_id":"aaa5d52f-5754-4178-ad7b-ddc5cbc1e47f","local_time":"20190607122637","is_ascension_mode":true,"campfire_choices":[{"floor":7,"key":"REST"},{"floor":10,"key":"REST"},{"data":"Apotheosis","floor":13,"key":"SMITH"},{"floor":15,"key":"REST"},{"data":"Defragment","floor":23,"key":"SMITH"},{"data":"Buffer","floor":25,"key":"SMITH"},{"floor":29,"key":"REST"},{"data":"Fission","floor":32,"key":"SMITH"},{"data":"Reboot","floor":49,"key":"SMITH"}],"neow_cost":"NONE","seed_source_timestamp":744031522654855,"circlet_count":0,"master_deck":["AscendersBane","Defend_B","Defend_B","Defend_B","Defend_B","Zap","Dualcast","Conserve Battery","Coolheaded","Apotheosis+1","Self Repair","Ball Lightning","Fission+1","Buffer+1","BootSequence+1","Defragment+1","Coolheaded","White Noise","Cold Snap","Core Surge","Glacier","Chaos+1","Electrodynamics","Beam Cell+1","Core Surge","Double Energy","Thinking Ahead","Reboot+1","Static Discharge+1","Coolheaded+1","White Noise+1","Capacitor+1"],"relics":["Cracked Core","Gambling Chip","Mercury Hourglass","Golden Idol","Philosopher\u0027s Stone","Membership Card","DataDisk","Happy Flower","Pen Nib","Dream Catcher","Runic Pyramid","Question Card","Prayer Wheel","Strawberry","Sundial","Centennial Puzzle"],"potions_floor_usage":[6,16,24,24,24,33,39,44,50],"damage_taken":[{"damage":7,"enemies":"Jaw Worm","floor":1,"turns":3},{"damage":0,"enemies":"2 Louse","floor":2,"turns":2},{"damage":0,"enemies":"Cultist","floor":5,"turns":4},{"damage":36,"enemies":"Gremlin Nob","floor":6,"turns":4},{"damage":44,"enemies":"Gremlin Gang","floor":8,"turns":5},{"damage":1,"enemies":"Blue Slaver","floor":12,"turns":4},{"damage":12,"enemies":"Lots of Slimes","floor":14,"turns":2},{"damage":0,"enemies":"The Guardian","floor":16,"turns":9},{"damage":7,"enemies":"Shell Parasite","floor":18,"turns":5},{"damage":7,"enemies":"Spheric Guardian","floor":20,"turns":6},{"damage":8,"enemies":"Chosen and Byrds","floor":24,"turns":6},{"damage":0,"enemies":"3 Cultists","floor":27,"turns":5},{"damage":37,"enemies":"Book of Stabbing","floor":28,"turns":5},{"damage":27,"enemies":"Slavers","floor":31,"turns":6},{"damage":16,"enemies":"Automaton","floor":33,"turns":10},{"damage":0,"enemies":"Orb Walker","floor":35,"turns":4},{"damage":32,"enemies":"3 Darklings","floor":36,"turns":5},{"damage":0,"enemies":"Spire Growth","floor":38,"turns":5},{"damage":0,"enemies":"Maw","floor":39,"turns":7},{"damage":0,"enemies":"Giant Head","floor":40,"turns":10},{"damage":0,"enemies":"Transient","floor":42,"turns":5},{"damage":13,"enemies":"Jaw Worm Horde","floor":44,"turns":5},{"damage":0,"enemies":"Maw","floor":45,"turns":6},{"damage":8,"enemies":"Spire Growth","floor":48,"turns":4},{"damage":29,"enemies":"Time Eater","floor":50,"turns":12}],"seed_played":"5152007106578048711","potions_obtained":[{"floor":1,"key":"SteroidPotion"},{"floor":5,"key":"Ancient Potion"},{"floor":12,"key":"Weak Potion"},{"floor":14,"key":"Poison Potion"},{"floor":19,"key":"EntropicBrew"},{"floor":20,"key":"Block Potion"},{"floor":31,"key":"FocusPotion"},{"floor":36,"key":"Explosive Potion"},{"floor":39,"key":"AttackPotion"},{"floor":44,"key":"Block Potion"}],"is_trial":false,"path_per_floor":["?","?","?","$","M","?","M","M","T"],"character_chosen":"DEFECT","items_purchased":["Apotheosis","Membership Card","DataDisk","Defragment","Thinking Ahead","Prayer Wheel","Centennial Puzzle"],"campfire_rested":4,"item_purchase_floors":[3,21,21,21,41,41,47],"current_hp_per_floor":[61,61,61,66,66,40,64,30,30,54,34,40,40,38,62,72,78,80,80,80,80,80,80,79,79,79,80,43,67,67,60,60,54,74,80,58,58,68,75,80,80,80,87,81,87,87,87,87,87,68],"gold":67,"neow_bonus":"HUNDRED_GOLD","is_prod":false,"is_daily":false,"chose_seed":false,"campfire_upgraded":5,"win_rate":0,"timestamp":1559939197,"path_taken":["M","M","$","?","M","E","R","M","T","R","?","M","R","M","R","BOSS","M","?","M","?","$","R","?","R","T","M","E","R","$","E","R","BOSS","M","M","?","?","?","E","$","M","T","M","M","?","$","M","R","BOSS"],"build_version":"2019-01-23","purchased_purges":4,"victory":true,"max_hp_per_floor":[75,75,75,80,80,80,80,80,80,80,80,80,80,80,80,80,80,80,80,80,80,80,80,80,80,80,80,80,80,80,80,80,80,80,80,80,80,80,80,80,80,80,87,87,87,87,87,87,87,87],"card_choices":[{"not_picked":["Undo","Loop"],"picked":"Conserve Battery","floor":1},{"not_picked":["Sweeping Beam","Go for the Eyes"],"picked":"Coolheaded","floor":2},{"not_picked":["Turbo","Sweeping Beam"],"picked":"Self Repair","floor":5},{"not_picked":["Aggregate","Leap","Steam Power"],"picked":"SKIP","floor":6},{"not_picked":["Recycle","Hologram"],"picked":"Ball Lightning","floor":8},{"not_picked":["Compile Driver","Beam Cell"],"picked":"Fission","floor":12},{"not_picked":["Reinforced Body","Go for the Eyes","Stack"],"picked":"SKIP","floor":14},{"not_picked":["Amplify","Hyperbeam"],"picked":"Buffer","floor":16},{"not_picked":["Hello World","FTL"],"picked":"BootSequence+1","floor":18},{"not_picked":["Recycle","Undo"],"picked":"Consume+1","floor":20},{"not_picked":["Barrage","Sunder"],"picked":"Coolheaded","floor":24},{"not_picked":["Cold Snap","Reprogram"],"picked":"White Noise","floor":27},{"not_picked":["Force Field","Hyperbeam","Barrage"],"picked":"SKIP","floor":28},{"not_picked":["Rebound","Redo"],"picked":"Cold Snap","floor":31},{"not_picked":["Buffer","Thunder Strike"],"picked":"Core Surge","floor":33},{"not_picked":["Beam Cell+1","Hologram"],"picked":"Glacier","floor":35},{"not_picked":["Compile Driver+1","Reinforced Body"],"picked":"Chaos+1","floor":36},{"not_picked":["Gash","Turbo+1"],"picked":"Beam Cell+1","floor":38},{"not_picked":["Rip and Tear+1","Conserve Battery+1"],"picked":"Core Surge","floor":39},{"not_picked":["Ball Lightning","Hello World+1"],"picked":"Double Energy","floor":40},{"not_picked":["Coolheaded","Go for the Eyes","Hologram"],"picked":"Reboot","floor":42},{"not_picked":["Ball Lightning","Turbo+1","Steam+1","Cold Snap+1"],"picked":"SKIP","floor":42},{"not_picked":["Sweeping Beam","Hello World","Steam+1"],"picked":"Static Discharge+1","floor":44},{"not_picked":["Melter+1","Recycle+1","Rebound+1","Coolheaded"],"picked":"SKIP","floor":44},{"not_picked":["Streamline+1","Lockon+1","Double Energy"],"picked":"Coolheaded+1","floor":45},{"not_picked":["Beam Cell","Ball Lightning+1","Rebound+1"],"picked":"White Noise+1","floor":45},{"not_picked":["Compile Driver","Sweeping Beam","Sunder"],"picked":"Capacitor+1","floor":48},{"not_picked":["Turbo+1","Conserve Battery+1","Creative AI","Hologram+1"],"picked":"SKIP","floor":48}],"player_experience":302263,"relics_obtained":[{"floor":6,"key":"Gambling Chip"},{"floor":9,"key":"Mercury Hourglass"},{"floor":26,"key":"Happy Flower"},{"floor":28,"key":"Pen Nib"},{"floor":31,"key":"Dream Catcher"},{"floor":40,"key":"Question Card"},{"floor":43,"key":"Strawberry"},{"floor":46,"key":"Sundial"}],"event_choices":[{"damage_healed":0,"gold_gain":0,"player_choice":"Donut","damage_taken":0,"max_hp_gain":5,"max_hp_loss":0,"event_name":"Big Fish","floor":4,"gold_loss":0},{"damage_healed":0,"gold_gain":0,"player_choice":"Take Damage","damage_taken":20,"relics_obtained":["Golden Idol"],"max_hp_gain":0,"max_hp_loss":0,"event_name":"Golden Idol","floor":11,"gold_loss":0},{"damage_healed":0,"gold_gain":0,"player_choice":"Got Potions","damage_taken":0,"max_hp_gain":0,"max_hp_loss":0,"event_name":"Lab","floor":19,"gold_loss":0},{"damage_healed":0,"gold_gain":0,"cards_transformed":["Strike_B"],"player_choice":"Transformed","damage_taken":0,"max_hp_gain":0,"max_hp_loss":0,"event_name":"Transmorgrifier","floor":37,"gold_loss":0,"cards_obtained":["Electrodynamics"]}],"is_beta":false,"boss_relics":[{"not_picked":["Busted Crown","Fusion Hammer"],"picked":"Philosopher\u0027s Stone"},{"not_picked":["Snecko Eye","FrozenCore"],"picked":"Runic Pyramid"}],"items_purged_floors":[21,30,41,47],"is_endless":false,"potions_floor_spawned":[1,5,12,14,20,31,36,39,44],"ascension_level":11}