{"gold_per_floor":[118,137,61,61,77,112,112,127,127,168,187,187,262,306,306,434,434,448,482,407,427,441,441,484,484,484,507,507,525,525,538,538,538],"floor_reached":33,"playtime":1407,"items_purged":["Strike_R"],"score":416,"play_id":"f4525278-e7df-440a-b281-2168938f4587","local_time":"20190424185518","is_ascension_mode":true,"campfire_choices":[{"data":"1","floor":12.0,"key":"LIFT"},{"data":"2","floor":15.0,"key":"LIFT"},{"data":"3","floor":23.0,"key":"LIFT"},{"data":"Demon Form","floor":25.0,"key":"SMITH"},{"data":"Pommel Strike","floor":30.0,"key":"SMITH"},{"data":"Ghostly Armor","floor":32.0,"key":"SMITH"}],"neow_cost":"NONE","seed_source_timestamp":936905367383637,"circlet_count":0,"master_deck":["Strike_R","Strike_R","Strike_R","Strike_R","Defend_R","Defend_R","Defend_R","Defend_R","Bash","Ghostly Armor","Iron Wave+1","Ghostly Armor+1","Pommel Strike+1","Clothesline","Demon Form+1","Iron Wave+1","Impervious","Heavy Blade+1"],"special_seed":0,"relics":["Burning Blood","Bag of Marbles","Golden Idol","Magic Flower","Gambling Chip","Girya","Paper Frog","Cursed Key","Red Mask","Dream Catcher"],"potions_floor_usage":[33],"damage_taken":[{"damage":1.0,"enemies":"Cultist","floor":1.0,"turns":3.0},{"damage":0.0,"enemies":"Small Slimes","floor":2.0,"turns":3.0},{"damage":0.0,"enemies":"2 Louse","floor":5.0,"turns":3.0},{"damage":25.0,"enemies":"3 Sentries","floor":6.0,"turns":13.0},{"damage":5.0,"enemies":"Looter","floor":8.0,"turns":3.0},{"damage":13.0,"enemies":"Gremlin Nob","floor":10.0,"turns":4.0},{"damage":8.0,"enemies":"Large Slime","floor":11.0,"turns":6.0},{"damage":23.0,"enemies":"3 Sentries","floor":14.0,"turns":11.0},{"damage":41.0,"enemies":"The Guardian","floor":16.0,"turns":13.0},{"damage":2.0,"enemies":"Shell Parasite","floor":18.0,"turns":6.0},{"damage":44.0,"enemies":"Masked Bandits","floor":19.0,"turns":5.0},{"damage":9.0,"enemies":"Spheric Guardian","floor":21.0,"turns":4.0},{"damage":5.0,"enemies":"Centurion and Healer","floor":22.0,"turns":7.0},{"damage":24.0,"enemies":"Book of Stabbing","floor":24.0,"turns":5.0},{"damage":5.0,"enemies":"Snake Plant","floor":27.0,"turns":3.0},{"damage":23.0,"enemies":"Sentry and Sphere","floor":29.0,"turns":5.0},{"damage":1.0,"enemies":"Snecko","floor":31.0,"turns":3.0},{"damage":61,"enemies":"Collector","floor":33,"turns":5}],"seed_played":"724683355387004489","potions_obtained":[{"floor":5.0,"key":"SpeedPotion"},{"floor":8.0,"key":"BloodPotion"},{"floor":10.0,"key":"Regen Potion"},{"floor":11.0,"key":"SteroidPotion"},{"floor":14.0,"key":"LiquidBronze"},{"floor":18.0,"key":"FearPotion"},{"floor":24.0,"key":"Fire Potion"},{"floor":27.0,"key":"Swift Potion"}],"is_trial":false,"path_per_floor":["M","M","$","?","M","E","?","M","T","E","M","R","?","E","R","B",null,"M","?","$","M","M","R","E","R","T","M","?","M","R","M","R","B"],"character_chosen":"IRONCLAD","items_purchased":["Ghostly Armor"],"campfire_rested":0,"item_purchase_floors":[3],"current_hp_per_floor":[77,80,80,74,74,55,55,59,59,55,56,56,45,31,31,10,58,65,49,49,49,53,53,38,38,38,42,42,28,28,36,36,0],"gold":538,"neow_bonus":"RANDOM_COMMON_RELIC","is_prod":false,"is_daily":false,"chose_seed":false,"campfire_upgraded":3,"win_rate":0,"timestamp":1556153718,"path_taken":["M","M","?","?","M","E","?","M","T","E","M","R","?","E","R","BOSS","M","?","$","M","M","R","E","R","T","M","?","M","R","M","R","BOSS"],"build_version":"2019-01-23","purchased_purges":1,"victory":false,"max_hp_per_floor":[80,80,80,74,74,74,74,74,74,74,74,74,74,74,74,74,74,74,74,74,74,74,74,74,74,74,74,74,74,74,74,74,74],"card_choices":[{"not_picked":["True Grit","Warcry","Rage"],"picked":"SKIP","floor":1.0},{"not_picked":["Battle Trance","True Grit","Perfected Strike"],"picked":"SKIP","floor":2.0},{"not_picked":["Combust","Shrug It Off"],"picked":"Iron Wave","floor":5.0},{"not_picked":["Armaments","Anger","Thunderclap"],"picked":"SKIP","floor":6.0},{"not_picked":["Blood for Blood","Havoc","Entrench"],"picked":"SKIP","floor":8.0},{"not_picked":["Combust","Juggernaut"],"picked":"Ghostly Armor","floor":10.0},{"not_picked":["Perfected Strike","Flex"],"picked":"Pommel Strike","floor":11.0},{"not_picked":["Burning Pact","Wild Strike"],"picked":"Clothesline","floor":14.0},{"not_picked":["Fiend Fire","Feed"],"picked":"Demon Form","floor":16.0},{"not_picked":["Power Through+1","True Grit+1"],"picked":"Iron Wave+1","floor":18.0},{"not_picked":["Sentinel","Bloodletting+1"],"picked":"Impervious","floor":21.0},{"not_picked":["Fire Breathing","Headbutt"],"picked":"Heavy Blade+1","floor":22.0},{"not_picked":["Armaments","Feel No Pain","Headbutt"],"picked":"SKIP","floor":24.0},{"not_picked":["Searing Blow","Entrench","Body Slam"],"picked":"SKIP","floor":27.0},{"not_picked":["Shrug It Off","Intimidate","Dual Wield"],"picked":"SKIP","floor":29.0},{"not_picked":["Body Slam+1","Inflame","Power Through+1"],"picked":"SKIP","floor":31.0}],"player_experience":529978,"relics_obtained":[{"floor":6.0,"key":"Magic Flower"},{"floor":9.0,"key":"Gambling Chip"},{"floor":10.0,"key":"Girya"},{"floor":14.0,"key":"Paper Frog"},{"floor":19.0,"key":"Red Mask"},{"floor":24.0,"key":"Dream Catcher"}],"event_choices":[{"damage_healed":0.0,"max_hp_gain":0.0,"max_hp_loss":6.0,"gold_gain":0.0,"event_name":"Golden Idol","player_choice":"Lose Max HP","floor":4.0,"gold_loss":0.0,"damage_taken":0.0,"relics_obtained":["Golden Idol"]},{"damage_healed":0.0,"max_hp_gain":0.0,"max_hp_loss":0.0,"gold_gain":0.0,"event_name":"Living Wall","player_choice":"Grow","floor":7.0,"gold_loss":0.0,"damage_taken":0.0,"cards_upgraded":["Iron Wave"]},{"damage_healed":0.0,"max_hp_gain":0.0,"max_hp_loss":0.0,"gold_gain":75.0,"event_name":"World of Goop","player_choice":"Gather Gold","floor":13.0,"gold_loss":0.0,"damage_taken":11.0},{"damage_healed":0.0,"max_hp_gain":0.0,"max_hp_loss":0.0,"gold_gain":0.0,"event_name":"Masked Bandits","player_choice":"Fought Bandits","floor":19.0,"gold_loss":0.0,"damage_taken":0.0},{"damage_healed":0.0,"max_hp_gain":0.0,"max_hp_loss":0.0,"gold_gain":0.0,"event_name":"Ghosts","player_choice":"Ignored","floor":28.0,"gold_loss":0.0,"damage_taken":0.0}],"is_beta":false,"boss_relics":[{"not_picked":["White Beast Statue","Ectoplasm"],"picked":"Cursed Key"}],"items_purged_floors":[20],"is_endless":false,"potions_floor_spawned":[5,8,10,11,14,18,24,27],"killed_by":"Collector","ascension_level":9}