{"gold_per_floor":[116,291,309,320,338,338,338,379,379,379,142,142,142],"floor_reached":13,"playtime":349,"items_purged":["Regret"],"score":129,"play_id":"bc164d22-2402-46e6-90f7-72cd0c8e1c5a","local_time":"20190425232155","is_ascension_mode":true,"campfire_choices":[{"data":"Heavy Blade","floor":6.0,"key":"SMITH"},{"floor":12,"key":"REST"}],"neow_cost":"NONE","seed_source_timestamp":26960239848427,"circlet_count":0,"master_deck":["AscendersBane","Strike_R","Strike_R","Strike_R","Strike_R","Strike_R","Defend_R","Defend_R","Defend_R","Defend_R","Bash","Heavy Blade+1","Doubt","Metallicize","Carnage"],"special_seed":0,"relics":["Burning Blood","Golden Idol","Turnip","Letter Opener","The Courier","Oddly Smooth Stone"],"potions_floor_usage":[],"damage_taken":[{"damage":1.0,"enemies":"Cultist","floor":1.0,"turns":3.0},{"damage":11.0,"enemies":"2 Louse","floor":3.0,"turns":4.0},{"damage":9.0,"enemies":"Small Slimes","floor":4.0,"turns":5.0},{"damage":32.0,"enemies":"2 Fungi Beasts","floor":5.0,"turns":5.0},{"damage":48.0,"enemies":"3 Sentries","floor":8.0,"turns":13.0},{"damage":34,"enemies":"Gremlin Gang","floor":13,"turns":4}],"seed_played":"1302374201362320406","potions_obtained":[{"floor":3.0,"key":"FearPotion"},{"floor":8.0,"key":"SkillPotion"}],"is_trial":false,"path_per_floor":["M","?","M","M","M","R","?","E","T","?","$","R","M"],"character_chosen":"IRONCLAD","items_purchased":["Oddly Smooth Stone","Carnage"],"campfire_rested":1,"item_purchase_floors":[11,11],"current_hp_per_floor":[85,85,80,77,51,51,51,9,9,9,9,33,0],"gold":142,"neow_bonus":"TEN_PERCENT_HP_BONUS","is_prod":false,"is_daily":false,"chose_seed":false,"campfire_upgraded":1,"win_rate":0,"timestamp":1556256115,"path_taken":["M","?","M","M","M","R","?","E","T","?","$","R","M"],"build_version":"2019-01-23","purchased_purges":1,"victory":false,"max_hp_per_floor":[88,88,88,88,88,88,81,81,81,81,81,81,81],"card_choices":[{"not_picked":["Bloodletting","Seeing Red"],"picked":"Heavy Blade","floor":1.0},{"not_picked":["Intimidate","Flex","Warcry"],"picked":"SKIP","floor":3.0},{"not_picked":["Clash","Thunderclap","Spot Weakness"],"picked":"SKIP","floor":4.0},{"not_picked":["Headbutt","Disarm"],"picked":"Metallicize","floor":5.0},{"not_picked":["Reaper","Shrug It Off","Disarm"],"picked":"SKIP","floor":8.0}],"player_experience":536086,"relics_obtained":[{"floor":8.0,"key":"Turnip"},{"floor":9.0,"key":"Letter Opener"}],"event_choices":[{"damage_healed":0.0,"max_hp_gain":0.0,"max_hp_loss":0.0,"gold_gain":175.0,"event_name":"Liars Game","player_choice":"AGREE","floor":2.0,"gold_loss":0.0,"damage_taken":0.0,"cards_obtained":["Doubt"]},{"damage_healed":0.0,"max_hp_gain":0.0,"max_hp_loss":7.0,"gold_gain":0.0,"event_name":"Golden Idol","player_choice":"Lose Max HP","floor":7.0,"gold_loss":0.0,"damage_taken":0.0,"relics_obtained":["Golden Idol"]},{"damage_healed":0,"gold_gain":0,"player_choice":"Box","damage_taken":0,"relics_obtained":["The Courier"],"max_hp_gain":0,"max_hp_loss":0,"event_name":"Big Fish","floor":10,"gold_loss":0,"cards_obtained":["Regret"]}],"is_beta":false,"boss_relics":[],"items_purged_floors":[11],"is_endless":false,"potions_floor_spawned":[3,8],"killed_by":"Gremlin Gang","ascension_level":11}