{"gold_per_floor":[115,129,129,129,139,139,156,190,190,137,137,137,154,154,154,228,228,244,244,255,271,143,143],"floor_reached":23,"playtime":775,"items_purged":["Normality"],"score":382,"play_id":"980f1fa6-a343-4e90-8fc6-b3c616c1a776","local_time":"20190405000927","is_ascension_mode":true,"campfire_choices":[{"data":"Dagger Spray","floor":6.0,"key":"SMITH"},{"floor":11.0,"key":"REST"},{"data":"Riddle With Holes","floor":15.0,"key":"SMITH"}],"neow_cost":"NONE","seed_source_timestamp":615487070926343,"circlet_count":0,"master_deck":["AscendersBane","Defend_G","Defend_G","Defend_G","Defend_G","Defend_G","Strike_G","Strike_G","Strike_G","Strike_G","Survivor","Neutralize","Footwork","Dagger Spray+1","Riddle With Holes+1","Glass Knife","Parasite","Regret","PiercingWail","Crippling Poison"],"special_seed":0,"relics":["Ring of the Snake","NeowsBlessing","Singing Bowl","Calipers","Du-Vu Doll","Calling Bell","Bag of Marbles","The Courier","Gambling Chip"],"potions_floor_usage":[],"damage_taken":[{"damage":0.0,"enemies":"Jaw Worm","floor":1.0,"turns":1.0},{"damage":0.0,"enemies":"Small Slimes","floor":2.0,"turns":1.0},{"damage":0.0,"enemies":"2 Louse","floor":5.0,"turns":1.0},{"damage":1.0,"enemies":"Large Slime","floor":7.0,"turns":7.0},{"damage":44.0,"enemies":"3 Sentries","floor":8.0,"turns":9.0},{"damage":0.0,"enemies":"Lots of Slimes","floor":13.0,"turns":1.0},{"damage":13.0,"enemies":"The Guardian","floor":16.0,"turns":15.0},{"damage":0.0,"enemies":"Chosen","floor":18.0,"turns":2.0},{"damage":18,"enemies":"3 Byrds","floor":20,"turns":4},{"damage":13,"enemies":"Snecko","floor":21,"turns":4},{"damage":31,"enemies":"Centurion and Healer","floor":23,"turns":4}],"seed_played":"7273332543968392677","potions_obtained":[{"floor":1.0,"key":"PowerPotion"},{"floor":5.0,"key":"AttackPotion"},{"floor":21,"key":"FearPotion"}],"is_trial":false,"path_per_floor":["M","M","?","?","M","R","M","E","T","$","R","?","M","?","R","B",null,"M","$","M","M","$","M"],"character_chosen":"THE_SILENT","items_purchased":["PowerPotion","Crippling Poison"],"campfire_rested":1,"item_purchase_floors":[10,22],"current_hp_per_floor":[59,59,59,52,52,52,51,9,9,9,29,18,20,20,20,7,54,56,56,38,27,27,0],"gold":143,"neow_bonus":"THREE_ENEMY_KILL","is_prod":false,"is_daily":false,"chose_seed":false,"campfire_upgraded":2,"win_rate":0,"timestamp":1554444567,"path_taken":["M","M","?","?","M","R","M","E","T","$","R","?","M","?","R","BOSS","M","$","?","M","$","M"],"build_version":"2019-01-23","purchased_purges":1,"victory":false,"max_hp_per_floor":[66,66,66,66,66,66,66,68,68,68,68,68,70,70,70,70,70,72,72,72,74,74,74],"card_choices":[{"not_picked":["Deadly Poison","Calculated Gamble"],"picked":"Footwork","floor":1.0},{"not_picked":["Cloak And Dagger","Outmaneuver","Backflip"],"picked":"SKIP","floor":2.0},{"not_picked":["Slice","Wraith Form v2"],"picked":"Dagger Spray","floor":5.0},{"not_picked":["Accuracy","Reflex","Flying Knee"],"picked":"SKIP","floor":7.0},{"not_picked":["Flying Knee","Blade Dance","Cloak And Dagger"],"picked":"Singing Bowl","floor":8.0},{"not_picked":["Eviscerate","Escape Plan","Flechettes"],"picked":"Singing Bowl","floor":13.0},{"not_picked":["Storm of Steel","Phantasmal Killer"],"picked":"Glass Knife","floor":16.0},{"not_picked":["Deadly Poison","Blur","Bane"],"picked":"Singing Bowl","floor":18.0},{"not_picked":["Sucker Punch+1","Burst"],"picked":"PiercingWail","floor":20},{"not_picked":["Poisoned Stab","Blur","Eviscerate"],"picked":"Singing Bowl","floor":21}],"player_experience":450206,"relics_obtained":[{"floor":8.0,"key":"Singing Bowl"},{"floor":9.0,"key":"Calipers"},{"floor":17.0,"key":"Bag of Marbles"},{"floor":17.0,"key":"The Courier"},{"floor":17.0,"key":"Gambling Chip"}],"event_choices":[{"damage_healed":0.0,"max_hp_gain":0.0,"max_hp_loss":0.0,"gold_gain":0.0,"event_name":"Liars Game","player_choice":"Ignored","floor":3.0,"gold_loss":0.0,"damage_taken":0.0},{"cards_removed":["Strike_G"],"damage_healed":0.0,"max_hp_gain":0.0,"max_hp_loss":0.0,"gold_gain":0.0,"event_name":"Golden Wing","player_choice":"Card Removal","floor":4.0,"gold_loss":0.0,"damage_taken":7.0},{"damage_healed":0.0,"max_hp_gain":0.0,"max_hp_loss":0.0,"gold_gain":0.0,"event_name":"Scrap Ooze","player_choice":"Success","floor":12.0,"gold_loss":0.0,"damage_taken":11.0,"relics_obtained":["Du-Vu Doll"]},{"damage_healed":0.0,"max_hp_gain":0.0,"max_hp_loss":0.0,"gold_gain":0.0,"event_name":"Match and Keep!","player_choice":"1 cards matched","floor":14.0,"gold_loss":0.0,"damage_taken":0.0,"cards_obtained":["Riddle With Holes"]}],"is_beta":false,"boss_relics":[{"not_picked":["White Beast Statue","Fusion Hammer"],"picked":"Calling Bell"}],"items_purged_floors":[22],"is_endless":false,"potions_floor_spawned":[1,5,13,21],"killed_by":"Centurion and Healer","ascension_level":20}