{"gold_per_floor":[112,262,187,32,45,45,75,75,146,158,174,174,193,221,221,298,298,312,331,331],"floor_reached":20,"playtime":728,"items_purged":[],"score":322,"play_id":"3fe30dac-b9ed-445c-8da9-ec0720305c76","local_time":"20190524154114","is_ascension_mode":true,"campfire_choices":[{"data":"Twin Strike","floor":6.0,"key":"SMITH"},{"data":"Pommel Strike","floor":12.0,"key":"SMITH"},{"data":"Armaments","floor":15,"key":"SMITH"}],"neow_cost":"NONE","seed_source_timestamp":279636924103899,"circlet_count":0,"master_deck":["AscendersBane","Strike_R+1","Strike_R","Strike_R+1","Strike_R","Strike_R","Defend_R","Defend_R+1","Defend_R","Defend_R+1","Bash","Shrug It Off","Twin Strike+1","Impervious","Pommel Strike+1","Armaments+1"],"special_seed":0,"relics":["Burning Blood","Bag of Preparation","Whetstone","War Paint","Gremlin Horn","Ginger","Mark of Pain"],"potions_floor_usage":[14,19,20],"damage_taken":[{"damage":3.0,"enemies":"2 Louse","floor":1.0,"turns":4.0},{"damage":2.0,"enemies":"Small Slimes","floor":5.0,"turns":4.0},{"damage":20.0,"enemies":"Gremlin Nob","floor":7.0,"turns":4.0},{"damage":0.0,"enemies":"Cultist","floor":10.0,"turns":2.0},{"damage":0.0,"enemies":"Exordium Wildlife","floor":11.0,"turns":4.0},{"damage":7.0,"enemies":"Exordium Thugs","floor":13.0,"turns":6.0},{"damage":20,"enemies":"Lagavulin","floor":14,"turns":5},{"damage":31,"enemies":"The Guardian","floor":16,"turns":16},{"damage":9,"enemies":"Shell Parasite","floor":18,"turns":7},{"damage":26,"enemies":"3 Byrds","floor":19,"turns":7},{"damage":50,"enemies":"Masked Bandits","floor":20,"turns":3}],"seed_played":"-3545704095540205474","potions_obtained":[{"floor":5.0,"key":"BloodPotion"},{"floor":8.0,"key":"BloodPotion"},{"floor":10.0,"key":"Strength Potion"},{"floor":18,"key":"Ancient Potion"},{"floor":19,"key":"Ancient Potion"}],"is_trial":false,"path_per_floor":["M","?","?","$","M","R","E","?","T","M","M","R","M","E","R","B",null,"M","M","?"],"character_chosen":"IRONCLAD","items_purchased":["Whetstone"],"campfire_rested":0,"item_purchase_floors":[4],"current_hp_per_floor":[71,71,71,71,75,75,61,61,61,67,73,73,72,58,58,33,65,62,49,0],"gold":331,"neow_bonus":"RANDOM_COMMON_RELIC","is_prod":false,"is_daily":false,"chose_seed":false,"campfire_upgraded":3,"win_rate":0,"timestamp":1558734074,"path_taken":["M","?","?","$","M","R","E","?","T","?","M","R","M","E","R","BOSS","M","M","?"],"build_version":"2019-01-23","purchased_purges":0,"victory":false,"max_hp_per_floor":[75,75,75,75,75,75,75,75,75,75,75,75,75,75,75,75,75,75,75,75],"card_choices":[{"not_picked":["True Grit","Reckless Charge"],"picked":"Shrug It Off","floor":1.0},{"not_picked":["Spot Weakness","True Grit"],"picked":"Twin Strike","floor":5.0},{"not_picked":["Sword Boomerang","Rampage"],"picked":"Impervious","floor":7.0},{"not_picked":["Clothesline","Sword Boomerang"],"picked":"Pommel Strike","floor":10.0},{"not_picked":["Pommel Strike","Uppercut"],"picked":"Armaments","floor":11.0},{"not_picked":["Perfected Strike","Body Slam","Infernal Blade"],"picked":"SKIP","floor":13.0},{"not_picked":["Sword Boomerang","Anger","Blood for Blood"],"picked":"SKIP","floor":14},{"not_picked":["Infernal Blade","Battle Trance","Sword Boomerang"],"picked":"SKIP","floor":18},{"not_picked":["Thunderclap","Combust+1","Headbutt"],"picked":"SKIP","floor":19}],"player_experience":586895,"relics_obtained":[{"floor":7.0,"key":"War Paint"},{"floor":9.0,"key":"Gremlin Horn"},{"floor":14,"key":"Ginger"}],"event_choices":[{"damage_healed":0.0,"max_hp_gain":0.0,"max_hp_loss":0.0,"gold_gain":150.0,"event_name":"Liars Game","player_choice":"AGREE","floor":2.0,"gold_loss":0.0,"damage_taken":0.0,"cards_obtained":["Doubt"]},{"cards_removed":["Doubt"],"damage_healed":0.0,"max_hp_gain":0.0,"max_hp_loss":0.0,"gold_gain":0.0,"event_name":"The Cleric","player_choice":"Card Removal","floor":3.0,"gold_loss":75.0,"damage_taken":0.0},{"damage_healed":0.0,"max_hp_gain":0.0,"max_hp_loss":0.0,"gold_gain":0.0,"event_name":"Lab","player_choice":"Got Potions","floor":8.0,"gold_loss":0.0,"damage_taken":0.0},{"damage_healed":0,"gold_gain":0,"player_choice":"Fought Bandits","damage_taken":0,"max_hp_gain":0,"max_hp_loss":0,"event_name":"Masked Bandits","floor":20,"gold_loss":0}],"is_beta":false,"boss_relics":[{"not_picked":["White Beast Statue","Pandora\u0027s Box"],"picked":"Mark of Pain"}],"items_purged_floors":[],"is_endless":false,"potions_floor_spawned":[5,10,13,18,19],"killed_by":"Masked Bandits","ascension_level":15}