{"gold_per_floor":[13,13,13,28,48,48,48,48,48,48,75,20,54,74,74,152,152,152,152,152,152,74,74,74,74,74,74,74,74,74,74,74,74],"floor_reached":33,"playtime":1159,"items_purged":[],"score":501,"play_id":"4256501f-dfdc-422b-a99a-fc7db4f24ca9","local_time":"20190527112558","is_ascension_mode":true,"campfire_choices":[{"data":"Clothesline","floor":6.0,"key":"SMITH"},{"data":"Carnage","floor":8.0,"key":"SMITH"},{"data":"Bash","floor":10.0,"key":"SMITH"},{"data":"Shrug It Off","floor":15.0,"key":"SMITH"},{"data":"Carnage","floor":23,"key":"SMITH"},{"data":"Clash","floor":27,"key":"SMITH"},{"floor":32,"key":"REST"}],"neow_cost":"NO_GOLD","seed_source_timestamp":157951617464671,"circlet_count":0,"master_deck":["AscendersBane","Strike_R","Strike_R","Defend_R","Defend_R","Defend_R","Defend_R","Bash+1","Clash+1","Clothesline+1","Shrug It Off+1","Carnage+1","Anger","Offering","Cleave+1","Battle Trance","Carnage+1","Shrug It Off+1"],"special_seed":0,"relics":["Burning Blood","Singing Bowl","Oddly Smooth Stone","Bottled Flame","Ectoplasm","Matryoshka"],"potions_floor_usage":[],"damage_taken":[{"damage":9.0,"enemies":"Jaw Worm","floor":1.0,"turns":3.0},{"damage":0.0,"enemies":"2 Louse","floor":4.0,"turns":3.0},{"damage":7.0,"enemies":"Cultist","floor":5.0,"turns":4.0},{"damage":37.0,"enemies":"3 Sentries","floor":11.0,"turns":9.0},{"damage":30.0,"enemies":"Lagavulin","floor":13.0,"turns":5.0},{"damage":5.0,"enemies":"Looter","floor":14.0,"turns":2.0},{"damage":26.0,"enemies":"The Guardian","floor":16.0,"turns":12.0},{"damage":6.0,"enemies":"Chosen","floor":18.0,"turns":3.0},{"damage":8.0,"enemies":"Shell Parasite","floor":19.0,"turns":4.0},{"damage":20.0,"enemies":"Sentry and Sphere","floor":20.0,"turns":4.0},{"damage":24,"enemies":"Chosen and Byrds","floor":21,"turns":6},{"damage":6,"enemies":"3 Cultists","floor":24,"turns":4},{"damage":11,"enemies":"Sentry and Sphere","floor":28,"turns":4},{"damage":5,"enemies":"Snake Plant","floor":31,"turns":3},{"damage":72,"enemies":"Automaton","floor":33,"turns":8}],"seed_played":"-9159685934626512878","potions_obtained":[{"floor":7.0,"key":"Strength Potion"},{"floor":7.0,"key":"SmokeBomb"},{"floor":11.0,"key":"AttackPotion"},{"floor":13.0,"key":"Regen Potion"},{"floor":14.0,"key":"BloodPotion"},{"floor":18.0,"key":"Block Potion"},{"floor":19.0,"key":"Explosive Potion"},{"floor":31,"key":"Ancient Potion"}],"is_trial":false,"path_per_floor":["M","?","?","M","M","R","?","R","T","R","E","$","E","M","R","B",null,"M","M","M","M","$","R","M","?","T","R","M","$","?","M","R","B"],"character_chosen":"IRONCLAD","items_purchased":["Anger","Carnage"],"campfire_rested":1,"item_purchase_floors":[12,22],"current_hp_per_floor":[65,65,65,71,70,70,70,70,70,70,41,41,19,22,22,25,67,69,69,55,37,37,37,39,39,39,39,36,36,36,39,66,0],"gold":74,"neow_bonus":"TRANSFORM_TWO_CARDS","is_prod":false,"is_daily":false,"chose_seed":false,"campfire_upgraded":6,"win_rate":0,"timestamp":1558977958,"path_taken":["M","?","?","?","M","R","?","R","T","R","E","$","E","M","R","BOSS","M","M","?","M","$","R","M","?","T","R","M","?","?","M","R","BOSS"],"build_version":"2019-01-23","purchased_purges":0,"victory":false,"max_hp_per_floor":[75,75,75,75,75,75,75,75,75,75,77,77,79,81,81,81,81,83,85,85,85,85,85,87,87,87,87,89,89,89,91,91,91],"card_choices":[{"not_picked":["Headbutt","Clothesline","Clash"],"picked":"SKIP","floor":1.0},{"not_picked":["Wild Strike","Thunderclap"],"picked":"Shrug It Off","floor":4.0},{"not_picked":["Inflame","Cleave"],"picked":"Carnage","floor":5.0},{"not_picked":["Havoc","Seeing Red","Clash"],"picked":"Singing Bowl","floor":11.0},{"not_picked":["Thunderclap","Fiend Fire","Anger"],"picked":"Singing Bowl","floor":13.0},{"not_picked":["Clothesline","True Grit","Corruption"],"picked":"Singing Bowl","floor":14.0},{"not_picked":["Berserk","Reaper"],"picked":"Offering","floor":16.0},{"not_picked":["Seeing Red","Warcry","Sword Boomerang"],"picked":"Singing Bowl","floor":18.0},{"not_picked":["Corruption","Evolve","Headbutt+1"],"picked":"Singing Bowl","floor":19.0},{"not_picked":["Juggernaut","Heavy Blade+1"],"picked":"Cleave+1","floor":20.0},{"not_picked":["Corruption","Dropkick"],"picked":"Battle Trance","floor":21},{"not_picked":["Twin Strike","Warcry","Iron Wave"],"picked":"Singing Bowl","floor":24},{"not_picked":["Dropkick+1","Inflame","Entrench"],"picked":"Singing Bowl","floor":28},{"not_picked":["Wild Strike","True Grit","Intimidate"],"picked":"Singing Bowl","floor":31}],"player_experience":636965,"relics_obtained":[{"floor":9.0,"key":"Singing Bowl"},{"floor":11.0,"key":"Oddly Smooth Stone"},{"floor":13.0,"key":"Bottled Flame"},{"floor":26,"key":"Matryoshka"}],"event_choices":[{"damage_healed":0.0,"max_hp_gain":0.0,"max_hp_loss":0.0,"gold_gain":0.0,"event_name":"The Cleric","player_choice":"Leave","floor":2.0,"gold_loss":0.0,"damage_taken":0.0},{"cards_removed":["Strike_R"],"damage_healed":0.0,"max_hp_gain":0.0,"max_hp_loss":0.0,"gold_gain":0.0,"event_name":"Bonfire Elementals","player_choice":"Offered Basic","floor":3.0,"gold_loss":0.0,"damage_taken":0.0},{"damage_healed":0.0,"max_hp_gain":0.0,"max_hp_loss":0.0,"gold_gain":0.0,"event_name":"Lab","player_choice":"Got Potions","floor":7.0,"gold_loss":0.0,"damage_taken":0.0},{"damage_healed":0,"gold_gain":0,"player_choice":"Copied","damage_taken":0,"max_hp_gain":0,"max_hp_loss":0,"event_name":"Duplicator","floor":25,"gold_loss":0,"cards_obtained":["Shrug It Off"]},{"damage_healed":0,"gold_gain":0,"player_choice":"Ignored","damage_taken":0,"max_hp_gain":0,"max_hp_loss":0,"event_name":"Vampires","floor":30,"gold_loss":0}],"is_beta":false,"boss_relics":[{"not_picked":["Black Star","White Beast Statue"],"picked":"Ectoplasm"}],"items_purged_floors":[],"is_endless":false,"potions_floor_spawned":[11,13,14,18,19,31],"killed_by":"Automaton","ascension_level":19}