{"gold_per_floor":[119,139,152,152,152,152,172,172,172,182,182,207,207],"floor_reached":13,"playtime":388,"items_purged":[],"score":166,"play_id":"b63b70c2-d05a-4aca-bd8d-ac8313893564","local_time":"20190403234614","is_ascension_mode":true,"campfire_choices":[{"data":"Neutralize","floor":6,"key":"SMITH"},{"data":"Leg Sweep","floor":8,"key":"SMITH"},{"data":"Survivor","floor":11,"key":"SMITH"}],"neow_cost":"NONE","seed_source_timestamp":528109915202130,"circlet_count":0,"master_deck":["AscendersBane","Defend_G","Defend_G","Defend_G","Defend_G","Defend_G","Strike_G","Strike_G","Strike_G","Strike_G","Strike_G","Survivor+1","Neutralize+1","Predator+1","Leg Sweep+1","Deadly Poison"],"relics":["Coffee Dripper","Boot","Odd Mushroom","Matryoshka","Thread and Needle"],"potions_floor_usage":[12],"damage_taken":[{"damage":11,"enemies":"Jaw Worm","floor":1,"turns":5},{"damage":1,"enemies":"2 Louse","floor":2,"turns":5},{"damage":0,"enemies":"Small Slimes","floor":3,"turns":3},{"damage":19,"enemies":"The Mushroom Lair","floor":7,"turns":6},{"damage":1,"enemies":"Looter","floor":10,"turns":3},{"damage":14,"enemies":"Gremlin Nob","floor":12,"turns":4},{"damage":9,"enemies":"Lots of Slimes","floor":13,"turns":2}],"seed_played":"5711628059389537803","potions_obtained":[{"floor":1,"key":"EssenceOfSteel"},{"floor":10,"key":"EssenceOfSteel"},{"floor":12,"key":"Energy Potion"}],"is_trial":false,"path_per_floor":["M","M","M","?","?","R","?","R","T","M","R","E","M"],"character_chosen":"THE_SILENT","items_purchased":[],"campfire_rested":0,"item_purchase_floors":[],"current_hp_per_floor":[48,47,47,42,42,42,23,23,23,22,22,8,0],"gold":207,"neow_bonus":"BOSS_RELIC","is_prod":false,"is_daily":false,"chose_seed":false,"campfire_upgraded":3,"win_rate":0,"timestamp":1554356774,"path_taken":["M","M","M","?","?","R","?","R","T","M","R","E","M"],"build_version":"2019-01-23","purchased_purges":0,"victory":false,"max_hp_per_floor":[66,66,66,66,66,66,66,66,66,66,66,66,66],"card_choices":[{"not_picked":["Catalyst","Blade Dance"],"picked":"Predator","floor":1},{"not_picked":["Heel Hook","Backflip","Sucker Punch"],"picked":"SKIP","floor":2},{"not_picked":["Sucker Punch","Backflip","Acrobatics"],"picked":"SKIP","floor":3},{"not_picked":["Escape Plan","Sucker Punch"],"picked":"Leg Sweep","floor":7},{"not_picked":["Dagger Spray","PiercingWail","Riddle With Holes"],"picked":"SKIP","floor":10},{"not_picked":["All Out Attack","Bane"],"picked":"Deadly Poison","floor":12}],"player_experience":433024,"relics_obtained":[{"floor":7,"key":"Odd Mushroom"},{"floor":9,"key":"Matryoshka"},{"floor":12,"key":"Thread and Needle"}],"event_choices":[{"damage_healed":0,"gold_gain":0,"player_choice":"Success","damage_taken":5,"relics_obtained":["Boot"],"max_hp_gain":0,"max_hp_loss":0,"event_name":"Scrap Ooze","floor":4,"gold_loss":0},{"damage_healed":0,"gold_gain":0,"player_choice":"Grow","damage_taken":0,"max_hp_gain":0,"max_hp_loss":0,"event_name":"Living Wall","floor":5,"gold_loss":0,"cards_upgraded":["Predator"]},{"damage_healed":0,"gold_gain":0,"player_choice":"Fought Mushrooms","damage_taken":0,"max_hp_gain":0,"max_hp_loss":0,"event_name":"Mushrooms","floor":7,"gold_loss":0}],"is_beta":false,"boss_relics":[],"items_purged_floors":[],"is_endless":false,"potions_floor_spawned":[1,10,12],"killed_by":"Lots of Slimes","ascension_level":20}