{"gold_per_floor":[112,127,141,141,141,169,169,119,143,163,72,83,83,95,95,169,169,180,180,180,194,205,205,217,167,167,167,177,197,197,259,259,259],"floor_reached":33,"playtime":1047,"items_purged":["Defend_R"],"score":439,"play_id":"3e1d9c5c-47ea-49e5-8b29-01f445c980e5","local_time":"20190515115430","is_ascension_mode":true,"campfire_choices":[{"data":"Carnage","floor":7.0,"key":"SMITH"},{"data":"Immolate","floor":13.0,"key":"SMITH"},{"data":"Shrug It Off","floor":15.0,"key":"SMITH"},{"data":"Metallicize","floor":23.0,"key":"SMITH"},{"data":"Cleave","floor":27.0,"key":"SMITH"},{"data":"Swift Strike","floor":32.0,"key":"SMITH"}],"neow_cost":"NONE","seed_source_timestamp":1083297866754844,"circlet_count":0,"master_deck":["AscendersBane","Defend_R","Defend_R+1","Defend_R+1","Bash+1","Metallicize+1","Carnage+1","Immolate+1","Swift Strike+1","Cleave+1","Shrug It Off+1","Impervious","Bite","Bite","Bite","Bite","Bite"],"special_seed":0,"relics":["Burning Blood","War Paint","Smiling Mask","Red Skull","Cursed Key","MutagenicStrength","SsserpentHead"],"potions_floor_usage":[],"damage_taken":[{"damage":7.0,"enemies":"Small Slimes","floor":1.0,"turns":4.0},{"damage":8.0,"enemies":"Jaw Worm","floor":2.0,"turns":5.0},{"damage":7.0,"enemies":"2 Louse","floor":3.0,"turns":3.0},{"damage":26.0,"enemies":"Gremlin Nob","floor":6.0,"turns":4.0},{"damage":4.0,"enemies":"Exordium Thugs","floor":10.0,"turns":4.0},{"damage":2.0,"enemies":"Blue Slaver","floor":12.0,"turns":3.0},{"damage":4.0,"enemies":"Red Slaver","floor":14.0,"turns":4.0},{"damage":40.0,"enemies":"The Guardian","floor":16.0,"turns":10.0},{"damage":7.0,"enemies":"Chosen","floor":18.0,"turns":4.0},{"damage":22.0,"enemies":"Shell Parasite","floor":21.0,"turns":4.0},{"damage":13.0,"enemies":"Centurion and Healer","floor":22.0,"turns":5.0},{"damage":24.0,"enemies":"Snake Plant","floor":24.0,"turns":3.0},{"damage":0.0,"enemies":"Cultist and Chosen","floor":28.0,"turns":6.0},{"damage":9.0,"enemies":"Snecko","floor":29.0,"turns":4.0},{"damage":9.0,"enemies":"3 Cultists","floor":31.0,"turns":5.0},{"damage":86,"enemies":"Champ","floor":33,"turns":8}],"seed_played":"6755920520759236801","potions_obtained":[{"floor":2.0,"key":"Explosive Potion"},{"floor":3.0,"key":"FearPotion"},{"floor":29.0,"key":"Dexterity Potion"}],"is_trial":false,"path_per_floor":["M","M","M","?","?","E","R","?","T","M","$","M","R","M","R","B",null,"M","?","?","M","M","R","M","$","T","R","M","M","?","M","R","B"],"character_chosen":"IRONCLAD","items_purchased":["Swift Strike"],"campfire_rested":0,"item_purchase_floors":[11],"current_hp_per_floor":[71,69,68,56,61,41,41,41,41,43,43,47,47,49,49,15,68,67,59,59,51,52,52,38,38,38,38,54,57,57,59,59,0],"gold":259,"neow_bonus":"UPGRADE_CARD","is_prod":false,"is_daily":false,"chose_seed":false,"campfire_upgraded":6,"win_rate":0,"timestamp":1557942870,"path_taken":["M","M","M","?","?","E","R","?","T","M","?","M","R","M","R","BOSS","M","?","?","?","M","R","M","?","T","R","M","M","?","?","R","BOSS"],"build_version":"2019-01-23","purchased_purges":1,"victory":false,"max_hp_per_floor":[80,80,80,80,85,85,85,85,85,85,85,85,85,85,85,85,85,85,59,59,59,59,59,59,59,59,59,59,59,59,59,59,59],"card_choices":[{"not_picked":["Anger","Clash"],"picked":"Metallicize","floor":1.0},{"not_picked":["Clothesline","Perfected Strike","True Grit"],"picked":"SKIP","floor":2.0},{"not_picked":["Anger","Sword Boomerang"],"picked":"Carnage","floor":3.0},{"not_picked":["Havoc","Second Wind","Feel No Pain"],"picked":"SKIP","floor":6.0},{"not_picked":["Sever Soul","Iron Wave"],"picked":"Immolate","floor":10.0},{"not_picked":["Metallicize","Shrug It Off"],"picked":"Cleave","floor":12.0},{"not_picked":["Entrench","Iron Wave"],"picked":"Shrug It Off","floor":14.0},{"not_picked":["Barricade","Reaper"],"picked":"Impervious","floor":16.0},{"not_picked":["Blood for Blood","Flex","Heavy Blade"],"picked":"SKIP","floor":18.0},{"not_picked":["Rampage","Hemokinesis","Sword Boomerang+1"],"picked":"SKIP","floor":21.0},{"not_picked":["Sever Soul","Anger","Clash"],"picked":"SKIP","floor":22.0},{"not_picked":["Flex","Sword Boomerang","Shrug It Off"],"picked":"SKIP","floor":24.0},{"not_picked":["Cleave","Flex","Clash"],"picked":"SKIP","floor":28.0},{"not_picked":["Rupture","Searing Blow","Berserk"],"picked":"SKIP","floor":29.0},{"not_picked":["Headbutt","Spot Weakness","Twin Strike"],"picked":"SKIP","floor":31.0}],"player_experience":555941,"relics_obtained":[{"floor":6.0,"key":"Smiling Mask"},{"floor":9.0,"key":"Red Skull"}],"event_choices":[{"damage_healed":0.0,"max_hp_gain":0.0,"max_hp_loss":0.0,"gold_gain":0.0,"event_name":"Scrap Ooze","player_choice":"Success","floor":4.0,"gold_loss":0.0,"damage_taken":12.0,"relics_obtained":["War Paint"]},{"damage_healed":0.0,"max_hp_gain":5.0,"max_hp_loss":0.0,"gold_gain":0.0,"event_name":"Big Fish","player_choice":"Donut","floor":5.0,"gold_loss":0.0,"damage_taken":0.0},{"cards_removed":["Strike_R"],"damage_healed":0.0,"max_hp_gain":0.0,"max_hp_loss":0.0,"gold_gain":0.0,"event_name":"The Cleric","player_choice":"Card Removal","floor":8.0,"gold_loss":50.0,"damage_taken":0.0},{"damage_healed":0.0,"max_hp_gain":0.0,"max_hp_loss":26.0,"gold_gain":0.0,"event_name":"Vampires","player_choice":"Became a vampire","floor":19.0,"gold_loss":0.0,"damage_taken":0.0,"cards_obtained":["Bite","Bite","Bite","Bite","Bite"]},{"damage_healed":0.0,"max_hp_gain":0.0,"max_hp_loss":0.0,"gold_gain":0.0,"event_name":"Drug Dealer","player_choice":"Inject Mutagens","floor":20.0,"gold_loss":0.0,"damage_taken":0.0,"relics_obtained":["MutagenicStrength"]},{"damage_healed":0.0,"max_hp_gain":0.0,"max_hp_loss":0.0,"gold_gain":0.0,"event_name":"FaceTrader","player_choice":"Trade","floor":30.0,"gold_loss":0.0,"damage_taken":0.0,"relics_obtained":["SsserpentHead"]}],"is_beta":false,"boss_relics":[{"not_picked":["Astrolabe","Empty Cage"],"picked":"Cursed Key"}],"items_purged_floors":[25],"is_endless":false,"potions_floor_spawned":[2,3,12,14,21,24,29],"killed_by":"Champ","ascension_level":13}