{"gold_per_floor":[363,377,377,67,67,103,378,396,421,21,60,60,81,124,124,253,253,269,284,303,303,328,362,362,395,418,91,91,111,111,111,111,241,241,262,112,131,154,154,154,154,154,180,212,224,236,248,298,310,322,334,346,44,83,83],"floor_reached":56,"playtime":3139,"items_purged":["Defend_B","Regret","Strike_B","Strike_B"],"score":1399,"play_id":"a880e003-c275-4b80-9d53-f14f3760b14f","local_time":"20190605015318","is_ascension_mode":true,"campfire_choices":[{"data":"Zap","floor":12.0,"key":"SMITH"},{"data":"Glacier","floor":15.0,"key":"SMITH"},{"data":"Machine Learning","floor":24.0,"key":"SMITH"},{"data":"Go for the Eyes","floor":28.0,"key":"SMITH"},{"data":"Self Repair","floor":30.0,"key":"SMITH"},{"data":"Capacitor","floor":32.0,"key":"SMITH"},{"floor":40.0,"key":"RECALL"},{"data":"Defend_B","floor":42.0,"key":"SMITH"},{"data":"Auto Shields","floor":45.0,"key":"SMITH"},{"data":"Echo Form","floor":49.0,"key":"SMITH"},{"data":"Master of Strategy","floor":52.0,"key":"SMITH"}],"neow_cost":"TEN_PERCENT_HP_LOSS","seed_source_timestamp":365670307113858,"circlet_count":0,"master_deck":["Strike_B+1","Strike_B+1","Defend_B","Defend_B+1","Defend_B+1","Zap+1","Dualcast+1","Glacier+1","Glacier+1","Ball Lightning+1","Go for the Eyes+1","Self Repair+1","Machine Learning+1","Capacitor+1","Master of Strategy+1","Auto Shields+1","Echo Form+1","Defragment","BootSequence","Leap+1"],"special_seed":0,"relics":["Cracked Core","Runic Capacitor","Golden Idol","War Paint","Whetstone","PreservedInsect","Meat on the Bone","DataDisk","Coffee Dripper","MutagenicStrength","Vajra","Ancient Tea Set","Sling","Nloth\u0027s Gift","Nuclear Battery","MawBank","Ornamental Fan","Lantern","Bronze Scales","Emotion Chip"],"potions_floor_usage":[55,55,55],"damage_taken":[{"damage":1.0,"enemies":"Cultist","floor":1.0,"turns":4.0},{"damage":2.0,"enemies":"2 Louse","floor":2.0,"turns":3.0},{"damage":16.0,"enemies":"Gremlin Nob","floor":6.0,"turns":5.0},{"damage":2.0,"enemies":"Small Slimes","floor":8.0,"turns":3.0},{"damage":0.0,"enemies":"Lagavulin","floor":11.0,"turns":6.0},{"damage":6.0,"enemies":"Gremlin Gang","floor":13.0,"turns":4.0},{"damage":6.0,"enemies":"3 Sentries","floor":14.0,"turns":6.0},{"damage":1.0,"enemies":"Slime Boss","floor":16.0,"turns":11.0},{"damage":2.0,"enemies":"Shell Parasite","floor":18.0,"turns":5.0},{"damage":7.0,"enemies":"3 Byrds","floor":19.0,"turns":6.0},{"damage":7.0,"enemies":"Sentry and Sphere","floor":20.0,"turns":6.0},{"damage":20.0,"enemies":"3 Cultists","floor":22.0,"turns":7.0},{"damage":22.0,"enemies":"Slavers","floor":23.0,"turns":6.0},{"damage":22.0,"enemies":"Book of Stabbing","floor":25.0,"turns":5.0},{"damage":8.0,"enemies":"Snake Plant","floor":29.0,"turns":4.0},{"damage":15.0,"enemies":"Collector","floor":33.0,"turns":12.0},{"damage":6.0,"enemies":"3 Shapes","floor":35.0,"turns":5.0},{"damage":9.0,"enemies":"3 Darklings","floor":37.0,"turns":7.0},{"damage":4.0,"enemies":"Sphere and 2 Shapes","floor":38.0,"turns":8.0},{"damage":0.0,"enemies":"Spire Growth","floor":44.0,"turns":7.0},{"damage":0.0,"enemies":"Reptomancer","floor":48.0,"turns":8.0},{"damage":32.0,"enemies":"Awakened One","floor":50.0,"turns":24.0},{"damage":54,"enemies":"Shield and Spear","floor":54,"turns":11},{"damage":29,"enemies":"The Heart","floor":55,"turns":10}],"seed_played":"-3517620055581745988","potions_obtained":[{"floor":6.0,"key":"Block Potion"},{"floor":8.0,"key":"SpeedPotion"},{"floor":14.0,"key":"PowerPotion"},{"floor":16.0,"key":"Ancient Potion"},{"floor":18.0,"key":"Fire Potion"},{"floor":29.0,"key":"LiquidBronze"},{"floor":37.0,"key":"FocusPotion"},{"floor":44.0,"key":"FocusPotion"}],"is_trial":false,"path_per_floor":["M","M","?","$","?","E","?","M","T","$","E","R","M","E","R","B",null,"M","M","M","?","M","E","R","E","T","$","R","M","R","?","R","B",null,"M","$","M","M","?","R","?","R","T","M","R","$","T","E","R","B",null,"R","$","E","B",null],"character_chosen":"DEFECT","items_purchased":["Runic Capacitor","Glacier","Whetstone","PreservedInsect","Sling","Defragment","Bronze Scales","BootSequence"],"campfire_rested":0,"item_purchase_floors":[4,4,10,10,27,53,53,53],"current_hp_per_floor":[67,65,51,51,51,35,35,33,33,33,33,33,39,40,40,46,63,63,63,63,63,50,47,47,44,44,44,44,43,43,43,43,50,63,63,63,63,63,63,63,63,63,63,63,63,63,63,63,63,63,63,63,63,41,34],"gold":83,"neow_bonus":"TWO_FIFTY_GOLD","is_prod":false,"is_daily":false,"chose_seed":false,"campfire_upgraded":10,"win_rate":0,"timestamp":1559721198,"path_taken":["M","M","?","$","?","E","?","M","T","$","E","R","?","E","R","BOSS","M","M","?","?","M","E","R","E","T","$","R","M","R","?","R","BOSS","M","?","M","M","?","R","?","R","T","M","R","$","?","E","R","BOSS","R","$","E","BOSS"],"build_version":"2019-01-23","purchased_purges":4,"victory":true,"max_hp_per_floor":[68,68,68,68,63,63,63,63,63,63,63,63,63,63,63,63,63,63,63,63,63,63,63,63,63,63,63,63,63,63,63,63,63,63,63,63,63,63,63,63,63,63,63,63,63,63,63,63,63,63,63,63,63,63,63],"card_choices":[{"not_picked":["Stack","Chaos","Loop"],"picked":"SKIP","floor":1.0},{"not_picked":["Gash","Conserve Battery"],"picked":"Glacier","floor":2.0},{"not_picked":["Melter","Beam Cell"],"picked":"Ball Lightning","floor":6.0},{"not_picked":["Reinforced Body","Blizzard","Streamline"],"picked":"SKIP","floor":8.0},{"not_picked":["Creative AI","Barrage"],"picked":"Go for the Eyes","floor":11.0},{"not_picked":["Beam Cell","Sweeping Beam"],"picked":"Self Repair","floor":13.0},{"not_picked":["Chill","Streamline","Barrage"],"picked":"SKIP","floor":14.0},{"not_picked":["Meteor Strike","Electrodynamics"],"picked":"Machine Learning","floor":16.0},{"not_picked":["Stack","Rebound","Redo"],"picked":"SKIP","floor":18.0},{"not_picked":["Gash","Rebound","Redo+1"],"picked":"SKIP","floor":19.0},{"not_picked":["Sunder","Rip and Tear"],"picked":"Capacitor","floor":20.0},{"not_picked":["Lockon","Streamline","Compile Driver"],"picked":"SKIP","floor":22.0},{"not_picked":["Recycle","Steam+1","Capacitor"],"picked":"SKIP","floor":23.0},{"not_picked":["Leap","Gash","Sweeping Beam"],"picked":"SKIP","floor":25.0},{"not_picked":["Capacitor","Darkness+1","Turbo"],"picked":"SKIP","floor":29.0},{"not_picked":["Rebound+1","Stack+1","Go for the Eyes"],"picked":"SKIP","floor":35.0},{"not_picked":["Turbo+1","Undo+1","White Noise+1"],"picked":"SKIP","floor":37.0},{"not_picked":["Streamline+1","Cold Snap+1","Stack"],"picked":"SKIP","floor":38.0},{"not_picked":["Purity","Mind Blast"],"picked":"Master of Strategy","floor":41.0},{"not_picked":["Force Field+1","Double Energy"],"picked":"Auto Shields","floor":44.0},{"not_picked":["Double Energy","Auto Shields"],"picked":"Echo Form","floor":48.0},{"not_picked":["Coolheaded","Rainbow"],"picked":"Leap+1","floor":54}],"player_experience":669148,"relics_obtained":[{"floor":6.0,"key":"War Paint"},{"floor":11.0,"key":"Meat on the Bone"},{"floor":14.0,"key":"DataDisk"},{"floor":23.0,"key":"Dodecahedron"},{"floor":25.0,"key":"Vajra"},{"floor":26.0,"key":"Ancient Tea Set"},{"floor":43.0,"key":"MawBank"},{"floor":47.0,"key":"Ornamental Fan"},{"floor":48.0,"key":"Lantern"},{"floor":54,"key":"Emotion Chip"}],"event_choices":[{"damage_healed":0.0,"max_hp_gain":0.0,"max_hp_loss":0.0,"gold_gain":0.0,"event_name":"Shining Light","player_choice":"Entered Light","floor":3.0,"gold_loss":0.0,"damage_taken":14.0,"cards_upgraded":["Dualcast","Strike_B"]},{"damage_healed":0.0,"max_hp_gain":0.0,"max_hp_loss":5.0,"gold_gain":0.0,"event_name":"Golden Idol","player_choice":"Lose Max HP","floor":5.0,"gold_loss":0.0,"damage_taken":0.0,"relics_obtained":["Golden Idol"]},{"damage_healed":0.0,"max_hp_gain":0.0,"max_hp_loss":0.0,"gold_gain":275.0,"event_name":"Golden Shrine","player_choice":"Desecrate","floor":7.0,"gold_loss":0.0,"damage_taken":0.0,"cards_obtained":["Regret"]},{"damage_healed":0.0,"max_hp_gain":0.0,"max_hp_loss":0.0,"gold_gain":0.0,"event_name":"Drug Dealer","player_choice":"Inject Mutagens","floor":21.0,"gold_loss":0.0,"damage_taken":0.0,"relics_obtained":["MutagenicStrength"]},{"damage_healed":0.0,"max_hp_gain":0.0,"max_hp_loss":0.0,"gold_gain":0.0,"event_name":"N\u0027loth","player_choice":"Traded Relic","floor":31.0,"relics_lost":["Dodecahedron"],"gold_loss":0.0,"damage_taken":0.0,"relics_obtained":["Nloth\u0027s Gift"]},{"damage_healed":0.0,"max_hp_gain":0.0,"max_hp_loss":0.0,"gold_gain":0.0,"event_name":"Mysterious Sphere","player_choice":"Ignored","floor":39.0,"gold_loss":0.0,"damage_taken":0.0},{"damage_healed":0.0,"max_hp_gain":0.0,"max_hp_loss":0.0,"gold_gain":0.0,"event_name":"SensoryStone","player_choice":"Memory 1","floor":41.0,"gold_loss":0.0,"damage_taken":0.0}],"is_beta":false,"boss_relics":[{"not_picked":["White Beast Statue","Orrery"],"picked":"Coffee Dripper"},{"not_picked":["Busted Crown","Pandora\u0027s Box"],"picked":"Nuclear Battery"}],"items_purged_floors":[4,10,27,36],"is_endless":false,"potions_floor_spawned":[6,8,14,16,18,22,23,29,33,35,37,44],"ascension_level":3}