{"gold_per_floor":[210,224,224,240,240,240,270,235,235,268,288,288,127,138,138,238,238,256,256,269,269,288,288,303,303,350,362,381,381,381,416,416,416],"floor_reached":33,"playtime":1465,"items_purged":[],"score":291,"play_id":"0ad73b29-3af7-439f-a628-b48901b92be6","local_time":"20180707223400","is_ascension_mode":true,"campfire_choices":[{"data":"Seek","floor":6,"key":"SMITH"},{"data":"Redo","floor":12,"key":"SMITH"},{"data":"Electrodynamics","floor":15,"key":"SMITH"},{"data":"Chill","floor":23,"key":"SMITH"},{"data":"Amplify","floor":25,"key":"SMITH"},{"data":"White Noise","floor":29,"key":"SMITH"},{"floor":32,"key":"REST"}],"neow_cost":"NONE","seed_source_timestamp":0,"circlet_count":0,"master_deck":["Strike_B","Strike_B","Strike_B","Strike_B","Defend_B","Defend_B","Defend_B","Defend_B","Zap+1","Dualcast","Cold Snap","Ball Lightning","Seek+1","Chill+1","Conserve Battery","Redo+1","Electrodynamics+1","Storm","Amplify+1","Hologram","Conserve Battery+1","Doom and Gloom+1","Heatsinks","Hologram","White Noise+1","Fission"],"special_seed":17719,"relics":["Cracked Core","Pear","Anchor","Incense Burner","Gambling Chip","Inserter","Blood Vial","DataDisk"],"potions_floor_usage":[7,20,28],"damage_taken":[{"damage":3,"enemies":"Jaw Worm","floor":1,"turns":3},{"damage":1,"enemies":"Small Slimes","floor":2,"turns":3},{"damage":9,"enemies":"2 Louse","floor":4,"turns":3},{"damage":10,"enemies":"3 Sentries","floor":7,"turns":4},{"damage":3,"enemies":"Gremlin Nob","floor":10,"turns":3},{"damage":0,"enemies":"Blue Slaver","floor":11,"turns":3},{"damage":0,"enemies":"2 Fungi Beasts","floor":14,"turns":2},{"damage":2,"enemies":"Slime Boss","floor":16,"turns":8},{"damage":0,"enemies":"2 Thieves","floor":18,"turns":2},{"damage":0,"enemies":"Spheric Guardian","floor":20,"turns":3},{"damage":0,"enemies":"Snake Plant","floor":22,"turns":3},{"damage":15,"enemies":"Chosen and Byrds","floor":24,"turns":7},{"damage":8,"enemies":"Sentry and Sphere","floor":27,"turns":4},{"damage":17,"enemies":"Snecko","floor":28,"turns":4},{"damage":38,"enemies":"Book of Stabbing","floor":31,"turns":6},{"damage":39,"enemies":"Champ","floor":33,"turns":18}],"seed_played":"-5610983590349585426","potions_obtained":[{"floor":4,"key":"FocusPotion"},{"floor":10,"key":"Fire Potion"},{"floor":11,"key":"Explosive Potion"},{"floor":20,"key":"Dexterity Potion"},{"floor":24,"key":"SkillPotion"},{"floor":28,"key":"SteroidPotion"}],"is_trial":false,"path_per_floor":["M","M","?","M","?","R","E","?","T","E","M","R","$","M","R","B",null,"M","$","M","$","M","R","M","R","T","M","M","R","?","E","R"],"character_chosen":"DEFECT","items_purchased":["Electrodynamics"],"campfire_rested":1,"item_purchase_floors":[13],"current_hp_per_floor":[72,71,71,62,54,54,44,65,65,62,62,62,62,62,62,60,85,85,85,85,85,85,85,70,70,70,64,49,49,41,12,37,0],"gold":416,"neow_bonus":"HUNDRED_GOLD","is_prod":false,"is_daily":false,"chose_seed":false,"campfire_upgraded":6,"win_rate":0,"timestamp":1530966840,"path_taken":["M","M","?","M","?","R","E","?","T","E","?","R","$","M","R","BOSS","M","$","M","$","M","R","M","R","T","M","M","R","?","E","R","BOSS"],"build_version":"2018-07-05","purchased_purges":0,"victory":false,"max_hp_per_floor":[75,75,75,75,85,85,85,85,85,85,85,85,85,85,85,85,85,85,85,85,85,85,85,85,85,85,85,85,85,85,85,85,85],"card_choices":[{"not_picked":["Go for the Eyes","Lockon"],"picked":"Cold Snap","floor":1},{"not_picked":["Static Discharge","Gash"],"picked":"Ball Lightning","floor":2},{"not_picked":["Glacier","Gash"],"picked":"Seek","floor":4},{"not_picked":["Auto Shields","Hyperbeam"],"picked":"Chill","floor":7},{"not_picked":["Storm","Barrage"],"picked":"Conserve Battery","floor":10},{"not_picked":["Sunder","Turbo"],"picked":"Redo","floor":11},{"not_picked":["Coolheaded","Gash"],"picked":"Storm","floor":14},{"not_picked":["Core Surge","All For One"],"picked":"Amplify","floor":16},{"not_picked":["Turbo","Recycle"],"picked":"Hologram","floor":18},{"not_picked":["Force Field","Gash"],"picked":"Conserve Battery+1","floor":20},{"not_picked":["Redo","Capacitor"],"picked":"Doom and Gloom+1","floor":22},{"not_picked":["Compile Driver","Gash+1"],"picked":"Heatsinks","floor":24},{"not_picked":["Redo","Gash"],"picked":"Hologram","floor":27},{"not_picked":["Coolheaded+1","Self Repair+1"],"picked":"White Noise","floor":28},{"not_picked":["Turbo","Coolheaded+1"],"picked":"Fission","floor":31}],"player_experience":93026,"relics_obtained":[{"floor":7,"key":"Anchor"},{"floor":9,"key":"Incense Burner"},{"floor":10,"key":"Gambling Chip"},{"floor":26,"key":"Blood Vial"},{"floor":31,"key":"DataDisk"}],"event_choices":[{"event_name":"Living Wall","player_choice":"Grow","floor":3,"damage_taken":0},{"event_name":"Scrap Ooze","player_choice":"success","floor":5,"damage_taken":18},{"event_name":"The Cleric","player_choice":"Healed","floor":8,"damage_taken":0},{"event_name":"Knowing Skull","player_choice":"","floor":30,"damage_taken":0}],"boss_relics":[{"not_picked":["Philosopher\u0027s Stone","Velvet Choker"],"picked":"Inserter"}],"items_purged_floors":[],"is_endless":false,"potions_floor_spawned":[4,10,11,20,24,27,28,31],"killed_by":"Champ","ascension_level":1}