{"gold_per_floor":[115,134,205,205,216,216,236,236,236,236,286,296,296,296,296,372,372,392,409,409,423,89,89],"floor_reached":23,"playtime":619,"items_purged":[],"score":353,"play_id":"ed1348c5-f497-478c-ad98-d4312ef38a15","local_time":"20190526213906","is_ascension_mode":true,"campfire_choices":[{"data":"Shrug It Off","floor":6.0,"key":"SMITH"},{"data":"Strike_R","floor":10.0,"key":"SMITH"},{"data":"Strike_R","floor":13,"key":"SMITH"},{"data":"Defend_R","floor":15,"key":"SMITH"}],"neow_cost":"NONE","seed_source_timestamp":109072614131549,"circlet_count":0,"master_deck":["AscendersBane","Strike_R+1","Strike_R","Strike_R+1","Strike_R","Strike_R+1","Defend_R","Defend_R","Defend_R","Defend_R+1","Bash+1","Shrug It Off+1","Disarm+1","Inflame","Shrug It Off+1","Impervious+1"],"special_seed":0,"relics":["Burning Blood","Mercury Hourglass","Toxic Egg 2","Sozu","Lantern"],"potions_floor_usage":[16,16],"damage_taken":[{"damage":1.0,"enemies":"Cultist","floor":1.0,"turns":3.0},{"damage":2.0,"enemies":"2 Louse","floor":2.0,"turns":2.0},{"damage":19.0,"enemies":"Small Slimes","floor":5.0,"turns":4.0},{"damage":22.0,"enemies":"2 Fungi Beasts","floor":7.0,"turns":4.0},{"damage":3,"enemies":"3 Louse","floor":12,"turns":2},{"damage":3,"enemies":"The Guardian","floor":16,"turns":13},{"damage":20,"enemies":"2 Thieves","floor":18,"turns":5},{"damage":35,"enemies":"Spheric Guardian","floor":19,"turns":6},{"damage":10,"enemies":"Snake Plant","floor":21,"turns":4},{"damage":34,"enemies":"Slavers","floor":23,"turns":3}],"seed_played":"-4286363774531120029","potions_obtained":[{"floor":1.0,"key":"AttackPotion"},{"floor":7.0,"key":"Poison Potion"},{"floor":12,"key":"SteroidPotion"}],"is_trial":false,"path_per_floor":["M","M","?","?","M","R","M","?","T","R","?","M","R","?","R","B",null,"M","M","?","M","$","E"],"character_chosen":"IRONCLAD","items_purchased":["Lantern","Impervious+1"],"campfire_rested":0,"item_purchase_floors":[22,22],"current_hp_per_floor":[73,75,75,75,62,62,46,46,46,46,46,49,49,74,74,75,75,61,32,32,28,28,0],"gold":89,"neow_bonus":"UPGRADE_CARD","is_prod":false,"is_daily":false,"chose_seed":false,"campfire_upgraded":4,"win_rate":0,"timestamp":1558928346,"path_taken":["M","?","?","?","M","R","M","?","T","R","?","?","R","?","R","BOSS","M","M","?","?","$","E"],"build_version":"2019-01-23","purchased_purges":0,"victory":false,"max_hp_per_floor":[75,75,75,75,75,75,75,75,75,75,75,75,75,75,75,75,75,75,75,75,75,75,75],"card_choices":[{"not_picked":["Anger","Metallicize","Havoc"],"picked":"SKIP","floor":1.0},{"not_picked":["Fire Breathing","Carnage","Armaments"],"picked":"SKIP","floor":2.0},{"not_picked":["Heavy Blade","Headbutt"],"picked":"Shrug It Off","floor":5.0},{"not_picked":["Armaments","Intimidate","Reckless Charge"],"picked":"SKIP","floor":7.0},{"not_picked":["Wild Strike","Reckless Charge"],"picked":"Disarm+1","floor":12},{"not_picked":["Wild Strike","Dual Wield+1","Power Through+1"],"picked":"SKIP","floor":18},{"not_picked":["Thunderclap+1","Heavy Blade","Iron Wave"],"picked":"SKIP","floor":19},{"not_picked":["Clash","Perfected Strike"],"picked":"Shrug It Off+1","floor":21}],"player_experience":621361,"relics_obtained":[{"floor":9.0,"key":"Toxic Egg 2"}],"event_choices":[{"damage_healed":0.0,"max_hp_gain":0.0,"max_hp_loss":0.0,"gold_gain":71.0,"event_name":"Golden Wing","player_choice":"Gained Gold","floor":3.0,"gold_loss":0.0,"damage_taken":0.0},{"damage_healed":0.0,"max_hp_gain":0.0,"max_hp_loss":0.0,"gold_gain":0.0,"event_name":"Living Wall","player_choice":"Grow","floor":4.0,"gold_loss":0.0,"damage_taken":0.0,"cards_upgraded":["Strike_R"]},{"damage_healed":0.0,"max_hp_gain":0.0,"max_hp_loss":0.0,"gold_gain":0.0,"event_name":"Dead Adventurer","player_choice":"Searched \u00271\u0027 times","floor":8.0,"gold_loss":0.0,"damage_taken":0.0,"relics_obtained":["Mercury Hourglass"]},{"damage_healed":0.0,"max_hp_gain":0.0,"max_hp_loss":0.0,"gold_gain":50.0,"event_name":"Golden Shrine","player_choice":"Pray","floor":11.0,"gold_loss":0.0,"damage_taken":0.0},{"damage_healed":25,"gold_gain":0,"player_choice":"Banana","damage_taken":0,"max_hp_gain":0,"max_hp_loss":0,"event_name":"Big Fish","floor":14,"gold_loss":0},{"damage_healed":0,"gold_gain":0,"player_choice":"1 cards matched","damage_taken":0,"max_hp_gain":0,"max_hp_loss":0,"event_name":"Match and Keep!","floor":20,"gold_loss":0,"cards_obtained":["Inflame"]}],"is_beta":false,"boss_relics":[{"not_picked":["Orrery","Mark of Pain"],"picked":"Sozu"}],"items_purged_floors":[],"is_endless":false,"potions_floor_spawned":[1,7,12,19],"killed_by":"Slavers","ascension_level":19}