{"gold_per_floor":[109,34,109,109,109,109,121,147,174,202,240,72,82,100,100,174,174,185,185,185,202,202,237,237,75,144,144,177,177,188,220,220,296,296,314,314,314,328,328,160,175,190,217,217,237,251,251,276,276,276],"floor_reached":51,"playtime":1781,"items_purged":[],"score":1369,"play_id":"7d9fa98f-78e2-4fc8-84ea-2779c28df620","local_time":"20190525003729","is_ascension_mode":true,"campfire_choices":[{"data":"Bash","floor":6.0,"key":"SMITH"},{"data":"Limit Break","floor":15.0,"key":"SMITH"},{"floor":24.0,"key":"REST"},{"data":"Heavy Blade","floor":27.0,"key":"SMITH"},{"data":"Shrug It Off","floor":32.0,"key":"SMITH"},{"data":"Ghostly","floor":44.0,"key":"SMITH"},{"data":"Inflame","floor":47.0,"key":"SMITH"},{"data":"Ghostly","floor":49.0,"key":"SMITH"}],"neow_cost":"NONE","seed_source_timestamp":310200794240108,"circlet_count":0,"master_deck":["AscendersBane","Strike_R+1","Strike_R+1","Strike_R+1","Strike_R+1","Defend_R+1","Defend_R+1","Defend_R+1","Bash+1","Flame Barrier+1","Shrug It Off+1","Cleave+1","Limit Break+1","Battle Trance","Shame","Ghostly+1","Ghostly+1","Ghostly+1","Headbutt+1","Heavy Blade+1","Master of Strategy+1","Inflame+1"],"special_seed":0,"relics":["Burning Blood","NeowsBlessing","Du-Vu Doll","MawBank","Strawberry","Sozu","Gremlin Horn","Whetstone","Bronze Scales","Bottled Flame","Anchor","MutagenicStrength","Sundial","Philosopher\u0027s Stone","War Paint","Smiling Mask","Ancient Tea Set"],"potions_floor_usage":[],"damage_taken":[{"damage":0.0,"enemies":"Jaw Worm","floor":1.0,"turns":1.0},{"damage":0.0,"enemies":"2 Louse","floor":7.0,"turns":2.0},{"damage":0.0,"enemies":"Gremlin Nob","floor":8.0,"turns":1.0},{"damage":7.0,"enemies":"Small Slimes","floor":10.0,"turns":3.0},{"damage":20.0,"enemies":"3 Sentries","floor":11.0,"turns":9.0},{"damage":7.0,"enemies":"Looter","floor":13.0,"turns":4.0},{"damage":1.0,"enemies":"2 Fungi Beasts","floor":14.0,"turns":5.0},{"damage":42.0,"enemies":"Slime Boss","floor":16.0,"turns":14.0},{"damage":13.0,"enemies":"Chosen","floor":18.0,"turns":6.0},{"damage":11.0,"enemies":"2 Thieves","floor":21.0,"turns":4.0},{"damage":29.0,"enemies":"Book of Stabbing","floor":23.0,"turns":5.0},{"damage":7.0,"enemies":"Slavers","floor":28.0,"turns":6.0},{"damage":6.0,"enemies":"Cultist and Chosen","floor":30.0,"turns":5.0},{"damage":0.0,"enemies":"Gremlin Leader","floor":31.0,"turns":4.0},{"damage":29.0,"enemies":"Automaton","floor":33.0,"turns":8.0},{"damage":1.0,"enemies":"Orb Walker","floor":35.0,"turns":3.0},{"damage":0.0,"enemies":"3 Shapes","floor":38.0,"turns":4.0},{"damage":4.0,"enemies":"Writhing Mass","floor":41.0,"turns":4.0},{"damage":0.0,"enemies":"Sphere and 2 Shapes","floor":42.0,"turns":3.0},{"damage":2.0,"enemies":"Transient","floor":45.0,"turns":6.0},{"damage":0.0,"enemies":"3 Darklings","floor":46.0,"turns":3.0},{"damage":30,"enemies":"Time Eater","floor":50,"turns":8}],"seed_played":"-6645327502028797930","potions_obtained":[{"floor":8.0,"key":"PowerPotion"},{"floor":10.0,"key":"Block Potion"},{"floor":11.0,"key":"LiquidBronze"}],"is_trial":false,"path_per_floor":["M","?","?","?","?","R","M","E","T","M","E","$","M","M","R","B",null,"M","?","?","M","?","E","R","$","T","R","E","?","M","E","R","B",null,"M","?","?","M","?","$","M","M","T","R","M","M","R","T","R","B",null],"character_chosen":"IRONCLAD","items_purchased":["Limit Break","Bronze Scales","War Paint"],"campfire_rested":1,"item_purchase_floors":[12,25,40],"current_hp_per_floor":[74,74,63,56,56,56,62,68,68,67,60,60,59,64,64,28,69,62,62,41,36,36,13,25,25,25,25,24,24,24,30,30,7,33,38,38,38,39,39,39,39,39,39,39,39,39,39,39,39,15],"gold":276,"neow_bonus":"THREE_ENEMY_KILL","is_prod":false,"is_daily":false,"chose_seed":false,"campfire_upgraded":7,"win_rate":0,"timestamp":1558766249,"path_taken":["M","?","?","?","?","R","M","E","T","M","E","$","M","M","R","BOSS","M","?","?","M","?","E","R","$","T","R","E","?","M","E","R","BOSS","M","?","?","M","?","$","M","M","T","R","M","M","R","?","R","BOSS"],"build_version":"2019-01-23","purchased_purges":0,"victory":true,"max_hp_per_floor":[75,75,75,75,75,75,75,75,75,75,82,82,82,82,82,82,82,82,82,41,41,41,41,41,41,41,41,41,41,41,41,41,41,41,41,39,39,39,39,39,39,39,39,39,39,39,39,39,39,39],"card_choices":[{"not_picked":["Clothesline","Sever Soul"],"picked":"Flame Barrier","floor":1.0},{"not_picked":["Second Wind","Clash"],"picked":"Shrug It Off","floor":7.0},{"not_picked":["Iron Wave","Metallicize","Dual Wield"],"picked":"SKIP","floor":8.0},{"not_picked":["True Grit","Evolve","Body Slam"],"picked":"SKIP","floor":10.0},{"not_picked":["Havoc","Heavy Blade"],"picked":"Cleave","floor":11.0},{"not_picked":["Perfected Strike","Iron Wave"],"picked":"Battle Trance","floor":13.0},{"not_picked":["Sword Boomerang","Power Through","Body Slam"],"picked":"SKIP","floor":14.0},{"not_picked":["Hemokinesis+1","Sever Soul","Twin Strike"],"picked":"SKIP","floor":18.0},{"not_picked":["Sword Boomerang","True Grit"],"picked":"Headbutt+1","floor":21.0},{"not_picked":["Clothesline+1","Spot Weakness"],"picked":"Heavy Blade","floor":23.0},{"not_picked":["Rupture","Battle Trance","Body Slam"],"picked":"SKIP","floor":28.0},{"not_picked":["Double Tap","Dual Wield","Twin Strike"],"picked":"SKIP","floor":30.0},{"not_picked":["Spot Weakness","Flex","Heavy Blade"],"picked":"SKIP","floor":31.0},{"not_picked":["Intimidate+1","Bloodletting+1","Seeing Red"],"picked":"SKIP","floor":35.0},{"not_picked":["Enlightenment","Deep Breath"],"picked":"Master of Strategy","floor":37.0},{"not_picked":["Clothesline","Body Slam","Clash"],"picked":"SKIP","floor":38.0},{"not_picked":["Warcry","Sever Soul","Disarm"],"picked":"SKIP","floor":41.0},{"not_picked":["Twin Strike+1","Battle Trance","True Grit+1"],"picked":"SKIP","floor":42.0},{"not_picked":["Reckless Charge","Perfected Strike"],"picked":"Inflame","floor":45.0},{"not_picked":["Headbutt","Bloodletting","Armaments"],"picked":"SKIP","floor":46.0}],"player_experience":603863,"relics_obtained":[{"floor":8.0,"key":"Du-Vu Doll"},{"floor":9.0,"key":"MawBank"},{"floor":11.0,"key":"Strawberry"},{"floor":23.0,"key":"Whetstone"},{"floor":26.0,"key":"Bottled Flame"},{"floor":28.0,"key":"Anchor"},{"floor":31.0,"key":"Sundial"},{"floor":43.0,"key":"Smiling Mask"},{"floor":48.0,"key":"Ancient Tea Set"}],"event_choices":[{"cards_removed":["Defend_R"],"damage_healed":0.0,"max_hp_gain":0.0,"max_hp_loss":0.0,"gold_gain":0.0,"event_name":"The Cleric","player_choice":"Card Removal","floor":2.0,"gold_loss":75.0,"damage_taken":0.0},{"damage_healed":0.0,"max_hp_gain":0.0,"max_hp_loss":0.0,"gold_gain":75.0,"event_name":"World of Goop","player_choice":"Gather Gold","floor":3.0,"gold_loss":0.0,"damage_taken":11.0},{"cards_removed":["Strike_R"],"damage_healed":0.0,"max_hp_gain":0.0,"max_hp_loss":0.0,"gold_gain":0.0,"event_name":"Golden Wing","player_choice":"Card Removal","floor":4.0,"gold_loss":0.0,"damage_taken":7.0},{"damage_healed":0.0,"max_hp_gain":0.0,"max_hp_loss":0.0,"gold_gain":0.0,"event_name":"Living Wall","player_choice":"Grow","floor":5.0,"gold_loss":0.0,"damage_taken":0.0,"cards_upgraded":["Flame Barrier"]},{"damage_healed":0.0,"max_hp_gain":0.0,"max_hp_loss":0.0,"gold_gain":0.0,"event_name":"Addict","player_choice":"Stole Relic","floor":19.0,"gold_loss":0.0,"damage_taken":0.0,"relics_obtained":["Gremlin Horn"],"cards_obtained":["Shame"]},{"damage_healed":0.0,"max_hp_gain":0.0,"max_hp_loss":41.0,"gold_gain":0.0,"event_name":"Ghosts","player_choice":"Became a Ghost","floor":20.0,"gold_loss":0.0,"damage_taken":0.0,"cards_obtained":["Ghostly","Ghostly","Ghostly"]},{"damage_healed":0.0,"max_hp_gain":0.0,"max_hp_loss":0.0,"gold_gain":0.0,"event_name":"Back to Basics","player_choice":"Simplicity","floor":22.0,"gold_loss":0.0,"damage_taken":0.0,"cards_upgraded":["Strike_R","Strike_R","Strike_R","Strike_R","Defend_R","Defend_R","Defend_R"]},{"damage_healed":0.0,"max_hp_gain":0.0,"max_hp_loss":0.0,"gold_gain":0.0,"event_name":"Drug Dealer","player_choice":"Inject Mutagens","floor":29.0,"gold_loss":0.0,"damage_taken":0.0,"relics_obtained":["MutagenicStrength"]},{"damage_healed":0.0,"max_hp_gain":0.0,"max_hp_loss":2.0,"gold_gain":0.0,"event_name":"Winding Halls","player_choice":"Max HP","floor":36.0,"gold_loss":0.0,"damage_taken":0.0},{"damage_healed":0.0,"max_hp_gain":0.0,"max_hp_loss":0.0,"gold_gain":0.0,"event_name":"SensoryStone","player_choice":"Memory 1","floor":37.0,"gold_loss":0.0,"damage_taken":0.0},{"damage_healed":0.0,"max_hp_gain":0.0,"max_hp_loss":0.0,"gold_gain":0.0,"event_name":"Tomb of Lord Red Mask","player_choice":"Ignored","floor":39.0,"gold_loss":0.0,"damage_taken":0.0}],"is_beta":false,"boss_relics":[{"not_picked":["Astrolabe","Snecko Eye"],"picked":"Sozu"},{"not_picked":["Runic Pyramid","Black Blood"],"picked":"Philosopher\u0027s Stone"}],"items_purged_floors":[],"is_endless":false,"potions_floor_spawned":[8,10,11,13,23,31,33,38,46],"ascension_level":17}