{"gold_per_floor":[369,382,41,41,61,61,96,116,143,65,65],"floor_reached":11,"playtime":671,"items_purged":["Strike_B"],"score":120,"play_id":"51643067-4e9f-4dcf-85da-4257bc2feaf7","local_time":"20190424154048","is_ascension_mode":true,"campfire_choices":[{"data":"Redo","floor":6,"key":"SMITH"}],"neow_cost":"PERCENT_DAMAGE","seed_source_timestamp":615446915418200,"circlet_count":0,"master_deck":["AscendersBane","Strike_B","Strike_B","Strike_B","Defend_B","Defend_B","Defend_B","Defend_B","Zap","Dualcast","Redo+1","Conserve Battery","Capacitor","Hologram","Echo Form","Ball Lightning","Self Repair","Chill"],"relics":["Cracked Core","Art of War","Dream Catcher","Bag of Preparation"],"potions_floor_usage":[7,7],"damage_taken":[{"damage":0,"enemies":"Small Slimes","floor":1,"turns":4},{"damage":9,"enemies":"2 Louse","floor":2,"turns":3},{"damage":0,"enemies":"Cultist","floor":5,"turns":2},{"damage":31,"enemies":"3 Sentries","floor":7,"turns":9},{"damage":23,"enemies":"Exordium Thugs","floor":8,"turns":4},{"damage":11,"enemies":"Lagavulin","floor":11,"turns":5}],"seed_played":"-8346173563582904181","potions_obtained":[{"floor":1,"key":"Block Potion"},{"floor":2,"key":"Regen Potion"}],"is_trial":false,"path_per_floor":["M","M","$","?","M","R","E","M","T","$","E"],"character_chosen":"DEFECT","items_purchased":["Capacitor","Art of War","Hologram","Chill"],"campfire_rested":0,"item_purchase_floors":[3,3,3,10],"current_hp_per_floor":[50,41,41,41,41,41,25,2,2,2,0],"gold":65,"neow_bonus":"TWO_FIFTY_GOLD","is_prod":false,"is_daily":false,"chose_seed":false,"campfire_upgraded":1,"win_rate":0,"timestamp":1556142048,"path_taken":["M","M","$","?","M","R","E","M","T","$","E"],"build_version":"2019-01-23","purchased_purges":1,"victory":false,"max_hp_per_floor":[75,75,75,75,75,75,75,75,75,75,75],"card_choices":[{"not_picked":["Reinforced Body","Conserve Battery"],"picked":"Redo","floor":1},{"not_picked":["Lockon","Redo"],"picked":"Conserve Battery","floor":2},{"not_picked":["Go for the Eyes","Reprogram"],"picked":"Echo Form","floor":5},{"not_picked":["Beam Cell","Conserve Battery"],"picked":"Ball Lightning","floor":7},{"not_picked":["Fusion","Turbo"],"picked":"Self Repair","floor":8}],"player_experience":659757,"relics_obtained":[{"floor":7,"key":"Dream Catcher"},{"floor":9,"key":"Bag of Preparation"}],"event_choices":[{"damage_healed":0,"gold_gain":0,"player_choice":"Ignored","damage_taken":0,"max_hp_gain":0,"max_hp_loss":0,"event_name":"Liars Game","floor":4,"gold_loss":0}],"is_beta":false,"boss_relics":[],"items_purged_floors":[3],"is_endless":false,"potions_floor_spawned":[1,2],"killed_by":"Lagavulin","ascension_level":13}