{"gold_per_floor":[110,121,121,140,215,215,232,258,258,258,283,295,295,313,313,417,417,429,429,429,143,161,186,186,217,217,228,263,263,278,17,17,114,114,130,62,7,21,33,50,81,110,148,160,188,215,242,52,52,52],"floor_reached":51,"playtime":5532,"items_purged":["Dualcast"],"score":889,"play_id":"ebcab086-f0e8-4337-aa88-94ef4bb3a142","local_time":"20190605003821","is_ascension_mode":true,"campfire_choices":[{"data":"Zap","floor":6,"key":"SMITH"},{"data":"Genetic Algorithm","floor":10,"key":"SMITH"},{"floor":13,"key":"REST"},{"data":"Fission","floor":15,"key":"SMITH"},{"data":"Machine Learning","floor":24,"key":"SMITH"},{"floor":29,"key":"REST"},{"floor":32,"key":"REST"},{"data":"Defend_B+1","floor":44,"key":"PURGE"},{"floor":49,"key":"REST"}],"neow_cost":"NONE","seed_source_timestamp":528106492828026,"circlet_count":0,"master_deck":["Strike_B+1","Strike_B+1","Strike_B+1","Strike_B+1","Defend_B+1","Defend_B+1","Defend_B+1","Zap+1","Conserve Battery","Genetic Algorithm+1","Cold Snap","Fission+1","Hologram","Machine Learning+1","Genetic Algorithm+1","Chill","Consume+1","Melter","Double Energy+1","Go for the Eyes","Seek","Machine Learning+1","Skim+1","Loop+1","Glacier+1","Hologram+1","Biased Cognition+1","Coolheaded+1","Static Discharge+1"],"relics":["Cracked Core","Ancient Tea Set","Pantograph","Darkstone Periapt","Lantern","Sozu","DataDisk","Oddly Smooth Stone","Peace Pipe","Frozen Egg 2","Bronze Scales","Mercury Hourglass","Black Star","Meat on the Bone","MawBank","Strawberry","Pen Nib","HandDrill"],"potions_floor_usage":[8,12,16,16,18],"damage_taken":[{"damage":11,"enemies":"Small Slimes","floor":1,"turns":3},{"damage":0,"enemies":"Jaw Worm","floor":2,"turns":3},{"damage":0,"enemies":"Cultist","floor":4,"turns":3},{"damage":8,"enemies":"Exordium Thugs","floor":7,"turns":5},{"damage":22,"enemies":"3 Sentries","floor":8,"turns":8},{"damage":23,"enemies":"Gremlin Nob","floor":11,"turns":4},{"damage":9,"enemies":"Large Slime","floor":12,"turns":4},{"damage":2,"enemies":"Red Slaver","floor":14,"turns":3},{"damage":27,"enemies":"Hexaghost","floor":16,"turns":14},{"damage":18,"enemies":"Chosen","floor":18,"turns":7},{"damage":2,"enemies":"2 Thieves","floor":22,"turns":4},{"damage":0,"enemies":"Book of Stabbing","floor":23,"turns":6},{"damage":69,"enemies":"Gremlin Leader","floor":25,"turns":9},{"damage":0,"enemies":"Sentry and Sphere","floor":27,"turns":3},{"damage":13,"enemies":"Slavers","floor":28,"turns":7},{"damage":0,"enemies":"Cultist and Chosen","floor":30,"turns":7},{"damage":34,"enemies":"Champ","floor":33,"turns":16},{"damage":2,"enemies":"3 Shapes","floor":35,"turns":3},{"damage":0,"enemies":"3 Darklings","floor":38,"turns":4},{"damage":0,"enemies":"Writhing Mass","floor":39,"turns":6},{"damage":0,"enemies":"Sphere and 2 Shapes","floor":40,"turns":3},{"damage":0,"enemies":"Nemesis","floor":41,"turns":9},{"damage":33,"enemies":"3 Darklings","floor":42,"turns":5},{"damage":0,"enemies":"Writhing Mass","floor":45,"turns":6},{"damage":0,"enemies":"Sphere and 2 Shapes","floor":46,"turns":3},{"damage":0,"enemies":"Transient","floor":47,"turns":5},{"damage":11,"enemies":"Donu and Deca","floor":50,"turns":13}],"seed_played":"2163061125209818770","potions_obtained":[{"floor":7,"key":"Regen Potion"},{"floor":11,"key":"EssenceOfSteel"},{"floor":12,"key":"Strength Potion"},{"floor":14,"key":"EssenceOfSteel"},{"floor":16,"key":"Weak Potion"}],"is_trial":false,"path_per_floor":["?","?","M","?","?","?","M","M"],"character_chosen":"DEFECT","items_purchased":["DataDisk","Chill","Mercury Hourglass","Loop+1","HandDrill"],"campfire_rested":4,"item_purchase_floors":[21,21,31,36,48],"current_hp_per_floor":[64,64,64,64,57,57,49,42,42,42,19,10,32,30,30,28,75,57,57,85,85,83,83,83,14,14,14,1,26,26,26,51,42,85,83,83,83,83,83,83,90,57,57,57,57,57,57,57,84,81],"gold":52,"neow_bonus":"RANDOM_COMMON_RELIC","is_prod":false,"is_daily":false,"chose_seed":false,"campfire_upgraded":4,"win_rate":0,"timestamp":1559723901,"path_taken":["M","M","?","M","?","R","?","E","T","R","E","M","R","M","R","BOSS","M","?","?","$","M","E","R","E","T","M","E","R","M","$","R","BOSS","M","$","?","M","?","?","E","M","T","R","M","M","M","$","R","BOSS"],"build_version":"2019-01-23","purchased_purges":1,"victory":true,"max_hp_per_floor":[75,75,75,75,75,75,75,75,75,75,75,75,75,75,75,75,75,75,75,85,85,85,85,85,85,85,85,85,85,85,85,85,85,85,85,85,85,85,85,85,92,92,92,92,92,92,92,92,92,92],"card_choices":[{"not_picked":["Streamline","Barrage"],"picked":"Conserve Battery","floor":1},{"not_picked":["Storm","Double Energy"],"picked":"Genetic Algorithm","floor":2},{"not_picked":["Redo","Skim","Recycle"],"picked":"SKIP","floor":4},{"not_picked":["Ball Lightning","Darkness"],"picked":"Cold Snap","floor":7},{"not_picked":["Leap","Hologram"],"picked":"Hyperbeam","floor":8},{"not_picked":["Reinforced Body","Go for the Eyes"],"picked":"Fission","floor":11},{"not_picked":["Stack","Compile Driver","Blizzard"],"picked":"SKIP","floor":12},{"not_picked":["Gash","Reinforced Body"],"picked":"Hologram","floor":14},{"not_picked":["Amplify","Multi-Cast"],"picked":"Machine Learning","floor":16},{"not_picked":["Turbo","Rebound"],"picked":"Genetic Algorithm+1","floor":18},{"not_picked":["Rip and Tear","Sweeping Beam"],"picked":"Consume+1","floor":22},{"not_picked":["Rebound+1","Skim"],"picked":"Melter","floor":23},{"not_picked":["Gash","Coolheaded"],"picked":"Double Energy+1","floor":25},{"not_picked":["Barrage","Gash+1"],"picked":"Go for the Eyes","floor":27},{"not_picked":["Aggregate+1","Steam"],"picked":"Seek","floor":28},{"not_picked":["Streamline","Consume","Gash"],"picked":"SKIP","floor":30},{"not_picked":["Reboot","Seek"],"picked":"Machine Learning+1","floor":33},{"not_picked":["Turbo+1","Stack"],"picked":"Skim+1","floor":35},{"not_picked":["Sweeping Beam","Beam Cell","Turbo"],"picked":"SKIP","floor":38},{"not_picked":["Beam Cell","Force Field+1"],"picked":"Glacier+1","floor":39},{"not_picked":["Beam Cell+1","Steam+1"],"picked":"Hologram+1","floor":40},{"not_picked":["Stack+1","Gash"],"picked":"Biased Cognition+1","floor":41},{"not_picked":["Redo+1","Stack+1"],"picked":"Coolheaded+1","floor":42},{"not_picked":["Barrage","Reprogram"],"picked":"Static Discharge+1","floor":45},{"not_picked":["Barrage","Sweeping Beam+1","Leap"],"picked":"SKIP","floor":46},{"not_picked":["Recycle","Scrape","Chill+1"],"picked":"SKIP","floor":47}],"player_experience":188535,"relics_obtained":[{"floor":8,"key":"Pantograph"},{"floor":9,"key":"Darkstone Periapt"},{"floor":11,"key":"Lantern"},{"floor":23,"key":"Oddly Smooth Stone"},{"floor":25,"key":"Peace Pipe"},{"floor":26,"key":"Frozen Egg 2"},{"floor":28,"key":"Bronze Scales"},{"floor":41,"key":"MawBank"},{"floor":41,"key":"Strawberry"},{"floor":43,"key":"Pen Nib"}],"event_choices":[{"damage_healed":0,"gold_gain":0,"player_choice":"Ignored","damage_taken":0,"max_hp_gain":0,"max_hp_loss":0,"event_name":"Liars Game","floor":3,"gold_loss":0},{"damage_healed":0,"gold_gain":75,"player_choice":"Touch","damage_taken":7,"max_hp_gain":0,"max_hp_loss":0,"event_name":"FaceTrader","floor":5,"gold_loss":0},{"damage_healed":0,"gold_gain":0,"player_choice":"Simplicity","damage_taken":0,"max_hp_gain":0,"max_hp_loss":0,"event_name":"Back to Basics","floor":19,"gold_loss":0,"cards_upgraded":["Strike_B","Strike_B","Strike_B","Strike_B","Defend_B","Defend_B","Defend_B","Defend_B"]},{"cards_removed":["Hyperbeam"],"damage_healed":18,"gold_gain":0,"player_choice":"Offered Rare","damage_taken":0,"max_hp_gain":10,"max_hp_loss":0,"event_name":"Bonfire Elementals","floor":20,"gold_loss":0},{"damage_healed":0,"gold_gain":0,"player_choice":"Paid Gold","damage_taken":0,"relics_obtained":["Meat on the Bone"],"max_hp_gain":0,"max_hp_loss":0,"event_name":"WeMeetAgain","floor":37,"gold_loss":55}],"is_beta":false,"boss_relics":[{"not_picked":["Velvet Choker","Snecko Eye"],"picked":"Sozu"},{"not_picked":["Coffee Dripper","White Beast Statue"],"picked":"Black Star"}],"items_purged_floors":[21],"is_endless":false,"potions_floor_spawned":[7,11,12,14,16,22,25,30,38,39,41,46],"ascension_level":3}