{"path_per_floor":["M","M","M","?","M","E","M"],"character_chosen":"THE_SILENT","items_purchased":[],"gold_per_floor":[19,34,50,50,68,93,110,110],"floor_reached":8,"campfire_rested":0,"playtime":782,"item_purchase_floors":[],"current_hp_per_floor":[70,70,70,70,56,43,31,0],"items_purged":[],"gold":110,"score":60,"play_id":"b8aac945-6ef7-4978-a26d-63eb91f53430","local_time":"20180526223425","is_prod":false,"is_daily":false,"chose_seed":false,"is_ascension_mode":false,"campfire_upgraded":0,"win_rate":0,"timestamp":1527338065,"campfire_choices":[],"path_taken":["M","M","M","?","M","E","M","E"],"build_version":"2018-05-24","seed_source_timestamp":40654570727792,"purchased_purges":0,"victory":false,"master_deck":["Defend_G","Defend_G","Defend_G","Defend_G","Defend_G","Strike_G","Strike_G","Strike_G","Strike_G","Strike_G","Survivor","Neutralize","Tools of the Trade","Leg Sweep","Footwork","Flying Knee","Regret","Blur","Cloak And Dagger","PiercingWail"],"max_hp_per_floor":[70,70,70,70,70,70,70,70],"relics":["Ring of the Snake","Dream Catcher","Juzu Bracelet"],"card_choices":[{"not_picked":["Adrenaline","Wraith Form v2"],"picked":"Tools of the Trade","floor":0},{"not_picked":["Deadly Poison","Bane"],"picked":"Leg Sweep","floor":1},{"not_picked":["Quick Slash","Blur"],"picked":"Footwork","floor":2},{"not_picked":["Slice","Terror"],"picked":"Flying Knee","floor":3},{"not_picked":["PiercingWail","Well Laid Plans"],"picked":"Blur","floor":5},{"not_picked":["Leg Sweep","Envenom"],"picked":"Cloak And Dagger","floor":6},{"not_picked":["Outmaneuver","Dagger Throw"],"picked":"PiercingWail","floor":7}],"player_experience":80492,"potions_floor_usage":[5,6],"damage_taken":[{"damage":0,"enemies":"Jaw Worm","floor":1,"turns":5},{"damage":0,"enemies":"2 Louse","floor":2,"turns":6},{"damage":0,"enemies":"Small Slimes","floor":3,"turns":5},{"damage":14,"enemies":"Gremlin Gang","floor":5,"turns":11},{"damage":13,"enemies":"3 Sentries","floor":6,"turns":13},{"damage":12,"enemies":"Lots of Slimes","floor":7,"turns":9},{"damage":31,"enemies":"Gremlin Nob","floor":8,"turns":4}],"relics_obtained":[{"floor":6,"key":"Juzu Bracelet"}],"event_choices":[{"event_name":"Big Fish","player_choice":"Box","floor":4,"damage_taken":0}],"boss_relics":[],"items_purged_floors":[],"potions_floor_spawned":[3,5,6,7],"seed_played":"3083221914886166276","killed_by":"Gremlin Nob","ascension_level":0,"potions_obtained":[{"floor":3,"key":"SteroidPotion"},{"floor":5,"key":"Explosive Potion"},{"floor":6,"key":"SpeedPotion"},{"floor":7,"key":"GamblersBrew"}],"is_trial":false}