{"path_per_floor":["M","M","?","?","T","R","E","M","T","$","E","?","R","M","R","B",null,"M","?","?","$","M","R","E","R","T","$","R","?","T","?","R","B",null,"M","M","M","?","$","R","T","E","T","E","R","M","M","E","R","B",null,"M","?","M","?","M","R","$","M","T","?","R","?","M","M","R","B",null,"M","$","M","M","M","E","R","?","E","$","M","M","$","M","R"],"character_chosen":"IRONCLAD","items_purchased":["Bottled Tornado","Inflame","Bag of Marbles"],"gold_per_floor":[109,121,121,196,196,196,231,245,272,11,36,36,36,46,46,151,151,166,111,36,36,56,56,90,90,116,43,43,43,43,43,43,148,148,168,184,199,199,124,124,124,155,155,186,186,203,217,243,243,338,338,354,354,373,373,397,397,145,165,165,165,165,165,181,204,204,327,327,341,216,231,247,267,305,305,305,339,189,214,237,62,83,83,83],"floor_reached":84,"campfire_rested":1,"playtime":3543,"item_purchase_floors":[10,27,58],"current_hp_per_floor":[80,80,80,69,69,69,70,77,77,77,62,44,44,52,52,8,85,86,86,86,86,60,60,34,60,60,60,60,60,60,60,60,55,89,86,85,91,91,91,91,91,91,91,84,84,90,91,83,83,41,98,99,92,100,92,93,93,93,94,94,87,87,68,77,68,68,97,97,98,98,89,84,80,75,75,75,76,76,85,87,87,96,96,0],"items_purged":["Strike_R","Strike_R","Normality","Defend_R","Strike_R"],"gold":83,"score":1409,"play_id":"7c04eee8-507d-4682-a540-0066ad8a060f","local_time":"20180622235926","is_prod":false,"is_daily":false,"chose_seed":false,"is_ascension_mode":true,"campfire_upgraded":14,"win_rate":0,"timestamp":1529675966,"campfire_choices":[{"data":"Metallicize","floor":6,"key":"SMITH"},{"data":"Flex","floor":13,"key":"SMITH"},{"data":"Thunderclap","floor":15,"key":"SMITH"},{"data":"Demon Form","floor":23,"key":"SMITH"},{"floor":25,"key":"REST"},{"data":"Inflame","floor":28,"key":"SMITH"},{"data":"Heavy Blade","floor":32,"key":"SMITH"},{"data":"Double Tap","floor":40,"key":"SMITH"},{"data":"Iron Wave","floor":45,"key":"SMITH"},{"data":"Pummel","floor":49,"key":"SMITH"},{"data":"Shrug It Off","floor":57,"key":"SMITH"},{"data":"Shrug It Off","floor":62,"key":"SMITH"},{"data":"Pommel Strike","floor":66,"key":"SMITH"},{"data":"Double Tap","floor":75,"key":"SMITH"},{"data":"Twin Strike","floor":83,"key":"SMITH"}],"path_taken":["M","M","?","?","?","R","E","M","T","$","E","?","R","M","R","BOSS","M","?","?","$","M","R","E","R","T","$","R","?","?","?","R","BOSS","M","M","M","?","$","R","?","E","T","E","R","M","M","E","R","BOSS","M","?","M","?","M","R","$","M","T","?","R","?","M","M","R","BOSS","M","$","M","M","M","E","R","?","E","$","M","M","$","M","R","BOSS"],"build_version":"2018-06-21","seed_source_timestamp":42531619543805,"purchased_purges":5,"circlet_count":0,"victory":false,"master_deck":["Defend_R","Defend_R+1","Bash+1","Iron Wave+1","Metallicize+1","Twin Strike+1","Flex+1","Shrug It Off+1","Thunderclap+1","Demon Form+1","Heavy Blade+1","Shrug It Off+1","Inflame+1","Pommel Strike+1","Double Tap+1","Iron Wave+1","Inflame+1","Pummel+1","Flex+1","Spot Weakness+1","Double Tap+1","Demon Form+1","Headbutt+1"],"max_hp_per_floor":[80,80,80,80,80,80,81,82,82,82,83,83,83,84,84,85,85,86,86,86,86,87,87,88,88,88,88,88,88,88,88,88,89,89,90,91,92,92,92,92,92,93,93,94,94,95,96,97,97,98,98,99,99,100,92,93,93,93,94,94,94,94,94,95,96,96,97,97,98,98,99,100,101,102,102,102,103,103,104,105,105,106,106,106],"relics":["Burning Blood","FaceOfCleric","Centennial Puzzle","Oddly Smooth Stone","Potion Belt","Bottled Tornado","Blood Vial","Juzu Bracelet","Sozu","Tiny Chest","Question Card","Ancient Tea Set","Gremlin Horn","Busted Crown","Self Forming Clay","Kunai","Bag of Preparation","Vajra","Pen Nib","Cursed Key","Golden Idol","Bag of Marbles","Meat on the Bone","Pantograph"],"card_choices":[{"not_picked":["Sever Soul","Dropkick"],"picked":"Iron Wave","floor":1},{"not_picked":["Wild Strike","Anger"],"picked":"Metallicize","floor":2},{"not_picked":["Body Slam","Bloodletting"],"picked":"Twin Strike","floor":7},{"not_picked":["Twin Strike","Infernal Blade"],"picked":"Flex","floor":8},{"not_picked":["Havoc","Juggernaut"],"picked":"Shrug It Off","floor":11},{"not_picked":["Clothesline","True Grit"],"picked":"Thunderclap","floor":14},{"not_picked":["Fiend Fire","Dark Embrace"],"picked":"Demon Form","floor":16},{"not_picked":["Cleave+1","Searing Blow+1"],"picked":"Heavy Blade","floor":18},{"not_picked":["Burning Pact+1","Heavy Blade","Warcry"],"picked":"SKIP","floor":22},{"not_picked":["Iron Wave","Twin Strike"],"picked":"Shrug It Off","floor":24},{"not_picked":["Demon Form","Juggernaut","Feed"],"picked":"Double Tap","floor":33},{"not_picked":["Feel No Pain"],"picked":"Iron Wave+1","floor":35},{"not_picked":["Clash","Clothesline"],"picked":"SKIP","floor":36},{"not_picked":["Pommel Strike"],"picked":"Inflame+1","floor":37},{"not_picked":["Anger","Armaments"],"picked":"SKIP","floor":42},{"not_picked":["Anger","Armaments"],"picked":"SKIP","floor":42},{"not_picked":["Demon Form","Infernal Blade"],"picked":"SKIP","floor":44},{"not_picked":["Anger"],"picked":"Pummel","floor":46},{"not_picked":["Rupture+1"],"picked":"Flex+1","floor":47},{"not_picked":["Cleave+1"],"picked":"Spot Weakness+1","floor":48},{"not_picked":["Rage","Spot Weakness"],"picked":"SKIP","floor":52},{"not_picked":["Clothesline","Havoc"],"picked":"SKIP","floor":54},{"not_picked":["Perfected Strike","Thunderclap"],"picked":"SKIP","floor":56},{"not_picked":["Body Slam","Battle Trance"],"picked":"SKIP","floor":59},{"not_picked":["Sentinel","Body Slam"],"picked":"SKIP","floor":64},{"not_picked":["Berserk","Evolve"],"picked":"SKIP","floor":65},{"not_picked":["Brutality"],"picked":"Double Tap","floor":67},{"not_picked":["Anger","Battle Trance"],"picked":"SKIP","floor":69},{"not_picked":["Pummel","Armaments"],"picked":"SKIP","floor":71},{"not_picked":["Wild Strike+1","Dropkick"],"picked":"SKIP","floor":72},{"not_picked":["Feel No Pain","Hemokinesis"],"picked":"SKIP","floor":73},{"not_picked":["Pommel Strike","Sword Boomerang"],"picked":"SKIP","floor":74},{"not_picked":["True Grit","Headbutt"],"picked":"SKIP","floor":77},{"not_picked":["Havoc+1","True Grit+1"],"picked":"SKIP","floor":79},{"not_picked":["Combust"],"picked":"Headbutt+1","floor":80},{"not_picked":["Warcry","Body Slam+1"],"picked":"SKIP","floor":82}],"player_experience":60004,"potions_floor_usage":[16,16,16,50],"damage_taken":[{"damage":0,"enemies":"Small Slimes","floor":1,"turns":3},{"damage":1,"enemies":"Cultist","floor":2,"turns":4},{"damage":6,"enemies":"3 Sentries","floor":7,"turns":12},{"damage":0,"enemies":"2 Louse","floor":8,"turns":4},{"damage":22,"enemies":"Lagavulin","floor":11,"turns":5},{"damage":1,"enemies":"Looter","floor":14,"turns":2},{"damage":53,"enemies":"The Guardian","floor":16,"turns":15},{"damage":1,"enemies":"Shell Parasite","floor":18,"turns":6},{"damage":33,"enemies":"3 Byrds","floor":22,"turns":5},{"damage":35,"enemies":"Book of Stabbing","floor":24,"turns":6},{"damage":14,"enemies":"Collector","floor":33,"turns":6},{"damage":10,"enemies":"Orb Walker","floor":35,"turns":3},{"damage":10,"enemies":"3 Darklings","floor":36,"turns":3},{"damage":3,"enemies":"Sphere and 2 Shapes","floor":37,"turns":4},{"damage":8,"enemies":"Giant Head","floor":42,"turns":6},{"damage":16,"enemies":"Nemesis","floor":44,"turns":5},{"damage":3,"enemies":"4 Shapes","floor":46,"turns":4},{"damage":8,"enemies":"Transient","floor":47,"turns":5},{"damage":17,"enemies":"Giant Head","floor":48,"turns":6},{"damage":51,"enemies":"Donu and Deca","floor":50,"turns":6},{"damage":0,"enemies":"2 Louse","floor":52,"turns":1},{"damage":0,"enemies":"Small Slimes","floor":54,"turns":1},{"damage":0,"enemies":"Cultist","floor":56,"turns":1},{"damage":0,"enemies":"Exordium Thugs","floor":59,"turns":2},{"damage":0,"enemies":"Large Slime","floor":64,"turns":1},{"damage":18,"enemies":"Looter","floor":65,"turns":2},{"damage":0,"enemies":"Slime Boss","floor":67,"turns":3},{"damage":0,"enemies":"Shell Parasite","floor":69,"turns":1},{"damage":16,"enemies":"2 Thieves","floor":71,"turns":2},{"damage":14,"enemies":"Centurion and Healer","floor":72,"turns":2},{"damage":13,"enemies":"Chosen and Byrds","floor":73,"turns":4},{"damage":14,"enemies":"Book of Stabbing","floor":74,"turns":2},{"damage":8,"enemies":"Slavers","floor":77,"turns":4},{"damage":0,"enemies":"3 Cultists","floor":79,"turns":3},{"damage":7,"enemies":"Snecko","floor":80,"turns":3},{"damage":0,"enemies":"Snake Plant","floor":82,"turns":1},{"damage":119,"enemies":"Automaton","floor":84,"turns":6}],"relics_obtained":[{"floor":5,"key":"Centennial Puzzle"},{"floor":7,"key":"Oddly Smooth Stone"},{"floor":9,"key":"Potion Belt"},{"floor":11,"key":"Blood Vial"},{"floor":24,"key":"Question Card"},{"floor":26,"key":"Ancient Tea Set"},{"floor":30,"key":"Gremlin Horn"},{"floor":41,"key":"Self Forming Clay"},{"floor":42,"key":"Kunai"},{"floor":43,"key":"Bag of Preparation"},{"floor":44,"key":"Vajra"},{"floor":48,"key":"Pen Nib"},{"floor":60,"key":"Meat on the Bone"}],"event_choices":[{"event_name":"FaceTrader","player_choice":"Took Face Of Cleric","floor":3,"damage_taken":0},{"event_name":"World of Goop","player_choice":"Gather Gold","floor":4,"damage_taken":0},{"event_name":"Scrap Ooze","player_choice":"success","floor":12,"damage_taken":18},{"event_name":"Addict","player_choice":"Obtained Relic","floor":19,"damage_taken":0},{"event_name":"Beggar","player_choice":"Gave Gold","floor":20,"damage_taken":0},{"event_name":"Back to Basics","player_choice":"Elegance","floor":29,"damage_taken":0},{"event_name":"The Library","player_choice":"Read","floor":31,"damage_taken":0},{"event_name":"Match and Keep!","player_choice":"0 cards matched","floor":38,"damage_taken":0},{"event_name":"Golden Wing","player_choice":"Card Removal","floor":53,"damage_taken":0},{"event_name":"Golden Idol","player_choice":"Lose Max HP","floor":55,"damage_taken":0},{"event_name":"Scrap Ooze","player_choice":"success","floor":61,"damage_taken":7},{"event_name":"Shining Light","player_choice":"Entered Light","floor":63,"damage_taken":0},{"event_name":"Duplicator","player_choice":"One dupe","floor":76,"damage_taken":0}],"boss_relics":[{"not_picked":["Tiny House","Ectoplasm"],"picked":"Sozu"},{"not_picked":["Lizard Tail","Black Star"],"picked":"Busted Crown"},{"not_picked":["Empty Cage","Orrery"],"picked":"Cursed Key"},{"not_picked":["GraspOfShadows"],"picked":"Scatterbrain"}],"items_purged_floors":[39,58,70,78,81],"is_endless":true,"potions_floor_spawned":[1,7,11,16,24,42,46,47,48,52,54,67,69,73,77,79,82],"seed_played":"552718950238179590","killed_by":"Automaton","ascension_level":2,"potions_obtained":[{"floor":1,"key":"Dexterity Potion"},{"floor":7,"key":"FearPotion"},{"floor":11,"key":"SkillPotion"},{"floor":16,"key":"Poison Potion"}],"is_trial":false}