{"gold_per_floor":[119,119,138,151,169,198,209,209,232,260,260,260,260,289,289,289],"floor_reached":16,"playtime":596,"items_purged":[],"score":126,"play_id":"fc436d13-8578-464a-a44f-d10b91316b19","local_time":"20190430180135","is_ascension_mode":true,"campfire_choices":[{"floor":8,"key":"RECALL"},{"data":"Armaments","floor":11,"key":"SMITH"},{"data":"Intimidate","floor":13,"key":"SMITH"},{"data":"Shrug It Off","floor":15,"key":"SMITH"}],"neow_cost":"NONE","seed_source_timestamp":914528674145,"circlet_count":0,"master_deck":["Strike_R+1","Strike_R","Strike_R","Strike_R","Defend_R","Defend_R","Defend_R","Defend_R","Bash+1","Combust+1","Shrug It Off+1","Thunderclap+1","Anger","Intimidate+1","Sever Soul","Armaments+1","Power Through"],"relics":["Burning Blood","Dead Branch","Whetstone","Lantern"],"potions_floor_usage":[5,10],"damage_taken":[{"damage":6,"enemies":"Jaw Worm","floor":1,"turns":4},{"damage":3,"enemies":"Cultist","floor":3,"turns":4},{"damage":2,"enemies":"2 Louse","floor":4,"turns":4},{"damage":6,"enemies":"Exordium Thugs","floor":5,"turns":4},{"damage":25,"enemies":"Gremlin Nob","floor":6,"turns":4},{"damage":14,"enemies":"3 Louse","floor":7,"turns":3},{"damage":13,"enemies":"3 Sentries","floor":10,"turns":5},{"damage":26,"enemies":"Gremlin Nob","floor":14,"turns":4},{"damage":29,"enemies":"Hexaghost","floor":16,"turns":8}],"seed_played":"963950003547511541","potions_obtained":[{"floor":1,"key":"Explosive Potion"},{"floor":4,"key":"LiquidBronze"},{"floor":14,"key":"SpeedPotion"}],"is_trial":false,"path_per_floor":["M","?","M","M","M","E","M","R","T","E","R","?","R","E","R","B"],"character_chosen":"IRONCLAD","items_purchased":[],"campfire_rested":0,"item_purchase_floors":[],"current_hp_per_floor":[80,80,80,80,80,61,53,53,53,46,46,46,46,26,26,0],"gold":289,"neow_bonus":"UPGRADE_CARD","is_prod":false,"is_daily":false,"chose_seed":false,"campfire_upgraded":3,"win_rate":0,"timestamp":1556611295,"path_taken":["M","?","M","?","M","E","M","R","T","E","R","?","R","E","R","BOSS"],"build_version":"2019-01-23","purchased_purges":0,"victory":false,"max_hp_per_floor":[80,80,80,80,80,80,80,80,80,80,80,80,80,80,80,80],"card_choices":[{"not_picked":["Second Wind","Evolve"],"picked":"Combust","floor":1},{"not_picked":["Havoc","Clash"],"picked":"Shrug It Off","floor":3},{"not_picked":["Clash","Flex"],"picked":"Thunderclap","floor":4},{"not_picked":["Combust","Infernal Blade"],"picked":"Anger","floor":5},{"not_picked":["Cleave","Heavy Blade"],"picked":"Intimidate","floor":6},{"not_picked":["Armaments","Clothesline"],"picked":"Sever Soul","floor":7},{"not_picked":["True Grit","Anger"],"picked":"Armaments","floor":10},{"not_picked":["Entrench","Body Slam"],"picked":"Power Through","floor":14}],"player_experience":141890,"relics_obtained":[{"floor":6,"key":"Dead Branch"},{"floor":10,"key":"Whetstone"},{"floor":14,"key":"Lantern"}],"event_choices":[{"damage_healed":0,"gold_gain":0,"player_choice":"Upgraded","damage_taken":0,"max_hp_gain":0,"max_hp_loss":0,"event_name":"Upgrade Shrine","floor":2,"gold_loss":0,"cards_upgraded":["Combust"]},{"cards_removed":["Strike_R"],"damage_healed":0,"gold_gain":0,"player_choice":"Purged","damage_taken":0,"max_hp_gain":0,"max_hp_loss":0,"event_name":"Purifier","floor":12,"gold_loss":0}],"is_beta":false,"boss_relics":[],"items_purged_floors":[],"is_endless":false,"potions_floor_spawned":[1,4,14],"killed_by":"Hexaghost","ascension_level":1}