{"gold_per_floor":[111,129,139,139,139,139,151,151,177,205,205,224,256,35,35,133,133,115,125,141,141,141,141,157,157,157,1,1,1,13,29,29,128,128,142,159,159,159,7,7,62,62,62,78,91,13,26,40,40,40],"floor_reached":51,"playtime":2276,"items_purged":["Entrench","Strike_R"],"score":964,"play_id":"841c616b-5d1b-4ca7-b8d4-1d9d9bb28b1e","local_time":"20180822213344","is_ascension_mode":true,"campfire_choices":[{"data":"Clothesline","floor":6.0,"key":"SMITH"},{"data":"Uppercut","floor":11.0,"key":"SMITH"},{"data":"Shockwave","floor":15.0,"key":"SMITH"},{"floor":23.0,"key":"REST"},{"data":"Metallicize","floor":28.0,"key":"SMITH"},{"floor":32.0,"key":"REST"},{"data":"Flame Barrier","floor":40.0,"key":"SMITH"},{"data":"Bash","floor":42.0,"key":"SMITH"},{"floor":49,"key":"REST"}],"neow_cost":"NONE","seed_source_timestamp":0,"circlet_count":0,"master_deck":["Strike_R","Strike_R","Defend_R","Defend_R","Defend_R","Defend_R","Bash+1","AscendersBane","Clothesline+1","Anger","Iron Wave","Uppercut+1","Metallicize+1","Shockwave+1","Flame Barrier+1","Thunderclap+1","Battle Trance+1","Necronomicurse","Offering","Metallicize","Headbutt+1","Bludgeon"],"special_seed":0,"relics":["Black Blood","NeowsBlessing","Centennial Puzzle","Regal Pillow","Ancient Tea Set","Orichalcum","Philosopher\u0027s Stone","Necronomicon","Darkstone Periapt","Bag of Marbles","Torii","Paper Frog"],"potions_floor_usage":[50],"damage_taken":[{"damage":0.0,"enemies":"Jaw Worm","floor":1.0,"turns":1.0},{"damage":0.0,"enemies":"Small Slimes","floor":2.0,"turns":1.0},{"damage":0.0,"enemies":"Cultist","floor":3.0,"turns":1.0},{"damage":11.0,"enemies":"Red Slaver","floor":7.0,"turns":3.0},{"damage":35.0,"enemies":"3 Sentries","floor":10.0,"turns":8.0},{"damage":8.0,"enemies":"Large Slime","floor":12.0,"turns":6.0},{"damage":6.0,"enemies":"Gremlin Nob","floor":13.0,"turns":4.0},{"damage":16.0,"enemies":"The Guardian","floor":16.0,"turns":11.0},{"damage":28.0,"enemies":"2 Thieves","floor":18.0,"turns":4.0},{"damage":5.0,"enemies":"Chosen","floor":19.0,"turns":5.0},{"damage":18.0,"enemies":"Snecko","floor":20.0,"turns":6.0},{"damage":6.0,"enemies":"Centurion and Healer","floor":24.0,"turns":7.0},{"damage":3.0,"enemies":"Cultist and Chosen","floor":30.0,"turns":5.0},{"damage":11.0,"enemies":"Snake Plant","floor":31.0,"turns":3.0},{"damage":59.0,"enemies":"Automaton","floor":33.0,"turns":10.0},{"damage":7.0,"enemies":"Flame Bruiser 1 Orb","floor":35.0,"turns":3.0},{"damage":12.0,"enemies":"3 Darklings","floor":36.0,"turns":5.0},{"damage":12.0,"floor":41.0,"turns":3.0},{"damage":10.0,"enemies":"Transient","floor":44.0,"turns":5.0},{"damage":35.0,"enemies":"Sphere and 2 Shapes","floor":45.0,"turns":5.0},{"damage":16.0,"enemies":"3 Darklings","floor":47.0,"turns":2.0},{"damage":0.0,"enemies":"Flame Bruiser 2 Orb","floor":48.0,"turns":3.0},{"damage":38,"enemies":"Time Eater","floor":50,"turns":6}],"seed_played":"-4428379003054156119","potions_obtained":[{"floor":2.0,"key":"LiquidBronze"},{"floor":3.0,"key":"Block Potion"},{"floor":7.0,"key":"Regen Potion"},{"floor":12.0,"key":"Dexterity Potion"},{"floor":24.0,"key":"SteroidPotion"},{"floor":30.0,"key":"Strength Potion"},{"floor":31.0,"key":"EssenceOfSteel"},{"floor":33.0,"key":"Poison Potion"},{"floor":36.0,"key":"AttackPotion"},{"floor":45.0,"key":"Energy Potion"}],"is_trial":false,"path_per_floor":["M","M","M","?","?","R","M","?","T","E","R","M","E","$","R","B",null,"M","M","M","?","?","R","M","?","T","$","R","?","M","M","R","B",null,"M","M","?","?","$","R","?","R","T","M","M","$","M","M","R","B"],"character_chosen":"IRONCLAD","items_purchased":["Orichalcum","Bag of Marbles","Strength Potion","Bludgeon"],"campfire_rested":3,"item_purchase_floors":[14,27,39,46],"current_hp_per_floor":[78,80,80,80,80,80,75,80,80,63,63,61,61,61,61,51,77,55,56,44,36,36,76,76,60,60,60,60,60,63,58,85,32,72,75,73,73,73,73,73,71,71,71,71,46,46,40,50,85,57],"gold":40,"neow_bonus":"THREE_ENEMY_KILL","is_prod":false,"is_daily":false,"chose_seed":false,"campfire_upgraded":6,"win_rate":0,"timestamp":1534988024,"path_taken":["M","M","M","?","?","R","M","?","T","E","R","M","E","$","R","BOSS","M","M","?","?","?","R","M","?","T","$","R","?","M","M","R","BOSS","M","M","?","?","$","R","?","R","T","M","?","$","M","M","R","BOSS"],"build_version":"2018-08-16","purchased_purges":2,"victory":true,"max_hp_per_floor":[80,80,80,80,80,80,80,85,85,85,85,85,85,85,85,85,85,85,85,85,85,85,85,85,85,85,85,85,85,85,85,85,85,85,85,85,85,85,85,85,85,85,85,85,85,85,85,85,85,85],"card_choices":[{"not_picked":["Perfected Strike","Flex"],"picked":"Clothesline","floor":1.0},{"not_picked":["Havoc","Infernal Blade"],"picked":"Anger","floor":2.0},{"not_picked":["Intimidate","Havoc"],"picked":"Iron Wave","floor":3.0},{"not_picked":["Shrug It Off","Hemokinesis"],"picked":"Uppercut","floor":7.0},{"not_picked":["Evolve","Heavy Blade"],"picked":"Entrench","floor":10.0},{"not_picked":["Wild Strike","Body Slam"],"picked":"Metallicize","floor":12.0},{"not_picked":["Searing Blow","Clothesline"],"picked":"Shockwave","floor":13.0},{"not_picked":["Sword Boomerang","Shrug It Off"],"picked":"Flame Barrier","floor":18.0},{"not_picked":["Twin Strike","Havoc"],"picked":"Thunderclap+1","floor":19.0},{"not_picked":["Uppercut","Shrug It Off"],"picked":"Battle Trance+1","floor":20.0},{"not_picked":["Thunderclap","Twin Strike","Clash"],"picked":"SKIP","floor":24.0},{"not_picked":["Twin Strike","Pommel Strike","Iron Wave"],"picked":"SKIP","floor":30.0},{"not_picked":["Juggernaut","Combust","Pommel Strike"],"picked":"SKIP","floor":31.0},{"not_picked":["Demon Form","Impervious"],"picked":"Offering","floor":33.0},{"not_picked":["Searing Blow","Clash+1"],"picked":"Metallicize","floor":35.0},{"not_picked":["Perfected Strike","Carnage+1","Corruption"],"picked":"SKIP","floor":36.0},{"not_picked":["Second Wind+1","Pummel"],"picked":"Headbutt+1","floor":44.0},{"not_picked":["Clash","Burning Pact+1","Body Slam"],"picked":"SKIP","floor":45.0},{"not_picked":["Searing Blow+1","Inflame+1","Thunderclap+1"],"picked":"SKIP","floor":47.0},{"not_picked":["Twin Strike","True Grit","Armaments"],"picked":"SKIP","floor":48.0}],"player_experience":111080,"relics_obtained":[{"floor":9.0,"key":"Centennial Puzzle"},{"floor":10.0,"key":"Regal Pillow"},{"floor":13.0,"key":"Ancient Tea Set"},{"floor":25.0,"key":"Necronomicon"},{"floor":26.0,"key":"Darkstone Periapt"},{"floor":41.0,"key":"Torii"},{"floor":43.0,"key":"Paper Frog"}],"event_choices":[{"event_name":"Living Wall","player_choice":"Forget","floor":4.0,"damage_taken":0.0},{"event_name":"The Woman in Blue","player_choice":"Bought 0 Potions","floor":5.0,"damage_taken":0.0},{"event_name":"Big Fish","player_choice":"Donut","floor":8.0,"damage_taken":0.0},{"event_name":"Knowing Skull","player_choice":"","floor":21.0,"damage_taken":0.0},{"event_name":"Purifier","player_choice":"One Purge","floor":22.0,"damage_taken":0.0},{"event_name":"Cursed Tome","player_choice":"Obtained Book","floor":25.0,"damage_taken":0.0},{"event_name":"Beggar","player_choice":"Ignored","floor":29.0,"damage_taken":0.0},{"event_name":"Tomb of Lord Red Mask","player_choice":"Ignored","floor":37.0,"damage_taken":0.0},{"event_name":"SecretPortal","player_choice":"Rejected Portal.","floor":38.0,"damage_taken":0.0},{"event_name":"Mysterious Sphere","player_choice":"Fight","floor":41.0,"damage_taken":0.0}],"is_beta":false,"boss_relics":[{"not_picked":["Lizard Tail","Runic Pyramid"],"picked":"Philosopher\u0027s Stone"},{"not_picked":["Calling Bell","Pandora\u0027s Box"],"picked":"Black Blood"}],"items_purged_floors":[14,39],"is_endless":false,"potions_floor_spawned":[2,3,7,12,24,30,31,33,36,45],"ascension_level":10}