{"path_per_floor":["M","?","?","?","$","E","R","?","T","M","E","M","R","M","R","B",null,"M","M","M","M","?","R","E","M","T","E","?","R","$","M","R","B",null,"M","?","M","M","M","R","M","R","T","M","?","M","R","M","R","B"],"character_chosen":"IRONCLAD","items_purchased":["Bag of Marbles"],"gold_per_floor":[117,117,117,67,67,100,100,100,100,113,144,157,157,170,170,273,273,273,273,273,273,273,273,273,273,273,273,273,273,129,129,129,129,129,129,129,129,129,129,129,129,129,129,129,129,129,129,129,129,129],"floor_reached":51,"campfire_rested":2,"playtime":2295,"item_purchase_floors":[30],"current_hp_per_floor":[76,60,57,57,57,22,22,22,22,27,28,34,34,34,73,39,80,83,81,84,46,46,46,15,16,16,22,51,51,51,32,74,17,92,92,80,89,90,82,82,77,77,77,87,87,98,98,91,91,51],"items_purged":[],"gold":129,"score":751,"play_id":"6c0fecea-4898-46b3-ba18-3b7611d6dd25","local_time":"20180529144445","is_prod":false,"is_daily":false,"chose_seed":false,"is_ascension_mode":false,"campfire_upgraded":5,"win_rate":0,"timestamp":1527569085,"campfire_choices":[{"data":"Demon Form","floor":7,"key":"SMITH"},{"data":"1","floor":13,"key":"LIFT"},{"floor":15,"key":"REST"},{"data":"2","floor":23,"key":"LIFT"},{"data":"3","floor":29,"key":"LIFT"},{"floor":32,"key":"REST"},{"data":"Inflame","floor":40,"key":"SMITH"},{"data":"Barricade","floor":42,"key":"SMITH"},{"data":"Offering","floor":47,"key":"SMITH"},{"data":"Bash","floor":49,"key":"SMITH"}],"path_taken":["M","?","?","?","$","E","R","?","T","M","E","M","R","M","R","BOSS","M","M","M","?","?","R","E","?","T","E","?","R","$","M","R","BOSS","M","?","M","M","M","R","M","R","T","M","?","M","R","?","R","BOSS"],"build_version":"2018-05-27","seed_source_timestamp":18468108616512,"purchased_purges":0,"victory":true,"master_deck":["Strike_R+1","Strike_R","Strike_R+1","Strike_R+1","Defend_R","Defend_R","Defend_R","Defend_R","Bash+1","Thunderclap","Iron Wave+1","Demon Form+1","Barricade+1","Pommel Strike","Feed","Cleave+1","Inflame+1","Shrug It Off","Offering+1","Pommel Strike+1","Headbutt","Reaper"],"max_hp_per_floor":[80,80,80,80,80,80,80,80,80,80,80,80,80,80,80,80,80,83,83,86,86,86,86,86,89,89,89,89,89,89,92,92,92,92,92,92,95,95,95,95,95,95,95,98,98,98,98,101,101,101],"relics":["Burning Blood","Centennial Puzzle","Regal Pillow","Orichalcum","Girya","Ectoplasm","Pantograph","Whetstone","Bag of Marbles","Velvet Choker","Torii","Blood Vial"],"card_choices":[{"not_picked":["True Grit","Body Slam"],"picked":"Thunderclap","floor":0},{"not_picked":["Armaments","Reckless Charge"],"picked":"Iron Wave","floor":1},{"not_picked":["Body Slam","Impervious"],"picked":"Demon Form","floor":6},{"not_picked":["Body Slam","Perfected Strike","Anger"],"picked":"SKIP","floor":10},{"not_picked":["Clash","Corruption"],"picked":"Barricade","floor":11},{"not_picked":["Intimidate","Warcry"],"picked":"Pommel Strike","floor":12},{"not_picked":["Blood for Blood","Rupture","Armaments"],"picked":"SKIP","floor":14},{"not_picked":["Fiend Fire","Brutality"],"picked":"Feed","floor":16},{"not_picked":["Twin Strike+1","Dual Wield"],"picked":"Cleave+1","floor":18},{"not_picked":["Sword Boomerang","Pommel Strike"],"picked":"Inflame","floor":19},{"not_picked":["Headbutt","Clothesline+1"],"picked":"Shrug It Off","floor":20},{"not_picked":["Twin Strike","Metallicize+1","Sword Boomerang"],"picked":"SKIP","floor":21},{"not_picked":["Shockwave","Flex","Pommel Strike"],"picked":"SKIP","floor":24},{"not_picked":["Armaments","Twin Strike","Dual Wield"],"picked":"SKIP","floor":25},{"not_picked":["Clash","Uppercut"],"picked":"Offering","floor":31},{"not_picked":["Cleave","Hemokinesis","Combust+1"],"picked":"SKIP","floor":35},{"not_picked":["Warcry+1","Twin Strike+1","Cleave"],"picked":"SKIP","floor":37},{"not_picked":["Sever Soul+1","Shrug It Off"],"picked":"Pommel Strike+1","floor":38},{"not_picked":["Anger+1","Pommel Strike"],"picked":"Headbutt","floor":39},{"not_picked":["Clash+1","Body Slam"],"picked":"Shrug It Off","floor":41},{"not_picked":["Spot Weakness","Cleave+1"],"picked":"Reaper","floor":44},{"not_picked":["Clothesline+1","Body Slam","Cleave+1"],"picked":"SKIP","floor":46},{"not_picked":["Clothesline+1","Body Slam","Cleave+1"],"picked":"SKIP","floor":46},{"not_picked":["Iron Wave+1","Combust+1","Disarm"],"picked":"SKIP","floor":48}],"player_experience":17483,"potions_floor_usage":[11,11,11,20,27,36,50,50],"damage_taken":[{"damage":10,"enemies":"Jaw Worm","floor":1,"turns":4},{"damage":41,"enemies":"Lagavulin","floor":6,"turns":6},{"damage":1,"enemies":"Small Slimes","floor":10,"turns":3},{"damage":5,"enemies":"3 Sentries","floor":11,"turns":6},{"damage":0,"enemies":"2 Louse","floor":12,"turns":3},{"damage":6,"enemies":"Blue Slaver","floor":14,"turns":5},{"damage":40,"enemies":"The Guardian","floor":16,"turns":9},{"damage":4,"enemies":"Shell Parasite","floor":18,"turns":4},{"damage":8,"enemies":"Chosen","floor":19,"turns":4},{"damage":6,"enemies":"3 Cultists","floor":20,"turns":4},{"damage":44,"enemies":"Sentry and Sphere","floor":21,"turns":6},{"damage":37,"enemies":"Gremlin Leader","floor":24,"turns":5},{"damage":8,"enemies":"Centurion and Healer","floor":25,"turns":3},{"damage":0,"enemies":"Slavers","floor":27,"turns":1},{"damage":28,"enemies":"Slaver and Parasite","floor":31,"turns":5},{"damage":81,"enemies":"Champ","floor":33,"turns":7},{"damage":4,"enemies":"3 Darklings","floor":35,"turns":3},{"damage":18,"enemies":"Mysterious Sphere","floor":36,"turns":3},{"damage":0,"enemies":"Orb Walker","floor":37,"turns":2},{"damage":5,"enemies":"Flame Bruiser 2 Orb","floor":38,"turns":4},{"damage":14,"enemies":"Spire Growth","floor":39,"turns":3},{"damage":11,"enemies":"3 Darklings","floor":41,"turns":4},{"damage":1,"enemies":"Maw","floor":44,"turns":5},{"damage":5,"enemies":"Transient","floor":46,"turns":5},{"damage":16,"enemies":"Flame Bruiser 2 Orb","floor":48,"turns":3},{"damage":69,"enemies":"Time Eater","floor":50,"turns":8}],"relics_obtained":[{"floor":6,"key":"Regal Pillow"},{"floor":9,"key":"Orichalcum"},{"floor":11,"key":"Girya"},{"floor":24,"key":"Pantograph"},{"floor":26,"key":"Whetstone"},{"floor":36,"key":"Torii"},{"floor":43,"key":"Blood Vial"}],"event_choices":[{"event_name":"Shining Light","player_choice":"Entered Light","floor":2,"damage_taken":0},{"event_name":"Scrap Ooze","player_choice":"success","floor":3,"damage_taken":3},{"event_name":"The Cleric","player_choice":"Card Removal","floor":4,"damage_taken":0},{"event_name":"The Lab","player_choice":"Got Potions","floor":8,"damage_taken":0},{"event_name":"Ghosts","player_choice":"Ignored","floor":22,"damage_taken":0},{"event_name":"The Library","player_choice":"Heal","floor":28,"damage_taken":0},{"event_name":"Mysterious Sphere","player_choice":"Fight","floor":36,"damage_taken":0}],"boss_relics":[{"not_picked":["White Beast Statue","Eternal Feather"],"picked":"Ectoplasm"},{"not_picked":["Lizard Tail","Runic Pyramid"],"picked":"Velvet Choker"}],"items_purged_floors":[],"potions_floor_spawned":[6,12,16,19,20,24,31,33,36,41,46,48],"seed_played":"-9044646702108993575","ascension_level":0,"potions_obtained":[{"floor":6,"key":"Explosive Potion"},{"floor":8,"key":"Weak Potion"},{"floor":8,"key":"Poison Potion"},{"floor":12,"key":"SmokeBomb"},{"floor":16,"key":"Dexterity Potion"},{"floor":19,"key":"Ancient Potion"},{"floor":20,"key":"Energy Potion"},{"floor":24,"key":"SteroidPotion"},{"floor":31,"key":"Regen Potion"},{"floor":36,"key":"SmokeBomb"},{"floor":41,"key":"SpeedPotion"},{"floor":46,"key":"Dexterity Potion"}],"is_trial":false}