{"gold_per_floor":[117,117,136,146,146,174,174,184,207,227,239,255,255,255,255,354,404,424,83,99,99,99,99,127,77,77,94,104,104,54,70,70,170,170,189,43,56,56],"floor_reached":38,"playtime":5621,"items_purged":["Strike_B","Strike_B","Strike_B"],"score":637,"play_id":"b9ef9d41-03e1-458e-b2fe-b49ee694c4af","local_time":"20190607140052","is_ascension_mode":true,"campfire_choices":[{"floor":13,"key":"REST"},{"floor":15,"key":"REST"},{"data":"Apotheosis","floor":23,"key":"SMITH"},{"floor":29,"key":"REST"},{"floor":32,"key":"REST"}],"neow_cost":"NONE","seed_source_timestamp":748973499242476,"circlet_count":0,"master_deck":["AscendersBane","Zap+1","Dualcast","Conserve Battery","Cold Snap","Capacitor","Loop+1","Genetic Algorithm","Chill","Core Surge","Rainbow","Coolheaded","Apotheosis+1","Defragment","BootSequence","Rainbow","Tempest+1","Biased Cognition","Hologram+1","All For One","Fusion","Conserve Battery","Sweeping Beam","Compile Driver","Go for the Eyes"],"relics":["Cracked Core","Orichalcum","Centennial Puzzle","Bag of Marbles","Tiny House","Smiling Mask","Ornamental Fan","Pandora\u0027s Box","Art of War"],"potions_floor_usage":[8,11,12,16,20,24,33],"damage_taken":[{"damage":4,"enemies":"Jaw Worm","floor":1,"turns":3},{"damage":0,"enemies":"Cultist","floor":3,"turns":5},{"damage":0,"enemies":"2 Louse","floor":4,"turns":2},{"damage":40,"enemies":"Lagavulin","floor":6,"turns":8},{"damage":16,"enemies":"Lots of Slimes","floor":8,"turns":6},{"damage":3,"enemies":"2 Fungi Beasts","floor":10,"turns":3},{"damage":1,"enemies":"Large Slime","floor":11,"turns":7},{"damage":0,"enemies":"Lots of Slimes","floor":12,"turns":6},{"damage":61,"enemies":"Slime Boss","floor":16,"turns":15},{"damage":1,"enemies":"3 Byrds","floor":18,"turns":5},{"damage":2,"enemies":"Spheric Guardian","floor":20,"turns":4},{"damage":57,"enemies":"Gremlin Leader","floor":24,"turns":9},{"damage":1,"enemies":"Centurion and Healer","floor":27,"turns":6},{"damage":1,"enemies":"Chosen and Byrds","floor":28,"turns":4},{"damage":0,"enemies":"3 Cultists","floor":31,"turns":5},{"damage":33,"enemies":"Collector","floor":33,"turns":10},{"damage":4,"enemies":"Orb Walker","floor":35,"turns":4},{"damage":34,"enemies":"3 Darklings","floor":37,"turns":6},{"damage":30,"enemies":"4 Shapes","floor":38,"turns":5}],"seed_played":"5406748204802393553","potions_obtained":[{"floor":3,"key":"Dexterity Potion"},{"floor":6,"key":"Weak Potion"},{"floor":11,"key":"FocusPotion"},{"floor":12,"key":"SpeedPotion"},{"floor":14,"key":"FairyPotion"},{"floor":14,"key":"Explosive Potion"},{"floor":16,"key":"Energy Potion"},{"floor":17,"key":"LiquidBronze"},{"floor":18,"key":"Energy Potion"},{"floor":28,"key":"Strength Potion"},{"floor":31,"key":"EssenceOfSteel"}],"is_trial":false,"path_per_floor":["?","M","?","M","?","$","?","M"],"character_chosen":"DEFECT","items_purchased":["Apotheosis","Defragment","Art of War"],"campfire_rested":4,"item_purchase_floors":[19,19,36],"current_hp_per_floor":[64,64,64,64,64,24,24,8,8,5,4,4,26,26,48,7,63,62,62,60,60,60,60,3,3,3,2,1,25,25,25,49,16,64,60,60,26,0],"gold":56,"neow_bonus":"RANDOM_COMMON_RELIC","is_prod":false,"is_daily":false,"chose_seed":false,"campfire_upgraded":1,"win_rate":0,"timestamp":1559944852,"path_taken":["M","?","?","M","?","E","$","?","T","M","M","M","R","?","R","BOSS","M","?","M","$","?","R","E","$","T","M","?","R","$","M","R","BOSS","M","$","M","M"],"build_version":"2019-01-23","purchased_purges":3,"victory":false,"max_hp_per_floor":[75,75,75,75,75,75,75,75,75,75,75,75,75,75,75,75,80,80,80,80,80,80,80,80,80,80,80,80,80,80,80,80,80,80,80,80,80,80],"card_choices":[{"not_picked":["Steam","Ball Lightning"],"picked":"Conserve Battery","floor":1},{"not_picked":["Storm","Rip and Tear"],"picked":"Cold Snap","floor":3},{"not_picked":["Go for the Eyes","Stack"],"picked":"Capacitor","floor":4},{"not_picked":["Beam Cell","Rip and Tear"],"picked":"Genetic Algorithm","floor":6},{"not_picked":["Auto Shields","Turbo","Static Discharge"],"picked":"SKIP","floor":8},{"not_picked":["White Noise","Sweeping Beam"],"picked":"Chill","floor":10},{"not_picked":["Conserve Battery","Ball Lightning"],"picked":"Core Surge","floor":11},{"not_picked":["Sweeping Beam","Barrage","Reprogram"],"picked":"SKIP","floor":12},{"not_picked":["Machine Learning","Amplify"],"picked":"Rainbow","floor":16},{"not_picked":["Hologram","Steam"],"picked":"Coolheaded","floor":18},{"not_picked":["Beam Cell","Barrage+1"],"picked":"BootSequence","floor":20},{"not_picked":["Gash+1","Barrage"],"picked":"Tempest+1","floor":24},{"not_picked":["BootSequence","Leap"],"picked":"Biased Cognition","floor":27},{"not_picked":["Cold Snap","Go for the Eyes"],"picked":"Hologram+1","floor":28},{"not_picked":["Blizzard","Chill","Redo"],"picked":"SKIP","floor":31},{"not_picked":["Meteor Strike","Multi-Cast"],"picked":"All For One","floor":33},{"not_picked":["Genetic Algorithm","Coolheaded","Ball Lightning"],"picked":"SKIP","floor":35},{"not_picked":["Cold Snap","Rebound","Beam Cell+1"],"picked":"SKIP","floor":37}],"player_experience":307163,"relics_obtained":[{"floor":6,"key":"Centennial Puzzle"},{"floor":9,"key":"Bag of Marbles"},{"floor":24,"key":"Smiling Mask"},{"floor":26,"key":"Ornamental Fan"}],"event_choices":[{"damage_healed":0,"gold_gain":0,"player_choice":"Upgraded","damage_taken":0,"max_hp_gain":0,"max_hp_loss":0,"event_name":"Upgrade Shrine","floor":2,"gold_loss":0,"cards_upgraded":["Zap"]},{"damage_healed":0,"gold_gain":0,"player_choice":"1 cards matched","damage_taken":0,"max_hp_gain":0,"max_hp_loss":0,"event_name":"Match and Keep!","floor":5,"gold_loss":0,"cards_obtained":["Loop"]},{"damage_healed":0,"gold_gain":0,"player_choice":"Got Potions","damage_taken":0,"max_hp_gain":0,"max_hp_loss":0,"event_name":"Lab","floor":14,"gold_loss":0},{"damage_healed":0,"gold_gain":0,"player_choice":"Copied","damage_taken":0,"max_hp_gain":0,"max_hp_loss":0,"event_name":"Duplicator","floor":22,"gold_loss":0,"cards_obtained":["Rainbow"]}],"is_beta":false,"boss_relics":[{"not_picked":["Cursed Key","Calling Bell"],"picked":"Tiny House"},{"not_picked":["Snecko Eye","FrozenCore"],"picked":"Pandora\u0027s Box"}],"items_purged_floors":[19,25,30],"is_endless":false,"potions_floor_spawned":[3,6,11,12,16,18,28,31],"killed_by":"4 Shapes","ascension_level":12}