{"gold_per_floor":[111,129,142,154,171,171,235,235,303,303,321,321,341,372,372,372],"floor_reached":16,"playtime":746,"items_purged":[],"score":208,"play_id":"d2a25a15-444d-4a4b-80fe-4810cf50e0be","local_time":"20190404111738","is_ascension_mode":true,"campfire_choices":[{"data":"Phantasmal Killer","floor":6,"key":"SMITH"},{"floor":10,"key":"REST"},{"data":"Backstab","floor":12,"key":"SMITH"},{"floor":15,"key":"REST"}],"neow_cost":"NONE","seed_source_timestamp":569235268764903,"circlet_count":0,"master_deck":["AscendersBane","Defend_G","Defend_G","Defend_G","Defend_G","Defend_G","Strike_G","Strike_G","Strike_G","Strike_G","Strike_G","Survivor","Neutralize","Phantasmal Killer+1","Poisoned Stab","Backstab+1","Escape Plan","Crippling Poison","Poisoned Stab+1","Leg Sweep","Deadly Poison","Caltrops","Dagger Spray"],"relics":["Ring of the Snake","Prayer Wheel","Ornamental Fan","Juzu Bracelet"],"potions_floor_usage":[7,13,13],"damage_taken":[{"damage":4,"enemies":"Cultist","floor":1,"turns":4},{"damage":1,"enemies":"2 Louse","floor":2,"turns":3},{"damage":4,"enemies":"Jaw Worm","floor":3,"turns":4},{"damage":15,"enemies":"Exordium Wildlife","floor":4,"turns":5},{"damage":3,"enemies":"Gremlin Gang","floor":5,"turns":5},{"damage":23,"enemies":"3 Sentries","floor":7,"turns":13},{"damage":0,"enemies":"Blue Slaver","floor":11,"turns":2},{"damage":2,"enemies":"Large Slime","floor":13,"turns":4},{"damage":20,"enemies":"3 Sentries","floor":14,"turns":8},{"damage":33,"enemies":"Slime Boss","floor":16,"turns":6}],"seed_played":"3786031858053946092","potions_obtained":[{"floor":4,"key":"EssenceOfSteel"},{"floor":5,"key":"SkillPotion"},{"floor":7,"key":"PowerPotion"}],"is_trial":false,"path_per_floor":["M","M","M","M","M","R","?","?","T","R","M","R","M","E","R","B"],"character_chosen":"THE_SILENT","items_purchased":[],"campfire_rested":2,"item_purchase_floors":[],"current_hp_per_floor":[55,54,50,35,32,32,9,9,9,28,28,28,26,6,25,0],"gold":372,"neow_bonus":"ONE_RANDOM_RARE_CARD","is_prod":false,"is_daily":false,"chose_seed":false,"campfire_upgraded":2,"win_rate":0,"timestamp":1554398258,"path_taken":["M","M","M","M","?","R","?","?","T","R","?","R","M","E","R","BOSS"],"build_version":"2019-01-23","purchased_purges":0,"victory":false,"max_hp_per_floor":[66,66,66,66,66,66,66,66,66,66,66,66,66,66,66,66],"card_choices":[{"not_picked":["PiercingWail","Prepared"],"picked":"Poisoned Stab","floor":1},{"not_picked":["Expertise","Flying Knee"],"picked":"Backstab","floor":2},{"not_picked":["Outmaneuver","Catalyst"],"picked":"Escape Plan","floor":3},{"not_picked":["Dodge and Roll","Backstab"],"picked":"Crippling Poison","floor":4},{"not_picked":["Prepared","Flechettes"],"picked":"Poisoned Stab","floor":5},{"not_picked":["Sucker Punch","Bane"],"picked":"Leg Sweep","floor":7},{"not_picked":["Leg Sweep","Poisoned Stab"],"picked":"Deadly Poison","floor":11},{"not_picked":["PiercingWail","Terror"],"picked":"Caltrops","floor":11},{"not_picked":["Underhanded Strike","Dagger Throw"],"picked":"Dagger Spray","floor":13},{"not_picked":["Prepared","Outmaneuver","Doppelganger"],"picked":"SKIP","floor":13},{"not_picked":["Underhanded Strike","Dodge and Roll","Acrobatics"],"picked":"SKIP","floor":14}],"player_experience":445138,"relics_obtained":[{"floor":7,"key":"Prayer Wheel"},{"floor":9,"key":"Ornamental Fan"},{"floor":14,"key":"Juzu Bracelet"}],"event_choices":[{"damage_healed":0,"gold_gain":0,"player_choice":"Searched \u00271\u0027 times","damage_taken":0,"max_hp_gain":0,"max_hp_loss":0,"event_name":"Dead Adventurer","floor":7,"gold_loss":0},{"damage_healed":0,"gold_gain":0,"player_choice":"Grow","damage_taken":0,"max_hp_gain":0,"max_hp_loss":0,"event_name":"Living Wall","floor":8,"gold_loss":0,"cards_upgraded":["Poisoned Stab"]}],"is_beta":false,"boss_relics":[],"items_purged_floors":[],"is_endless":false,"potions_floor_spawned":[4,5,7,11],"killed_by":"Slime Boss","ascension_level":20}