{"gold_per_floor":[111,186,196,212,40,40,73,73,73,73,73],"floor_reached":11,"playtime":222,"items_purged":[],"score":138,"play_id":"6f88f6a9-a5d2-4891-905b-3067dab392d5","local_time":"20190527112947","is_ascension_mode":true,"campfire_choices":[{"data":"Bash","floor":6,"key":"SMITH"}],"neow_cost":"NONE","seed_source_timestamp":159327281357528,"circlet_count":0,"master_deck":["AscendersBane","Strike_R","Strike_R","Strike_R","Strike_R","Defend_R","Defend_R","Defend_R","Defend_R","Bash+1","Shrug It Off","Anger"],"relics":["Burning Blood","PreservedInsect","Blue Candle","Bag of Marbles","Pen Nib"],"potions_floor_usage":[],"damage_taken":[{"damage":6,"enemies":"2 Louse","floor":1,"turns":4},{"damage":6,"enemies":"Jaw Worm","floor":3,"turns":5},{"damage":4,"enemies":"Small Slimes","floor":4,"turns":4},{"damage":32,"enemies":"Gremlin Nob","floor":7,"turns":4},{"damage":16,"enemies":"2 Fungi Beasts","floor":11,"turns":3}],"seed_played":"7974581110048136121","potions_obtained":[{"floor":3,"key":"Swift Potion"},{"floor":7,"key":"Ancient Potion"}],"is_trial":false,"path_per_floor":["M","?","M","M","$","R","E","$","T","?","M"],"character_chosen":"IRONCLAD","items_purchased":["PreservedInsect"],"campfire_rested":0,"item_purchase_floors":[5],"current_hp_per_floor":[68,57,57,59,59,59,33,33,33,7,0],"gold":73,"neow_bonus":"REMOVE_CARD","is_prod":false,"is_daily":false,"chose_seed":false,"campfire_upgraded":1,"win_rate":0,"timestamp":1558978187,"path_taken":["M","?","M","M","$","R","E","$","T","?","M"],"build_version":"2019-01-23","purchased_purges":0,"victory":false,"max_hp_per_floor":[75,75,75,75,75,75,75,75,75,75,75],"card_choices":[{"not_picked":["Anger","Rampage","Flex"],"picked":"SKIP","floor":1},{"not_picked":["Headbutt","Bloodletting"],"picked":"Shrug It Off","floor":3},{"not_picked":["Clothesline","Thunderclap"],"picked":"Anger","floor":4},{"not_picked":["Evolve","Iron Wave","True Grit"],"picked":"SKIP","floor":7}],"player_experience":638124,"relics_obtained":[{"floor":7,"key":"Blue Candle"},{"floor":9,"key":"Bag of Marbles"}],"event_choices":[{"damage_healed":0,"gold_gain":75,"player_choice":"Gather Gold","damage_taken":11,"max_hp_gain":0,"max_hp_loss":0,"event_name":"World of Goop","floor":2,"gold_loss":0},{"damage_healed":0,"gold_gain":0,"player_choice":"Success","damage_taken":26,"relics_obtained":["Pen Nib"],"max_hp_gain":0,"max_hp_loss":0,"event_name":"Scrap Ooze","floor":10,"gold_loss":0}],"is_beta":false,"boss_relics":[],"items_purged_floors":[],"is_endless":false,"potions_floor_spawned":[3,7],"killed_by":"2 Fungi Beasts","ascension_level":19}