{"gold_per_floor":[112,128,141,158,12,12,39,39,63,91,91,16,27,42,42,140,140,158,169,169,185,275,275,302,302,302,302,317,23,23,50,50,153,153,163,163,163],"floor_reached":38,"playtime":2106,"items_purged":["Strike_R","Regret"],"score":881,"play_id":"ae508daa-be1b-4788-bc59-768f63df3e29","local_time":"20180815191414","is_ascension_mode":true,"campfire_choices":[{"data":"Clothesline","floor":6.0,"key":"SMITH"},{"data":"Heavy Blade","floor":11.0,"key":"SMITH"},{"data":"Rampage","floor":15.0,"key":"SMITH"},{"floor":23.0,"key":"REST"},{"data":"Limit Break","floor":25.0,"key":"SMITH"},{"data":"True Grit","floor":27.0,"key":"SMITH"},{"floor":30.0,"key":"REST"},{"data":"Heavy Blade","floor":32.0,"key":"SMITH"}],"neow_cost":"NONE","seed_source_timestamp":0,"circlet_count":0,"master_deck":["Strike_R","Strike_R","Strike_R+1","Strike_R","Defend_R","Defend_R+1","Defend_R","Defend_R","Bash+1","True Grit+1","Clothesline+1","Spot Weakness","Cleave","Shockwave+1","Metallicize","Heavy Blade+1","Metallicize","Rampage+1","Limit Break+1","Necronomicurse","Spot Weakness+1","Power Through","Heavy Blade+1","Limit Break","Shrug It Off+1"],"special_seed":0,"relics":["Burning Blood","Whetstone","War Paint","Bronze Scales","Cursed Key","Necronomicon","Letter Opener","Gambling Chip","Pen Nib","Mango","Busted Crown"],"potions_floor_usage":[37],"damage_taken":[{"damage":18.0,"enemies":"Jaw Worm","floor":1.0,"turns":4.0},{"damage":1.0,"enemies":"Cultist","floor":2.0,"turns":4.0},{"damage":7.0,"enemies":"Small Slimes","floor":3.0,"turns":4.0},{"damage":6.0,"enemies":"Exordium Wildlife","floor":4.0,"turns":5.0},{"damage":27.0,"enemies":"Lagavulin","floor":7.0,"turns":7.0},{"damage":25.0,"enemies":"3 Sentries","floor":10.0,"turns":6.0},{"damage":5.0,"enemies":"2 Fungi Beasts","floor":13.0,"turns":4.0},{"damage":13.0,"enemies":"Lots of Slimes","floor":14.0,"turns":2.0},{"damage":18.0,"enemies":"The Guardian","floor":16.0,"turns":9.0},{"damage":3.0,"enemies":"Shell Parasite","floor":18.0,"turns":5.0},{"damage":3.0,"enemies":"Chosen","floor":19.0,"turns":3.0},{"damage":16.0,"enemies":"3 Cultists","floor":21.0,"turns":4.0},{"damage":21.0,"enemies":"Book of Stabbing","floor":24.0,"turns":5.0},{"damage":7.0,"enemies":"Cultist and Chosen","floor":28.0,"turns":6.0},{"damage":9.0,"enemies":"Slavers","floor":31.0,"turns":5.0},{"damage":55,"enemies":"Automaton","floor":33,"turns":7},{"damage":2,"enemies":"Orb Walker","floor":35,"turns":2},{"damage":41,"enemies":"Time Eater","floor":37,"turns":7}],"seed_played":"-5668122615279879364","potions_obtained":[{"floor":3.0,"key":"Regen Potion"},{"floor":4.0,"key":"Poison Potion"},{"floor":14.0,"key":"EssenceOfSteel"},{"floor":16.0,"key":"Ancient Potion"},{"floor":19.0,"key":"EntropicBrew"},{"floor":21.0,"key":"LiquidBronze"},{"floor":33,"key":"Block Potion"},{"floor":35,"key":"EssenceOfSteel"}],"is_trial":false,"path_per_floor":["M","M","M","M","$","R","E","?","T","E","R","$","M","M","R","B",null,"M","M","?","M","?","R","E","R","T","R","M","$","R","E","R","B",null,"M","?","B"],"character_chosen":"IRONCLAD","items_purchased":["Shockwave","Metallicize","Pen Nib","Block Potion"],"campfire_rested":2,"item_purchase_floors":[5,12,29,29],"current_hp_per_floor":[68,73,72,72,72,72,66,66,66,47,47,47,48,41,41,29,73,76,79,63,53,37,63,48,48,48,48,47,47,73,84,84,35,85,89,89,54],"gold":163,"neow_bonus":"TEN_PERCENT_HP_BONUS","is_prod":false,"is_daily":false,"chose_seed":false,"campfire_upgraded":6,"win_rate":0,"timestamp":1534374854,"path_taken":["M","M","M","M","$","R","E","?","T","E","R","$","M","M","R","BOSS","M","M","?","?","?","R","E","R","T","R","M","$","R","E","R","BOSS","M","?","BOSS"],"build_version":"2018-08-09","purchased_purges":2,"victory":true,"max_hp_per_floor":[88,88,88,88,88,88,88,88,88,88,88,88,88,88,88,88,88,88,88,88,88,88,88,88,88,88,88,88,88,88,102,102,102,102,102,102,102],"card_choices":[{"not_picked":["Heavy Blade","Flex"],"picked":"True Grit","floor":1.0},{"not_picked":["Sword Boomerang","Body Slam"],"picked":"Clothesline","floor":2.0},{"not_picked":["Feed","Combust"],"picked":"Spot Weakness","floor":3.0},{"not_picked":["Twin Strike","Headbutt"],"picked":"Cleave","floor":4.0},{"not_picked":["Flex","Hemokinesis"],"picked":"Metallicize","floor":7.0},{"not_picked":["Clash","Wild Strike"],"picked":"Heavy Blade","floor":10.0},{"not_picked":["Perfected Strike","Clash","Heavy Blade"],"picked":"SKIP","floor":13.0},{"not_picked":["Sword Boomerang","Cleave"],"picked":"Rampage","floor":14.0},{"not_picked":["Feed","Double Tap"],"picked":"Limit Break","floor":16.0},{"not_picked":["Perfected Strike","Shockwave","Reckless Charge+1"],"picked":"SKIP","floor":18.0},{"not_picked":["Clash","Perfected Strike","Rage+1"],"picked":"SKIP","floor":19.0},{"not_picked":["Clash+1","Body Slam"],"picked":"Spot Weakness+1","floor":21.0},{"not_picked":["Whirlwind","Bloodletting+1"],"picked":"Power Through","floor":24.0},{"not_picked":["Infernal Blade","Dual Wield","Combust"],"picked":"SKIP","floor":28.0},{"not_picked":["Cleave","Fiend Fire"],"picked":"Heavy Blade","floor":31.0},{"not_picked":["Dark Embrace","Demon Form"],"picked":"Limit Break","floor":33},{"not_picked":[],"picked":"Shrug It Off+1","floor":35}],"player_experience":87171,"relics_obtained":[{"floor":7.0,"key":"Whetstone"},{"floor":9.0,"key":"War Paint"},{"floor":10.0,"key":"Bronze Scales"},{"floor":20.0,"key":"Necronomicon"},{"floor":24.0,"key":"Letter Opener"},{"floor":26.0,"key":"Gambling Chip"},{"floor":31.0,"key":"Mango"}],"event_choices":[{"event_name":"Golden Idol","player_choice":"Ignored","floor":8.0,"damage_taken":0.0},{"event_name":"Cursed Tome","player_choice":"Obtained Book","floor":20.0,"damage_taken":0.0},{"event_name":"Knowing Skull","player_choice":"GOLD ","floor":22.0,"damage_taken":0.0},{"event_name":"SecretPortal","player_choice":"Took Portal.","floor":36,"damage_taken":0}],"is_beta":false,"boss_relics":[{"not_picked":["Lizard Tail","Snecko Eye"],"picked":"Cursed Key"},{"not_picked":["Black Blood","Philosopher\u0027s Stone"],"picked":"Busted Crown"}],"items_purged_floors":[5,29],"is_endless":false,"potions_floor_spawned":[3,4,14,16,19,21,33,35],"ascension_level":7}