{"gold_per_floor":[119,83,158,170,196,229,229,257,283,29,39,59,86,105,105,105],"floor_reached":16,"playtime":579,"items_purged":[],"score":152,"play_id":"54c02880-08b2-436f-aec4-f33422c6292b","local_time":"20190407121802","is_ascension_mode":true,"campfire_choices":[{"data":"Whirlwind","floor":7,"key":"SMITH"},{"data":"Heavy Blade","floor":15,"key":"SMITH"}],"neow_cost":"NONE","seed_source_timestamp":832226757907213,"circlet_count":0,"master_deck":["Strike_R","Strike_R","Strike_R","Strike_R","Strike_R","Defend_R","Defend_R","Defend_R","Defend_R","Bash","Seeing Red","Whirlwind+1","Inflame","Heavy Blade+1"],"relics":["Burning Blood","Potion Belt","Vajra","PreservedInsect","Strawberry","Regal Pillow","Shuriken","Lantern"],"potions_floor_usage":[13,16,16],"damage_taken":[{"damage":5,"enemies":"Cultist","floor":1,"turns":4},{"damage":2,"enemies":"Small Slimes","floor":4,"turns":3},{"damage":46,"enemies":"Lagavulin","floor":6,"turns":6},{"damage":9,"enemies":"3 Sentries","floor":8,"turns":2},{"damage":13,"enemies":"Jaw Worm","floor":11,"turns":3},{"damage":16,"enemies":"Lots of Slimes","floor":12,"turns":3},{"damage":0,"enemies":"Gremlin Nob","floor":13,"turns":2},{"damage":0,"enemies":"3 Louse","floor":14,"turns":1},{"damage":36,"enemies":"The Guardian","floor":16,"turns":12}],"seed_played":"4231816071679928209","potions_obtained":[{"floor":4,"key":"Dexterity Potion"},{"floor":6,"key":"FearPotion"},{"floor":12,"key":"SkillPotion"},{"floor":13,"key":"Fire Potion"}],"is_trial":false,"path_per_floor":["M","$","?","M","T","E","R","E","T","$","M","M","E","M","R","B"],"character_chosen":"IRONCLAD","items_purchased":["Seeing Red","Shuriken"],"campfire_rested":0,"item_purchase_floors":[2,10],"current_hp_per_floor":[80,80,69,73,73,33,33,37,37,37,30,20,26,32,32,0],"gold":105,"neow_bonus":"RANDOM_COMMON_RELIC","is_prod":false,"is_daily":false,"chose_seed":false,"campfire_upgraded":2,"win_rate":0,"timestamp":1554661082,"path_taken":["M","?","?","M","?","E","R","E","T","$","M","M","E","?","R","BOSS"],"build_version":"2019-01-23","purchased_purges":0,"victory":false,"max_hp_per_floor":[80,80,80,80,80,80,80,87,87,87,87,87,87,87,87,87],"card_choices":[{"not_picked":["True Grit","Wild Strike","Flex"],"picked":"SKIP","floor":1},{"not_picked":["True Grit","Twin Strike"],"picked":"Whirlwind","floor":4},{"not_picked":["Headbutt","Thunderclap","Shockwave"],"picked":"SKIP","floor":6},{"not_picked":["Reaper","Warcry"],"picked":"Inflame","floor":8},{"not_picked":["Havoc","Cleave"],"picked":"Heavy Blade","floor":11},{"not_picked":["Warcry","Sentinel","Pommel Strike"],"picked":"SKIP","floor":12},{"not_picked":["Bloodletting","Infernal Blade","Flex"],"picked":"SKIP","floor":13},{"not_picked":["Warcry","Clash","Anger"],"picked":"SKIP","floor":14}],"player_experience":474302,"relics_obtained":[{"floor":5,"key":"Vajra"},{"floor":6,"key":"PreservedInsect"},{"floor":8,"key":"Strawberry"},{"floor":9,"key":"Regal Pillow"},{"floor":13,"key":"Lantern"}],"event_choices":[{"damage_healed":0,"gold_gain":75,"player_choice":"Gather Gold","damage_taken":11,"max_hp_gain":0,"max_hp_loss":0,"event_name":"World of Goop","floor":3,"gold_loss":0}],"is_beta":false,"boss_relics":[],"items_purged_floors":[],"is_endless":false,"potions_floor_spawned":[4,6,12,13],"killed_by":"The Guardian","ascension_level":1}