{"gold_per_floor":[119,44,54,72,72,99,99,99,150,150,164,181,198,211,211,314,314,330,56,56,56,68,94,94,19,19,19,39,49,75,94,94,191,191,211,12,12,27,27],"floor_reached":39,"playtime":3240,"items_purged":["Strike_R","Doubt"],"score":592,"play_id":"c70de69e-d582-4c41-88c6-0335c3d106c5","local_time":"20190530222055","is_ascension_mode":true,"campfire_choices":[{"data":"Body Slam","floor":8,"key":"SMITH"},{"data":"Body Slam","floor":10,"key":"SMITH"},{"data":"Armaments","floor":15,"key":"SMITH"},{"data":"Flame Barrier","floor":24,"key":"SMITH"},{"data":"Shrug It Off","floor":27,"key":"SMITH"},{"data":"Entrench","floor":32,"key":"SMITH"}],"neow_cost":"NONE","seed_source_timestamp":0,"circlet_count":0,"master_deck":["Strike_R","Defend_R","Defend_R","Defend_R","Defend_R","Flame Barrier+1","Body Slam+1","Whirlwind","Twin Strike","Body Slam+1","Pummel","True Grit","Armaments+1","Shrug It Off+1","Fiend Fire","Metallicize+1","Disarm","Armaments","Feel No Pain+1","Feel No Pain+1","Ghostly Armor","Entrench+1","Berserk+1","Demon Form+1","Iron Wave+1","Shockwave"],"special_seed":0,"relics":["Burning Blood","Bag of Marbles","Bronze Scales","Frozen Egg 2","Ancient Tea Set","Lizard Tail","ClockworkSouvenir","Orichalcum","The Courier","Bottled Lightning","Calling Bell","Omamori","Mummified Hand","Nunchaku","Pen Nib"],"potions_floor_usage":[6,6,16,30,30,33,38],"damage_taken":[{"damage":1.0,"enemies":"Cultist","floor":1.0,"turns":3.0},{"damage":0.0,"enemies":"2 Louse","floor":3.0,"turns":3.0},{"damage":8,"enemies":"Small Slimes","floor":4,"turns":5},{"damage":20,"enemies":"3 Sentries","floor":6,"turns":5},{"damage":8,"enemies":"Exordium Thugs","floor":11,"turns":4},{"damage":0,"enemies":"Blue Slaver","floor":12,"turns":2},{"damage":10,"enemies":"Lots of Slimes","floor":13,"turns":3},{"damage":1,"enemies":"Looter","floor":14,"turns":2},{"damage":33,"enemies":"Hexaghost","floor":16,"turns":9},{"damage":6,"enemies":"3 Byrds","floor":18,"turns":3},{"damage":0,"enemies":"Shell Parasite","floor":22,"turns":6},{"damage":54,"enemies":"Book of Stabbing","floor":23,"turns":9},{"damage":0,"enemies":"Cultist and Chosen","floor":28,"turns":5},{"damage":0,"enemies":"Snecko","floor":29,"turns":5},{"damage":20,"enemies":"Slavers","floor":30,"turns":5},{"damage":0,"enemies":"Centurion and Healer","floor":31,"turns":10},{"damage":41,"enemies":"Collector","floor":33,"turns":16},{"damage":20,"enemies":"Orb Walker","floor":35,"turns":7},{"damage":63,"enemies":"3 Darklings","floor":38,"turns":6},{"damage":64,"enemies":"Writhing Mass","floor":39,"turns":4}],"seed_played":"-8672824037211700657","potions_obtained":[{"floor":1.0,"key":"SpeedPotion"},{"floor":3.0,"key":"AttackPotion"},{"floor":4,"key":"PowerPotion"},{"floor":6,"key":"FairyPotion"},{"floor":14,"key":"Poison Potion"},{"floor":16,"key":"GamblersBrew"},{"floor":18,"key":"PowerPotion"},{"floor":28,"key":"Regen Potion"},{"floor":31,"key":"BloodPotion"},{"floor":33,"key":"PowerPotion"}],"is_trial":false,"path_per_floor":["M","$","M","M","?","E","?","R","T","R","M","M","M","M","R","B",null,"M","$","?","?","M","E","R","?","T","R","M","M","E","M","R","B",null,"M","$","?","M","M"],"character_chosen":"IRONCLAD","items_purchased":["Metallicize+1","ClockworkSouvenir","Pen Nib"],"campfire_rested":0,"item_purchase_floors":[19,19,36],"current_hp_per_floor":[77,77,80,78,78,64,64,64,64,64,62,68,64,69,69,42,71,71,71,71,71,77,29,29,29,29,29,35,41,41,47,47,20,65,51,51,51,46,0],"gold":27,"neow_bonus":"RANDOM_COMMON_RELIC","is_prod":false,"is_daily":false,"chose_seed":false,"campfire_upgraded":6,"win_rate":0,"timestamp":1559269255,"path_taken":["M","$","M","M","?","E","?","R","T","R","?","M","M","M","R","BOSS","M","$","?","?","?","E","R","?","T","R","M","M","E","M","R","BOSS","M","$","?","?","M"],"build_version":"2019-01-23","purchased_purges":2,"victory":false,"max_hp_per_floor":[80,80,80,80,80,80,80,80,80,80,80,80,80,80,80,80,80,80,80,80,80,80,80,80,80,80,80,80,80,80,80,80,80,80,80,80,80,80,80],"card_choices":[{"not_picked":["Perfected Strike","Twin Strike"],"picked":"Flame Barrier","floor":1.0},{"not_picked":["Rupture","Anger"],"picked":"Body Slam","floor":3.0},{"not_picked":["Havoc","True Grit"],"picked":"Whirlwind","floor":4},{"not_picked":["Limit Break","Pummel"],"picked":"Body Slam","floor":6},{"not_picked":["Heavy Blade","Dropkick"],"picked":"Pummel","floor":11},{"not_picked":["Twin Strike","Rage"],"picked":"True Grit","floor":12},{"not_picked":["Anger","True Grit"],"picked":"Armaments","floor":13},{"not_picked":["Sentinel","Rupture+1"],"picked":"Shrug It Off","floor":14},{"not_picked":["Limit Break","Exhume"],"picked":"Fiend Fire","floor":16},{"not_picked":["Sword Boomerang","Burning Pact","Clash"],"picked":"SKIP","floor":18},{"not_picked":["True Grit","Sword Boomerang"],"picked":"Feel No Pain+1","floor":22},{"not_picked":["Uppercut+1","Flex+1"],"picked":"Feel No Pain+1","floor":23},{"not_picked":["Second Wind","Cleave+1"],"picked":"Ghostly Armor","floor":28},{"not_picked":["Pommel Strike","Wild Strike+1","Clothesline+1"],"picked":"SKIP","floor":29},{"not_picked":["Sever Soul","Bloodletting"],"picked":"Entrench","floor":30},{"not_picked":["Warcry","Flex+1"],"picked":"Berserk+1","floor":31},{"not_picked":["Offering","Fiend Fire"],"picked":"Demon Form+1","floor":33},{"not_picked":["Perfected Strike","Clash+1"],"picked":"Iron Wave+1","floor":35},{"not_picked":["Blood for Blood","Twin Strike+1"],"picked":"Shockwave","floor":38}],"player_experience":186458,"relics_obtained":[{"floor":6,"key":"Bronze Scales"},{"floor":9,"key":"Ancient Tea Set"},{"floor":23,"key":"Orichalcum"},{"floor":26,"key":"The Courier"},{"floor":30,"key":"Bottled Lightning"},{"floor":34,"key":"Omamori"},{"floor":34,"key":"Mummified Hand"},{"floor":34,"key":"Nunchaku"}],"event_choices":[{"damage_healed":0,"gold_gain":0,"cards_transformed":["Strike_R"],"player_choice":"Change","damage_taken":0,"max_hp_gain":0,"max_hp_loss":0,"event_name":"Living Wall","floor":5,"gold_loss":0,"cards_obtained":["Twin Strike"]},{"damage_healed":0,"gold_gain":0,"player_choice":"Gave Potion","damage_taken":0,"relics_obtained":["Frozen Egg 2"],"max_hp_gain":0,"max_hp_loss":0,"event_name":"WeMeetAgain","floor":7,"gold_loss":0},{"damage_healed":0,"gold_gain":0,"cards_transformed":["Strike_R","Strike_R"],"player_choice":"Became Test Subject","damage_taken":0,"max_hp_gain":0,"max_hp_loss":0,"event_name":"Drug Dealer","floor":20,"gold_loss":0,"cards_obtained":["Disarm","Armaments"]},{"damage_healed":0,"gold_gain":0,"player_choice":"0 cards matched","damage_taken":0,"max_hp_gain":0,"max_hp_loss":0,"event_name":"Match and Keep!","floor":21,"gold_loss":0,"cards_obtained":[]},{"cards_removed":["Bash"],"damage_healed":0,"gold_gain":0,"player_choice":"Gave Gold","damage_taken":0,"max_hp_gain":0,"max_hp_loss":0,"event_name":"Beggar","floor":25,"gold_loss":75},{"cards_removed":["Doubt","Injury"],"damage_healed":0,"gold_gain":0,"player_choice":"Removed Curses","damage_taken":0,"max_hp_gain":0,"max_hp_loss":0,"event_name":"Fountain of Cleansing","floor":37,"gold_loss":0}],"is_beta":false,"boss_relics":[{"not_picked":["Empty Cage","Tiny House"],"picked":"Lizard Tail"},{"not_picked":["Eternal Feather","Runic Cube"],"picked":"Calling Bell"}],"items_purged_floors":[2,36],"is_endless":false,"potions_floor_spawned":[1,3,4,6,14,16,18,28,31,33],"killed_by":"Writhing Mass","ascension_level":8}