{"path_per_floor":["M","?","?","M","M","R","E","M","T","?","E","M","$","E","R","B",null,"M","?","M","T","?","E","R","E","T","R","M","E","M","?","R","B",null,"M","M","$","?","?","E","R","M","T","?","$","R","M","M","R","B"],"character_chosen":"IRONCLAD","items_purchased":["Inflame","Pear","Armaments"],"gold_per_floor":[118,118,118,131,143,143,173,190,190,190,225,241,94,119,119,223,223,237,237,256,326,376,405,405,435,461,461,473,500,520,520,520,618,618,634,646,546,546,546,576,576,588,666,666,228,228,241,261,261,261],"floor_reached":51,"campfire_rested":4,"playtime":2232,"item_purchase_floors":[13,45,45],"current_hp_per_floor":[80,80,80,75,79,79,52,50,50,50,52,54,54,44,44,35,80,64,64,69,69,69,14,38,7,7,31,33,16,17,17,41,19,80,77,41,41,41,41,34,34,35,35,35,45,45,46,51,78,50],"items_purged":["Strike_R","Defend_R","Defend_R"],"gold":261,"score":878,"play_id":"1d04c7fc-219d-4a69-9b8d-2b55f0e6139f","local_time":"20180602111324","is_prod":false,"is_daily":false,"chose_seed":false,"is_ascension_mode":true,"campfire_upgraded":4,"win_rate":0,"timestamp":1527902004,"campfire_choices":[{"data":"Bash","floor":6,"key":"SMITH"},{"data":"Demon Form","floor":15,"key":"SMITH"},{"floor":24,"key":"REST"},{"floor":27,"key":"REST"},{"floor":32,"key":"REST"},{"data":"Heavy Blade","floor":41,"key":"SMITH"},{"data":"Armaments","floor":46,"key":"SMITH"},{"floor":49,"key":"REST"}],"path_taken":["M","?","?","M","M","R","E","M","T","?","E","M","$","E","R","BOSS","M","?","M","?","?","E","R","E","T","R","M","E","M","?","R","BOSS","M","M","$","?","?","E","R","M","T","?","$","R","M","M","R","BOSS"],"build_version":"2018-05-31","seed_source_timestamp":6999742162652,"purchased_purges":3,"victory":true,"master_deck":["Strike_R","Defend_R+1","Defend_R","Bash+1","Headbutt+1","Demon Form+1","Pommel Strike","Offering+1","Iron Wave","Inflame","Impervious","Limit Break","Whirlwind","Heavy Blade+1","Offering+1","Barricade","Armaments+1"],"max_hp_per_floor":[80,80,80,80,80,80,80,80,80,80,80,80,80,80,80,80,80,80,80,80,80,80,80,80,80,80,80,80,80,80,80,80,80,80,80,80,80,80,80,80,80,80,80,80,90,90,90,90,90,90],"relics":["Burning Blood","Juzu Bracelet","Gambling Chip","Ice Cream","Red Skull","War Paint","Runic Cube","Mummified Hand","Ginger","Bottled Tornado","Lantern","Molten Egg 2","Velvet Choker","Magic Flower","Gremlin Horn","Pear"],"card_choices":[{"not_picked":["Wild Strike","Rampage"],"picked":"Headbutt","floor":1},{"not_picked":["Perfected Strike","Clothesline","Carnage"],"picked":"SKIP","floor":4},{"not_picked":["Feel No Pain","Burning Pact","Power Through"],"picked":"SKIP","floor":5},{"not_picked":["Shrug It Off","Twin Strike"],"picked":"Demon Form","floor":7},{"not_picked":["True Grit","Heavy Blade"],"picked":"Pommel Strike","floor":8},{"not_picked":["Body Slam","Bludgeon","Combust"],"picked":"SKIP","floor":11},{"not_picked":["Carnage","Evolve"],"picked":"Iron Wave","floor":12},{"not_picked":["Blood for Blood","Corruption"],"picked":"Impervious","floor":14},{"not_picked":["Immolate","Impervious"],"picked":"Limit Break","floor":16},{"not_picked":["Sentinel+1","Carnage"],"picked":"Whirlwind","floor":18},{"not_picked":["Wild Strike+1","Clash","Warcry"],"picked":"SKIP","floor":20},{"not_picked":["Flex","Iron Wave+1","Power Through"],"picked":"SKIP","floor":23},{"not_picked":["Burning Pact+1","Sentinel","Twin Strike"],"picked":"SKIP","floor":25},{"not_picked":["Twin Strike","True Grit","Perfected Strike+1"],"picked":"SKIP","floor":28},{"not_picked":["Clothesline+1","Flame Barrier+1","Infernal Blade"],"picked":"SKIP","floor":29},{"not_picked":["Impervious","Anger+1","Second Wind"],"picked":"SKIP","floor":30},{"not_picked":["Exhume","Limit Break"],"picked":"Barricade","floor":33},{"not_picked":["Armaments+1","Battle Trance+1","Body Slam+1"],"picked":"SKIP","floor":35},{"not_picked":["True Grit","Sword Boomerang+1","Warcry+1"],"picked":"SKIP","floor":36},{"not_picked":["Corruption+1","Feel No Pain+1","Heavy Blade+1"],"picked":"SKIP","floor":40},{"not_picked":["Pommel Strike+1","Limit Break","Perfected Strike+1"],"picked":"SKIP","floor":42},{"not_picked":["Armaments","Uppercut+1","Thunderclap+1"],"picked":"SKIP","floor":47},{"not_picked":["Heavy Blade+1","Intimidate","Clash+1"],"picked":"SKIP","floor":48}],"player_experience":87908,"potions_floor_usage":[12,16,16,18,29,30,33,50,50],"damage_taken":[{"damage":6,"enemies":"Cultist","floor":1,"turns":4},{"damage":11,"enemies":"Jaw Worm","floor":4,"turns":4},{"damage":2,"enemies":"2 Louse","floor":5,"turns":2},{"damage":33,"enemies":"3 Sentries","floor":7,"turns":9},{"damage":8,"enemies":"Exordium Wildlife","floor":8,"turns":4},{"damage":4,"enemies":"Lagavulin","floor":11,"turns":4},{"damage":12,"enemies":"Red Slaver","floor":12,"turns":3},{"damage":16,"enemies":"3 Sentries","floor":14,"turns":6},{"damage":15,"enemies":"Hexaghost","floor":16,"turns":6},{"damage":22,"enemies":"Chosen","floor":18,"turns":5},{"damage":1,"enemies":"3 Byrds","floor":20,"turns":6},{"damage":61,"enemies":"Gremlin Leader","floor":23,"turns":5},{"damage":37,"enemies":"Book of Stabbing","floor":25,"turns":4},{"damage":4,"enemies":"3 Cultists","floor":28,"turns":2},{"damage":23,"enemies":"Slavers","floor":29,"turns":5},{"damage":5,"enemies":"Centurion and Healer","floor":30,"turns":3},{"damage":28,"enemies":"Automaton","floor":33,"turns":5},{"damage":9,"enemies":"Orb Walker","floor":35,"turns":3},{"damage":42,"enemies":"3 Darklings","floor":36,"turns":4},{"damage":13,"enemies":"Giant Head","floor":40,"turns":4},{"damage":8,"enemies":"4 Shapes","floor":42,"turns":3},{"damage":8,"enemies":"Sphere and 2 Shapes","floor":47,"turns":3},{"damage":4,"enemies":"Maw","floor":48,"turns":3},{"damage":37,"enemies":"Time Eater","floor":50,"turns":4}],"relics_obtained":[{"floor":7,"key":"Gambling Chip"},{"floor":9,"key":"Ice Cream"},{"floor":11,"key":"Red Skull"},{"floor":14,"key":"War Paint"},{"floor":21,"key":"Mummified Hand"},{"floor":23,"key":"Ginger"},{"floor":25,"key":"Bottled Tornado"},{"floor":26,"key":"Lantern"},{"floor":29,"key":"Molten Egg 2"},{"floor":40,"key":"Magic Flower"},{"floor":43,"key":"Gremlin Horn"}],"event_choices":[{"event_name":"Upgrade Shrine","player_choice":"Upgraded","floor":2,"damage_taken":0},{"event_name":"Liars Game","player_choice":"disagreed","floor":3,"damage_taken":0},{"event_name":"Transmorgrifier","player_choice":"Transform","floor":10,"damage_taken":0},{"event_name":"The Library","player_choice":"Read","floor":19,"damage_taken":0},{"event_name":"The Joust","player_choice":"Bet on Murderer","floor":22,"damage_taken":0},{"event_name":"Duplicator","player_choice":"One dupe","floor":31,"damage_taken":0},{"event_name":"Purifier","player_choice":"One Purge","floor":39,"damage_taken":0},{"event_name":"The Lab","player_choice":"Got Potions","floor":44,"damage_taken":0}],"boss_relics":[{"not_picked":["Snecko Eye","Calling Bell"],"picked":"Runic Cube"},{"not_picked":["Black Star","Orrery"],"picked":"Velvet Choker"}],"items_purged_floors":[13,37,45],"potions_floor_spawned":[4,5,7,11,16,20,23,28,29,30,36],"seed_played":"-1828200648837417516","ascension_level":2,"potions_obtained":[{"floor":4,"key":"LiquidBronze"},{"floor":5,"key":"Poison Potion"},{"floor":7,"key":"BloodPotion"},{"floor":11,"key":"Block Potion"},{"floor":16,"key":"PowerPotion"},{"floor":20,"key":"Ancient Potion"},{"floor":23,"key":"Swift Potion"},{"floor":28,"key":"Block Potion"},{"floor":29,"key":"EssenceOfSteel"},{"floor":30,"key":"Block Potion"},{"floor":36,"key":"LiquidBronze"},{"floor":44,"key":"Poison Potion"},{"floor":44,"key":"Strength Potion"}],"is_trial":false}