{"gold_per_floor":[119,119,119,130,148,148,178,178,178,238,238,250,275,290,290,389,389,400,400,145,160,85,112,112,112,112,22,22,33,33,45,45,142,142,160,180,190,190,90,90],"floor_reached":40,"playtime":1621,"items_purged":["Strike_R","Strike_R+1"],"score":538,"play_id":"c8b7de4c-f9ad-493a-8e2d-90856fdaf11c","local_time":"20190422181832","is_ascension_mode":true,"campfire_choices":[{"data":"Armaments","floor":6.0,"key":"SMITH"},{"data":"Carnage","floor":8,"key":"SMITH"},{"data":"Heavy Blade","floor":15,"key":"SMITH"},{"floor":28,"key":"REST"},{"data":"Inflame","floor":30,"key":"SMITH"},{"floor":32,"key":"REST"}],"neow_cost":"TEN_PERCENT_HP_LOSS","seed_source_timestamp":761986398916607,"circlet_count":0,"master_deck":["Strike_R+1","Strike_R+1","Defend_R+1","Defend_R+1","Defend_R+1","Defend_R+1","Bash+1","Good Instincts","Metamorphosis+1","Carnage+1","Flex","Armaments+1","Heavy Blade+1","Offering+1","Flame Barrier+1","Shrug It Off+1","Inflame+1","Demon Form","Second Wind+1"],"special_seed":0,"relics":["Burning Blood","Toxic Egg 2","Question Card","Happy Flower","Vajra","Mark of Pain","Toolbox","Peace Pipe","Sundial","Velvet Choker"],"potions_floor_usage":[7,16,23,40,40],"damage_taken":[{"damage":6.0,"enemies":"Jaw Worm","floor":1.0,"turns":4.0},{"damage":0.0,"enemies":"2 Louse","floor":4.0,"turns":2.0},{"damage":5.0,"enemies":"Cultist","floor":5.0,"turns":4.0},{"damage":16,"enemies":"Gremlin Nob","floor":7,"turns":3},{"damage":22,"enemies":"Gremlin Nob","floor":10,"turns":4},{"damage":6,"enemies":"Looter","floor":12,"turns":2},{"damage":10,"enemies":"3 Sentries","floor":13,"turns":6},{"damage":6,"enemies":"3 Louse","floor":14,"turns":3},{"damage":11,"enemies":"Hexaghost","floor":16,"turns":8},{"damage":27,"enemies":"Shell Parasite","floor":18,"turns":4},{"damage":6,"enemies":"2 Thieves","floor":21,"turns":2},{"damage":43,"enemies":"Gremlin Leader","floor":23,"turns":8},{"damage":12,"enemies":"Snake Plant","floor":29,"turns":4},{"damage":14,"enemies":"Centurion and Healer","floor":31,"turns":5},{"damage":45,"enemies":"Collector","floor":33,"turns":8},{"damage":11,"enemies":"3 Darklings","floor":35,"turns":4},{"damage":0,"enemies":"Orb Walker","floor":36,"turns":3},{"damage":54,"enemies":"Transient","floor":37,"turns":5},{"damage":43,"enemies":"Reptomancer","floor":40,"turns":4}],"seed_played":"-3120700658767516049","potions_obtained":[{"floor":1.0,"key":"GamblersBrew"},{"floor":3.0,"key":"Strength Potion"},{"floor":3.0,"key":"Poison Potion"},{"floor":3.0,"key":"Dexterity Potion"},{"floor":12,"key":"Block Potion"},{"floor":14,"key":"EssenceOfSteel"},{"floor":21,"key":"Poison Potion"},{"floor":31,"key":"FairyPotion"},{"floor":37,"key":"Regen Potion"}],"is_trial":false,"path_per_floor":["M","?","?","M","M","R","E","R","T","?","?","M","E","M","R","B",null,"M","?","$","M","$","E","?","?","T","?","R","M","R","M","R","B",null,"M","M","M","?","$","E"],"character_chosen":"IRONCLAD","items_purchased":["Shrug It Off+1","Toolbox"],"campfire_rested":2,"item_purchase_floors":[20,20],"current_hp_per_floor":[72,58,58,64,65,65,55,55,55,39,39,39,35,35,35,30,62,41,65,65,65,65,28,15,15,15,15,38,32,32,24,47,8,60,55,61,13,13,13,0],"gold":90,"neow_bonus":"RANDOM_COLORLESS_2","is_prod":false,"is_daily":false,"chose_seed":false,"campfire_upgraded":4,"win_rate":0,"timestamp":1555978712,"path_taken":["M","?","?","M","?","R","E","R","T","?","?","M","E","M","R","BOSS","M","?","$","M","$","E","?","?","T","?","R","M","R","M","R","BOSS","M","M","?","?","$","E"],"build_version":"2019-01-23","purchased_purges":2,"victory":false,"max_hp_per_floor":[72,72,72,72,72,72,72,72,72,72,72,72,72,72,72,72,72,72,72,72,72,72,72,77,77,77,77,77,77,77,77,77,77,77,77,77,77,77,77,77],"card_choices":[{"not_picked":["Seeing Red","Anger"],"picked":"Carnage","floor":1.0},{"not_picked":["Pommel Strike","Entrench"],"picked":"Flex","floor":4.0},{"not_picked":["Heavy Blade","Entrench"],"picked":"Armaments","floor":5.0},{"not_picked":["Flex","Feel No Pain","Perfected Strike"],"picked":"SKIP","floor":7},{"not_picked":["Armaments+1","Warcry+1","Battle Trance+1"],"picked":"Cleave","floor":12},{"not_picked":["Pommel Strike","Power Through+1","Evolve"],"picked":"Heavy Blade","floor":13},{"not_picked":["Sword Boomerang","Cleave","Twin Strike","Immolate"],"picked":"SKIP","floor":14},{"not_picked":["Juggernaut","Brutality","Barricade"],"picked":"Offering+1","floor":16},{"not_picked":["Pommel Strike","Clothesline","Shrug It Off+1"],"picked":"Flame Barrier+1","floor":18},{"not_picked":["Body Slam","Cleave","Clash","Anger"],"picked":"SKIP","floor":21},{"not_picked":["Flex+1","Headbutt","Power Through+1","Spot Weakness+1"],"picked":"SKIP","floor":23},{"not_picked":["Clothesline","Intimidate+1","Perfected Strike"],"picked":"Inflame","floor":29},{"not_picked":["Clash","Burning Pact+1","Heavy Blade+1","Ghostly Armor+1"],"picked":"SKIP","floor":31},{"not_picked":["Double Tap+1","Immolate","Limit Break+1"],"picked":"Demon Form","floor":33},{"not_picked":["Cleave","Entrench+1","Warcry+1","Anger"],"picked":"SKIP","floor":35},{"not_picked":["Whirlwind+1","Havoc+1","Second Wind+1","Shrug It Off+1"],"picked":"SKIP","floor":36},{"not_picked":["Whirlwind+1","Havoc+1","Shrug It Off+1"],"picked":"Second Wind+1","floor":36},{"not_picked":["Flex+1","Battle Trance+1","Carnage+1","Iron Wave"],"picked":"SKIP","floor":37}],"player_experience":510479,"relics_obtained":[{"floor":7,"key":"Toxic Egg 2"},{"floor":9,"key":"Question Card"},{"floor":13,"key":"Vajra"},{"floor":23,"key":"Peace Pipe"},{"floor":26,"key":"Sundial"}],"event_choices":[{"damage_healed":0.0,"max_hp_gain":0.0,"max_hp_loss":0.0,"gold_gain":0.0,"event_name":"Shining Light","player_choice":"Entered Light","floor":2.0,"gold_loss":0.0,"damage_taken":14.0,"cards_upgraded":["Strike_R","Defend_R"]},{"damage_healed":0.0,"max_hp_gain":0.0,"max_hp_loss":0.0,"gold_gain":0.0,"event_name":"Lab","player_choice":"Got Potions","floor":3.0,"gold_loss":0.0,"damage_taken":0.0},{"damage_healed":0,"gold_gain":0,"player_choice":"Searched \u00273\u0027 times","damage_taken":0,"relics_obtained":["Happy Flower"],"max_hp_gain":0,"max_hp_loss":0,"event_name":"Dead Adventurer","floor":10,"gold_loss":0},{"damage_healed":0,"gold_gain":0,"player_choice":"Grow","damage_taken":0,"max_hp_gain":0,"max_hp_loss":0,"event_name":"Living Wall","floor":11,"gold_loss":0,"cards_upgraded":["Metamorphosis"]},{"damage_healed":24,"gold_gain":0,"player_choice":"Heal","damage_taken":0,"max_hp_gain":0,"max_hp_loss":0,"event_name":"The Library","floor":19,"gold_loss":0},{"damage_healed":0,"gold_gain":0,"player_choice":"Shed Blood","damage_taken":18,"max_hp_gain":5,"max_hp_loss":0,"event_name":"Forgotten Altar","floor":24,"gold_loss":0},{"damage_healed":0,"gold_gain":0,"player_choice":"Simplicity","damage_taken":0,"max_hp_gain":0,"max_hp_loss":0,"event_name":"Back to Basics","floor":25,"gold_loss":0,"cards_upgraded":["Strike_R","Strike_R","Strike_R","Defend_R","Defend_R","Defend_R"]},{"cards_removed":["Strike_R"],"damage_healed":0,"gold_gain":0,"player_choice":"Upgrade and Remove","damage_taken":0,"max_hp_gain":0,"max_hp_loss":0,"event_name":"Designer","floor":27,"gold_loss":90,"cards_upgraded":["Bash"]},{"cards_removed":["Cleave"],"damage_healed":0,"gold_gain":0,"player_choice":"Removed Attack","damage_taken":0,"max_hp_gain":0,"max_hp_loss":0,"event_name":"Falling","floor":38,"gold_loss":0}],"is_beta":false,"boss_relics":[{"not_picked":["Fusion Hammer","Snecko Eye"],"picked":"Mark of Pain"},{"not_picked":["White Beast Statue","Coffee Dripper"],"picked":"Velvet Choker"}],"items_purged_floors":[22,39],"is_endless":false,"potions_floor_spawned":[1,4,12,14,21,31,37],"killed_by":"Reptomancer","ascension_level":6}