{"gold_per_floor":[109,121,48,48,48,48,92,116,140,183,208,208,208,208,208,334,334,359,375,19,19,19,19,53,74,74,74,74,410,426,426],"floor_reached":31,"playtime":1060,"items_purged":[],"score":351,"play_id":"a3365838-a9a7-40e6-a259-3bc4a4ba99d7","local_time":"20190605150517","is_ascension_mode":true,"campfire_choices":[{"data":"Zap","floor":6,"key":"SMITH"},{"floor":13,"key":"REST"},{"data":"Zap","floor":15,"key":"SMITH"},{"floor":23,"key":"REST"},{"floor":27,"key":"REST"}],"neow_cost":"NONE","seed_source_timestamp":415622553700317,"circlet_count":0,"master_deck":["Strike_B","Strike_B","Strike_B","Defend_B+1","Defend_B","Defend_B","Defend_B","Zap+1","Dualcast","Conserve Battery","Sweeping Beam","Melter+1","Capacitor","Go for the Eyes+1","Hologram","Impatience","Zap+1","Ball Lightning","Go for the Eyes+1","Coolheaded+1","Machine Learning","Cold Snap","Glacier+1","Defragment+1"],"relics":["Cracked Core","Golden Idol","Bronze Scales","Bag of Preparation","Potion Belt","Symbiotic Virus","Black Star","Prayer Wheel","Dream Catcher","The Courier","Nloth\u0027s Gift","Pantograph","Old Coin"],"potions_floor_usage":[10,24,29,29],"damage_taken":[{"damage":7,"enemies":"2 Louse","floor":1,"turns":4},{"damage":2,"enemies":"Jaw Worm","floor":2,"turns":4},{"damage":10,"enemies":"Lagavulin","floor":7,"turns":6},{"damage":5,"enemies":"Small Slimes","floor":8,"turns":2},{"damage":11,"enemies":"Gremlin Nob","floor":10,"turns":3},{"damage":8,"enemies":"Gremlin Gang","floor":11,"turns":2},{"damage":8,"enemies":"The Guardian","floor":16,"turns":8},{"damage":22,"enemies":"2 Thieves","floor":18,"turns":3},{"damage":10,"enemies":"Chosen","floor":19,"turns":5},{"damage":24,"enemies":"Gremlin Leader","floor":24,"turns":6},{"damage":2,"enemies":"Snecko","floor":25,"turns":5},{"damage":13,"enemies":"Book of Stabbing","floor":29,"turns":5},{"damage":7,"enemies":"3 Cultists","floor":30,"turns":6},{"damage":21,"enemies":"Snake Plant","floor":31,"turns":2}],"seed_played":"2305205575578468679","potions_obtained":[{"floor":1,"key":"Energy Potion"},{"floor":7,"key":"SkillPotion"},{"floor":8,"key":"GamblersBrew"},{"floor":19,"key":"FearPotion"},{"floor":24,"key":"Swift Potion"},{"floor":25,"key":"FearPotion"},{"floor":29,"key":"FocusPotion"}],"is_trial":false,"path_per_floor":["M","M","$","?","?","R","E","M","T","E","M","T","R","?","R","B",null,"M","M","$","?","$","R","E","M","T","R","?","E","M","M"],"character_chosen":"DEFECT","items_purchased":["Melter","Prayer Wheel","Ball Lightning"],"campfire_rested":3,"item_purchase_floors":[3,20,20],"current_hp_per_floor":[68,66,66,66,52,52,42,37,37,26,18,18,38,38,38,30,59,37,27,27,27,27,47,23,21,21,41,41,28,21,0],"gold":426,"neow_bonus":"REMOVE_CARD","is_prod":false,"is_daily":false,"chose_seed":false,"campfire_upgraded":2,"win_rate":0,"timestamp":1559768717,"path_taken":["M","M","$","?","?","R","E","M","T","E","M","?","R","?","R","BOSS","M","?","$","?","?","R","E","M","T","R","?","E","?","M"],"build_version":"2019-01-23","purchased_purges":0,"victory":false,"max_hp_per_floor":[75,75,75,69,69,69,69,69,69,69,69,69,69,69,69,69,69,69,69,69,69,69,69,69,69,69,69,69,69,69,69],"card_choices":[{"not_picked":["Blizzard","Darkness"],"picked":"Conserve Battery","floor":1},{"not_picked":["Gash","Darkness"],"picked":"Sweeping Beam","floor":2},{"not_picked":["Barrage","Gash","Hello World"],"picked":"SKIP","floor":7},{"not_picked":["Conserve Battery","Loop"],"picked":"Capacitor","floor":8},{"not_picked":["FTL","Scrape"],"picked":"Go for the Eyes","floor":10},{"not_picked":["Streamline","Steam","Turbo"],"picked":"SKIP","floor":11},{"not_picked":["Blizzard","Static Discharge","Stack+1"],"picked":"SKIP","floor":18},{"not_picked":["Barrage","Aggregate","Recycle+1"],"picked":"SKIP","floor":19},{"not_picked":["Barrage","Static Discharge"],"picked":"Go for the Eyes+1","floor":24},{"not_picked":["Conserve Battery","Turbo+1"],"picked":"Coolheaded+1","floor":25},{"not_picked":["Force Field+1","Gash"],"picked":"Machine Learning","floor":25},{"not_picked":["Conserve Battery","Turbo"],"picked":"Cold Snap","floor":27},{"not_picked":["Barrage","Core Surge"],"picked":"Glacier+1","floor":29},{"not_picked":["Compile Driver","Turbo"],"picked":"Defragment+1","floor":30},{"not_picked":["Chaos","Redo+1","Ball Lightning"],"picked":"SKIP","floor":30}],"player_experience":684329,"relics_obtained":[{"floor":7,"key":"Bronze Scales"},{"floor":9,"key":"Bag of Preparation"},{"floor":10,"key":"Potion Belt"},{"floor":12,"key":"Symbiotic Virus"},{"floor":24,"key":"Torii"},{"floor":24,"key":"Dream Catcher"},{"floor":26,"key":"The Courier"},{"floor":29,"key":"Pantograph"},{"floor":29,"key":"Old Coin"}],"event_choices":[{"damage_healed":0,"gold_gain":0,"player_choice":"Lose Max HP","damage_taken":0,"relics_obtained":["Golden Idol"],"max_hp_gain":0,"max_hp_loss":6,"event_name":"Golden Idol","floor":4,"gold_loss":0},{"damage_healed":0,"gold_gain":0,"player_choice":"Entered Light","damage_taken":14,"max_hp_gain":0,"max_hp_loss":0,"event_name":"Shining Light","floor":5,"gold_loss":0,"cards_upgraded":["Defend_B","Melter"]},{"damage_healed":0,"gold_gain":0,"player_choice":"3 cards matched","damage_taken":0,"max_hp_gain":0,"max_hp_loss":0,"event_name":"Match and Keep!","floor":14,"gold_loss":0,"cards_obtained":["Hologram","Impatience","Zap"]},{"damage_healed":0,"gold_gain":0,"player_choice":"Upgraded","damage_taken":0,"max_hp_gain":0,"max_hp_loss":0,"event_name":"Upgrade Shrine","floor":21,"gold_loss":0,"cards_upgraded":["Go for the Eyes"]},{"damage_healed":0,"gold_gain":0,"player_choice":"Traded Relic","damage_taken":0,"relics_obtained":["Nloth\u0027s Gift"],"max_hp_gain":0,"max_hp_loss":0,"event_name":"N\u0027loth","floor":28,"relics_lost":["Torii"],"gold_loss":0}],"is_beta":false,"boss_relics":[{"not_picked":["Philosopher\u0027s Stone","FrozenCore"],"picked":"Black Star"}],"items_purged_floors":[],"is_endless":false,"potions_floor_spawned":[1,7,8,19,24,25,29],"killed_by":"Snake Plant","ascension_level":5}