{"gold_per_floor":[116,134,309,327,109,109,137,158,158,158,158,171,171,196,196,297,297,309,329,329],"floor_reached":20,"playtime":5250,"items_purged":["Doubt"],"score":282,"play_id":"e18ba5f5-5ede-405a-b8c2-04c997947e84","local_time":"20190607110412","is_ascension_mode":true,"campfire_choices":[{"data":"Zap","floor":6,"key":"SMITH"},{"data":"Dualcast","floor":10,"key":"SMITH"},{"floor":15,"key":"REST"}],"neow_cost":"NONE","seed_source_timestamp":738611379531235,"circlet_count":0,"master_deck":["AscendersBane","Strike_B","Strike_B","Strike_B","Strike_B","Defend_B","Defend_B","Defend_B","Defend_B","Zap+1","Dualcast+1","Self Repair","Auto Shields","Consume","Cold Snap","Decay","Cold Snap","Buffer","Fusion","Coolheaded"],"relics":["Cracked Core","Centennial Puzzle","Art of War","Odd Mushroom","Regal Pillow","Orichalcum","Snecko Eye"],"potions_floor_usage":[8,16,19,20],"damage_taken":[{"damage":0,"enemies":"Small Slimes","floor":1,"turns":3},{"damage":0,"enemies":"2 Louse","floor":2,"turns":2},{"damage":6,"enemies":"Cultist","floor":4,"turns":3},{"damage":23,"enemies":"Lagavulin","floor":7,"turns":9},{"damage":9,"enemies":"The Mushroom Lair","floor":8,"turns":4},{"damage":12,"enemies":"3 Louse","floor":12,"turns":3},{"damage":27,"enemies":"3 Sentries","floor":14,"turns":8},{"damage":39,"enemies":"The Guardian","floor":16,"turns":17},{"damage":25,"enemies":"3 Byrds","floor":18,"turns":6},{"damage":24,"enemies":"Spheric Guardian","floor":19,"turns":6},{"damage":22,"enemies":"Chosen and Byrds","floor":20,"turns":6}],"seed_played":"-709774159791963922","potions_obtained":[{"floor":1,"key":"Dexterity Potion"},{"floor":2,"key":"Poison Potion"},{"floor":18,"key":"Weak Potion"},{"floor":19,"key":"Explosive Potion"}],"is_trial":false,"path_per_floor":["?","?","?","M","?","M"],"character_chosen":"DEFECT","items_purchased":["Art of War"],"campfire_rested":1,"item_purchase_floors":[5],"current_hp_per_floor":[68,68,68,69,69,69,53,51,51,51,51,46,46,26,63,31,64,39,22,0],"gold":329,"neow_bonus":"RANDOM_COMMON_RELIC","is_prod":false,"is_daily":false,"chose_seed":false,"campfire_upgraded":2,"win_rate":0,"timestamp":1559934252,"path_taken":["M","M","?","M","$","R","E","?","T","R","?","?","?","E","R","BOSS","M","M","?"],"build_version":"2019-01-23","purchased_purges":1,"victory":false,"max_hp_per_floor":[75,75,75,75,75,75,75,75,75,75,75,75,75,75,75,75,75,75,75,75],"card_choices":[{"not_picked":["Consume","Redo","Double Energy"],"picked":"SKIP","floor":1},{"not_picked":["Leap","Double Energy"],"picked":"Self Repair","floor":2},{"not_picked":["Gash","Beam Cell"],"picked":"Auto Shields","floor":4},{"not_picked":["Coolheaded","Meteor Strike"],"picked":"Consume","floor":7},{"not_picked":["Streamline","Auto Shields"],"picked":"Cold Snap","floor":8},{"not_picked":["Streamline","Gash","Barrage"],"picked":"SKIP","floor":12},{"not_picked":["Hologram","Stack"],"picked":"Cold Snap","floor":14},{"not_picked":["Multi-Cast","Fission"],"picked":"Buffer","floor":16},{"not_picked":["Streamline+1","Barrage+1"],"picked":"Fusion","floor":18},{"not_picked":["Turbo","Barrage"],"picked":"Coolheaded","floor":19}],"player_experience":297013,"relics_obtained":[{"floor":8,"key":"Odd Mushroom"},{"floor":9,"key":"Regal Pillow"},{"floor":14,"key":"Orichalcum"}],"event_choices":[{"damage_healed":0,"gold_gain":175,"player_choice":"AGREE","damage_taken":0,"max_hp_gain":0,"max_hp_loss":0,"event_name":"Liars Game","floor":3,"gold_loss":0,"cards_obtained":["Doubt"]},{"damage_healed":0,"gold_gain":0,"player_choice":"Fought Mushrooms","damage_taken":0,"max_hp_gain":0,"max_hp_loss":0,"event_name":"Mushrooms","floor":8,"gold_loss":0},{"damage_healed":0,"gold_gain":0,"player_choice":"Cursed","damage_taken":0,"max_hp_gain":0,"max_hp_loss":0,"event_name":"Wheel of Change","floor":11,"gold_loss":0,"cards_obtained":["Decay"]},{"damage_healed":0,"gold_gain":0,"player_choice":"Bought 0 Potions","damage_taken":0,"max_hp_gain":0,"max_hp_loss":0,"event_name":"The Woman in Blue","floor":13,"gold_loss":0}],"is_beta":false,"boss_relics":[{"not_picked":["White Beast Statue","FrozenCore"],"picked":"Snecko Eye"}],"items_purged_floors":[5],"is_endless":false,"potions_floor_spawned":[1,2,7,18,19],"killed_by":"Chosen and Byrds","ascension_level":11}