{"gold_per_floor":[110,110,110,125,143,171,171,204,204,204,204,258,258,258,258,349,349,362,261,250,250,250,250],"floor_reached":23,"playtime":1469,"items_purged":["Strike_B"],"score":322,"play_id":"e967bec6-c1ff-4fc6-adc1-cd054fe9cfee","local_time":"20190424160529","is_ascension_mode":true,"campfire_choices":[{"data":"Loop","floor":7,"key":"SMITH"},{"floor":11,"key":"REST"},{"data":"Loop","floor":13,"key":"SMITH"},{"data":"Zap","floor":15,"key":"SMITH"}],"neow_cost":"NONE","seed_source_timestamp":616130330444200,"circlet_count":0,"master_deck":["AscendersBane","Strike_B+1","Strike_B+1","Strike_B+1","Defend_B+1","Defend_B+1","Defend_B+1","Zap+1","Dualcast","Glacier","Loop+1","Darkness","Loop+1","Steam","Rainbow","Biased Cognition","Go for the Eyes","Leap"],"relics":["Cracked Core","Shuriken","Bottled Lightning","Golden Idol","Philosopher\u0027s Stone","Nilry\u0027s Codex"],"potions_floor_usage":[20,23],"damage_taken":[{"damage":7,"enemies":"Small Slimes","floor":1,"turns":2},{"damage":0,"enemies":"Jaw Worm","floor":4,"turns":4},{"damage":0,"enemies":"2 Louse","floor":5,"turns":3},{"damage":18,"enemies":"Lagavulin","floor":6,"turns":8},{"damage":30,"enemies":"Gremlin Nob","floor":8,"turns":5},{"damage":16,"enemies":"Slime Boss","floor":16,"turns":6},{"damage":3,"enemies":"Spheric Guardian","floor":18,"turns":4},{"damage":14,"enemies":"2 Thieves","floor":20,"turns":4},{"damage":43,"enemies":"Slavers","floor":23,"turns":4}],"seed_played":"-5275672497042102119","potions_obtained":[{"floor":4,"key":"Fire Potion"},{"floor":18,"key":"Block Potion"},{"floor":20,"key":"Strength Potion"}],"is_trial":false,"path_per_floor":["M","?","?","M","M","E","R","E","T","?","R","T","R","?","R","B",null,"M","$","M","?","?","E"],"character_chosen":"DEFECT","items_purchased":["Go for the Eyes"],"campfire_rested":1,"item_purchase_floors":[19],"current_hp_per_floor":[68,73,73,73,73,55,55,25,25,4,30,30,30,30,30,14,69,66,66,52,36,36,0],"gold":250,"neow_bonus":"TEN_PERCENT_HP_BONUS","is_prod":false,"is_daily":false,"chose_seed":false,"campfire_upgraded":3,"win_rate":0,"timestamp":1556143529,"path_taken":["M","?","?","?","M","E","R","E","T","?","R","?","R","?","R","BOSS","M","$","M","?","?","E"],"build_version":"2019-01-23","purchased_purges":1,"victory":false,"max_hp_per_floor":[82,87,87,87,87,87,87,87,87,87,87,87,87,87,87,87,87,87,87,87,87,87,87],"card_choices":[{"not_picked":["Rebound","Sweeping Beam"],"picked":"Glacier","floor":1},{"not_picked":["Sweeping Beam","Force Field"],"picked":"Loop","floor":4},{"not_picked":["Go for the Eyes","Steam"],"picked":"Darkness","floor":5},{"not_picked":["All For One","Steam"],"picked":"Loop","floor":6},{"not_picked":["Beam Cell","Reprogram"],"picked":"Steam","floor":8},{"not_picked":["Hyperbeam","Meteor Strike"],"picked":"Biased Cognition","floor":16},{"not_picked":["Storm+1","Beam Cell","Melter+1"],"picked":"SKIP","floor":18},{"not_picked":["Streamline","Consume"],"picked":"Leap","floor":20}],"player_experience":660428,"relics_obtained":[{"floor":8,"key":"Shuriken"},{"floor":9,"key":"Bottled Lightning"},{"floor":21,"key":"Nilry\u0027s Codex"}],"event_choices":[{"damage_healed":0,"gold_gain":0,"player_choice":"Donut","damage_taken":0,"max_hp_gain":5,"max_hp_loss":0,"event_name":"Big Fish","floor":2,"gold_loss":0},{"cards_removed":["Defend_B"],"damage_healed":0,"gold_gain":0,"player_choice":"Forget","damage_taken":0,"max_hp_gain":0,"max_hp_loss":0,"event_name":"Living Wall","floor":3,"gold_loss":0},{"damage_healed":0,"gold_gain":0,"player_choice":"Take Damage","damage_taken":21,"relics_obtained":["Golden Idol"],"max_hp_gain":0,"max_hp_loss":0,"event_name":"Golden Idol","floor":10,"gold_loss":0},{"damage_healed":0,"gold_gain":0,"player_choice":"1 cards matched","damage_taken":0,"max_hp_gain":0,"max_hp_loss":0,"event_name":"Match and Keep!","floor":14,"gold_loss":0,"cards_obtained":["Rainbow"]},{"damage_healed":0,"gold_gain":0,"player_choice":"Obtained Book","damage_taken":16,"max_hp_gain":0,"max_hp_loss":0,"event_name":"Cursed Tome","floor":21,"gold_loss":0},{"damage_healed":0,"gold_gain":0,"player_choice":"Simplicity","damage_taken":0,"max_hp_gain":0,"max_hp_loss":0,"event_name":"Back to Basics","floor":22,"gold_loss":0,"cards_upgraded":["Strike_B","Strike_B","Strike_B","Defend_B","Defend_B","Defend_B"]}],"is_beta":false,"boss_relics":[{"not_picked":["Busted Crown","Orrery"],"picked":"Philosopher\u0027s Stone"}],"items_purged_floors":[19],"is_endless":false,"potions_floor_spawned":[4,18,20],"killed_by":"Slavers","ascension_level":13}