{"gold_per_floor":[110,54,54,80,230,255,255,231,231,48,66,66,80,94,94,169,169,188,208,208,208,222,222,232,232,258,258],"floor_reached":27,"playtime":1921,"items_purged":[],"score":472,"play_id":"37528f0b-5047-4069-8628-ad552d34e952","local_time":"20190331215821","is_ascension_mode":true,"campfire_choices":[{"data":"Survivor","floor":7,"key":"SMITH"},{"data":"Bandage Up","floor":12,"key":"SMITH"},{"data":"Deadly Poison","floor":15,"key":"SMITH"},{"data":"RitualDagger","floor":23,"key":"SMITH"},{"data":"Leg Sweep","floor":25,"key":"SMITH"}],"neow_cost":"NONE","seed_source_timestamp":260900436707447,"circlet_count":0,"master_deck":["AscendersBane","Defend_G","Defend_G","Defend_G","Defend_G","Strike_G","Strike_G","Strike_G","Survivor+1","Neutralize+1","Backflip","Backflip","Blur","Deflect","Leg Sweep+1","Bandage Up+1","Deadly Poison+1","PiercingWail","Adrenaline","Corpse Explosion+1","Cloak And Dagger+1","Phantasmal Killer+1","RitualDagger+1","Predator+1"],"relics":["Ring of the Snake","NeowsBlessing","Omamori","Mummified Hand","Mango","Astrolabe","Snake Skull","Smiling Mask"],"potions_floor_usage":[16,27],"damage_taken":[{"damage":0,"enemies":"Cultist","floor":1,"turns":1},{"damage":0,"enemies":"3 Sentries","floor":6,"turns":1},{"damage":0,"enemies":"Small Slimes","floor":11,"turns":1},{"damage":0,"enemies":"Jaw Worm","floor":13,"turns":7},{"damage":14,"enemies":"Large Slime","floor":14,"turns":13},{"damage":9,"enemies":"The Guardian","floor":16,"turns":18},{"damage":13,"enemies":"2 Thieves","floor":18,"turns":3},{"damage":31,"enemies":"Chosen","floor":19,"turns":8},{"damage":0,"enemies":"3 Cultists","floor":22,"turns":3},{"damage":16,"enemies":"Chosen and Byrds","floor":24,"turns":7},{"damage":46,"enemies":"Slavers","floor":27,"turns":4}],"seed_played":"3009338026659952456","potions_obtained":[{"floor":6,"key":"EssenceOfSteel"},{"floor":13,"key":"GamblersBrew"},{"floor":16,"key":"GhostInAJar"}],"is_trial":false,"path_per_floor":["M","$","?","T","?","E","R","$","T","$","M","R","M","M","R","B",null,"M","M","?","T","M","R","M","R","T","E"],"character_chosen":"THE_SILENT","items_purchased":["Backflip","Deflect","Leg Sweep","Bandage Up"],"campfire_rested":0,"item_purchase_floors":[2,8,10,10],"current_hp_per_floor":[59,59,59,59,59,59,59,59,73,73,73,73,79,71,71,68,77,64,39,33,33,39,39,29,29,29,0],"gold":258,"neow_bonus":"THREE_ENEMY_KILL","is_prod":false,"is_daily":false,"chose_seed":false,"campfire_upgraded":5,"win_rate":0,"timestamp":1554091101,"path_taken":["M","?","?","?","?","E","R","$","T","$","M","R","?","M","R","BOSS","M","?","?","?","M","R","?","R","T","E"],"build_version":"2019-01-23","purchased_purges":0,"victory":false,"max_hp_per_floor":[66,66,66,66,66,66,66,66,80,80,80,80,80,80,80,80,80,80,80,80,80,80,80,80,80,80,80],"card_choices":[{"not_picked":["Flying Knee","Calculated Gamble"],"picked":"Backflip","floor":1},{"not_picked":["Dagger Throw","Skewer"],"picked":"Blur","floor":6},{"not_picked":["Crippling Poison","Dodge and Roll","Backflip"],"picked":"SKIP","floor":11},{"not_picked":["Poisoned Stab","Backflip"],"picked":"Deadly Poison","floor":13},{"not_picked":["Underhanded Strike","Masterful Stab"],"picked":"PiercingWail","floor":14},{"not_picked":["Doppelganger","Corpse Explosion"],"picked":"Adrenaline","floor":16},{"not_picked":["Infinite Blades","Flying Knee","Acrobatics"],"picked":"SKIP","floor":18},{"not_picked":["PiercingWail","Riddle With Holes","Underhanded Strike"],"picked":"SKIP","floor":19},{"not_picked":["Masterful Stab+1","Accuracy","Finisher"],"picked":"SKIP","floor":22},{"not_picked":["Slice","Leg Sweep"],"picked":"Predator+1","floor":24}],"player_experience":396432,"relics_obtained":[{"floor":4,"key":"Omamori"},{"floor":6,"key":"Mummified Hand"},{"floor":9,"key":"Mango"},{"floor":21,"key":"Snake Skull"},{"floor":26,"key":"Smiling Mask"}],"event_choices":[{"damage_healed":0,"gold_gain":0,"player_choice":"Grow","damage_taken":0,"max_hp_gain":0,"max_hp_loss":0,"event_name":"Living Wall","floor":3,"gold_loss":0,"cards_upgraded":["Neutralize"]},{"damage_healed":0,"gold_gain":150,"player_choice":"AGREE","damage_taken":0,"max_hp_gain":0,"max_hp_loss":0,"event_name":"Liars Game","floor":5,"gold_loss":0,"cards_obtained":["Doubt"]},{"damage_healed":0,"gold_gain":0,"player_choice":"Joined the Cult","damage_taken":6,"max_hp_gain":0,"max_hp_loss":0,"event_name":"Nest","floor":20,"gold_loss":0,"cards_obtained":["RitualDagger"]}],"is_beta":false,"boss_relics":[{"not_picked":["HoveringKite","Pandora\u0027s Box"],"picked":"Astrolabe"}],"items_purged_floors":[],"is_endless":false,"potions_floor_spawned":[6,13,16,19],"killed_by":"Slavers","ascension_level":20}