{"gold_per_floor":[117,132,55,67,77,77,77,77,77,77,88,88,101,126,126,126],"floor_reached":16,"playtime":440,"items_purged":[],"score":199,"play_id":"3755b6a2-794a-4599-b815-6d8a9f5dbff2","local_time":"20190527115716","is_ascension_mode":true,"campfire_choices":[{"data":"Inflame","floor":6.0,"key":"SMITH"},{"floor":8.0,"key":"REST"},{"data":"Bash","floor":12.0,"key":"SMITH"},{"floor":15.0,"key":"REST"}],"neow_cost":"NONE","seed_source_timestamp":160633605958602,"circlet_count":0,"master_deck":["AscendersBane","Strike_R+1","Strike_R","Strike_R","Strike_R","Strike_R","Defend_R","Defend_R","Defend_R","Defend_R","Bash+1","Pommel Strike+1","Inflame+1","Battle Trance"],"special_seed":0,"relics":["Burning Blood","Dodecahedron","Bird Faced Urn"],"potions_floor_usage":[],"damage_taken":[{"damage":1.0,"enemies":"Cultist","floor":1.0,"turns":3.0},{"damage":3.0,"enemies":"2 Louse","floor":2.0,"turns":3.0},{"damage":12.0,"enemies":"Jaw Worm","floor":4.0,"turns":2.0},{"damage":38.0,"enemies":"Exordium Thugs","floor":5.0,"turns":6.0},{"damage":19.0,"enemies":"Exordium Wildlife","floor":11.0,"turns":6.0},{"damage":7.0,"enemies":"2 Fungi Beasts","floor":13.0,"turns":4.0},{"damage":23.0,"enemies":"3 Sentries","floor":14.0,"turns":7.0},{"damage":45,"enemies":"Slime Boss","floor":16,"turns":6}],"seed_played":"3231416921671608021","potions_obtained":[{"floor":2.0,"key":"Swift Potion"},{"floor":11.0,"key":"PowerPotion"}],"is_trial":false,"path_per_floor":["M","M","$","M","M","R","?","R","T","$","M","R","M","E","R","B"],"character_chosen":"IRONCLAD","items_purchased":["Inflame"],"campfire_rested":2,"item_purchase_floors":[3],"current_hp_per_floor":[80,82,82,76,44,44,19,43,43,43,30,30,29,12,36,0],"gold":126,"neow_bonus":"TEN_PERCENT_HP_BONUS","is_prod":false,"is_daily":false,"chose_seed":false,"campfire_upgraded":2,"win_rate":0,"timestamp":1558979836,"path_taken":["M","M","?","M","?","R","?","R","T","?","?","R","M","E","R","BOSS"],"build_version":"2019-01-23","purchased_purges":0,"victory":false,"max_hp_per_floor":[82,82,82,82,82,82,82,82,82,82,82,82,82,82,82,82],"card_choices":[{"not_picked":["Clothesline","Burning Pact"],"picked":"Pommel Strike","floor":1.0},{"not_picked":["Bloodletting","Sentinel","Havoc"],"picked":"SKIP","floor":2.0},{"not_picked":["Clothesline","Rage","True Grit"],"picked":"SKIP","floor":4.0},{"not_picked":["Clothesline","Warcry","Heavy Blade"],"picked":"SKIP","floor":5.0},{"not_picked":["Infernal Blade","Iron Wave"],"picked":"Battle Trance","floor":11.0},{"not_picked":["Spot Weakness","Heavy Blade","Havoc"],"picked":"SKIP","floor":13.0},{"not_picked":["Searing Blow","True Grit","Entrench"],"picked":"SKIP","floor":14.0}],"player_experience":639219,"relics_obtained":[{"floor":9.0,"key":"Dodecahedron"},{"floor":14.0,"key":"Bird Faced Urn"}],"event_choices":[{"damage_healed":0.0,"max_hp_gain":0.0,"max_hp_loss":0.0,"gold_gain":0.0,"event_name":"Shining Light","player_choice":"Entered Light","floor":7.0,"gold_loss":0.0,"damage_taken":25.0,"cards_upgraded":["Strike_R","Pommel Strike"]}],"is_beta":false,"boss_relics":[],"items_purged_floors":[],"is_endless":false,"potions_floor_spawned":[2,11],"killed_by":"Slime Boss","ascension_level":19}