{"path_per_floor":["M","?","M","?","?","E","R","E","T","M","T","M","R","E","R","B",null,"M","$","?","M","?","E","M","E","T"],"character_chosen":"IRONCLAD","items_purchased":["Inflame","Matryoshka"],"gold_per_floor":[114,114,137,137,102,142,142,182,209,225,225,243,243,317,317,441,441,461,142,142,162,162,206,220,260,286,286],"floor_reached":27,"campfire_rested":1,"playtime":913,"item_purchase_floors":[19,19],"current_hp_per_floor":[74,54,43,43,63,29,29,44,44,48,48,51,51,39,63,18,80,80,80,56,55,55,56,37,22,22,0],"items_purged":[],"gold":286,"score":348,"play_id":"144e03aa-0204-43d9-a141-3e6a9a64ab13","local_time":"20180617150904","is_prod":false,"is_daily":false,"chose_seed":false,"is_ascension_mode":true,"campfire_upgraded":2,"win_rate":0,"timestamp":1529212144,"campfire_choices":[{"data":"Twin Strike","floor":7,"key":"SMITH"},{"data":"Shrug It Off","floor":13,"key":"SMITH"},{"floor":15,"key":"REST"}],"path_taken":["M","?","M","?","?","E","R","E","T","?","?","M","R","E","R","BOSS","M","$","?","M","?","E","M","E","T","M"],"build_version":"2018-06-14v2","seed_source_timestamp":11512405293421,"purchased_purges":0,"victory":false,"master_deck":["Defend_R","Defend_R","Defend_R","Defend_R","Bash","Flex+1","Carnage","Twin Strike+1","Iron Wave","Shrug It Off+1","Pommel Strike","Impervious","Shrug It Off","Heavy Blade","Pummel","Iron Wave","Heavy Blade+1","Inflame","Bite","Bite","Bite","Bite","Bite","Shrug It Off","Twin Strike+1"],"max_hp_per_floor":[80,80,80,80,80,80,80,80,80,80,80,80,80,80,80,80,80,80,80,56,56,56,56,56,56,56,56],"relics":["Burning Blood","Golden Idol","Pen Nib","Calipers","Boot","Dodecahedron","Tiny Chest","Orrery","Matryoshka","Gremlin Horn","Letter Opener","Omamori","Bronze Scales"],"card_choices":[{"not_picked":["Heavy Blade","Evolve"],"picked":"Flex","floor":0},{"not_picked":["Corruption","Hemokinesis"],"picked":"Carnage","floor":1},{"not_picked":["Body Slam","Carnage"],"picked":"Twin Strike","floor":3},{"not_picked":["Pummel","Entrench"],"picked":"Iron Wave","floor":6},{"not_picked":["Flame Barrier","Flex"],"picked":"Shrug It Off","floor":8},{"not_picked":["Perfected Strike","Battle Trance","Sword Boomerang"],"picked":"SKIP","floor":10},{"not_picked":["Body Slam","Immolate"],"picked":"Pommel Strike","floor":12},{"not_picked":["Combust","Clothesline","Entrench"],"picked":"SKIP","floor":14},{"not_picked":["Brutality","Juggernaut"],"picked":"Impervious","floor":16},{"not_picked":["Reckless Charge","Warcry"],"picked":"Shrug It Off","floor":17},{"not_picked":["Disarm","Flame Barrier"],"picked":"Heavy Blade","floor":17},{"not_picked":["Body Slam","Clash"],"picked":"Pummel","floor":17},{"not_picked":["Clash","Havoc"],"picked":"Iron Wave","floor":17},{"not_picked":["Anger","Bludgeon"],"picked":"Heavy Blade+1","floor":18},{"not_picked":["Body Slam","Battle Trance+1"],"picked":"Shrug It Off","floor":21},{"not_picked":["Searing Blow","Flame Barrier"],"picked":"Twin Strike+1","floor":23},{"not_picked":["Anger","Clash","Sword Boomerang+1"],"picked":"SKIP","floor":24},{"not_picked":["Blood for Blood","Power Through","Headbutt"],"picked":"SKIP","floor":25}],"player_experience":49648,"potions_floor_usage":[8,8,23,25,25,25],"damage_taken":[{"damage":12,"enemies":"Jaw Worm","floor":1,"turns":3},{"damage":17,"enemies":"Small Slimes","floor":3,"turns":4},{"damage":40,"enemies":"Lagavulin","floor":6,"turns":6},{"damage":6,"enemies":"3 Sentries","floor":8,"turns":6},{"damage":2,"enemies":"2 Louse","floor":10,"turns":2},{"damage":3,"enemies":"Blue Slaver","floor":12,"turns":3},{"damage":18,"enemies":"Gremlin Nob","floor":14,"turns":4},{"damage":51,"enemies":"The Guardian","floor":16,"turns":10},{"damage":6,"enemies":"Spheric Guardian","floor":18,"turns":3},{"damage":7,"enemies":"Chosen","floor":21,"turns":2},{"damage":0,"enemies":"Gremlin Leader","floor":23,"turns":5},{"damage":31,"enemies":"Centurion and Healer","floor":24,"turns":5},{"damage":39,"enemies":"Book of Stabbing","floor":25,"turns":5},{"damage":25,"enemies":"Snake Plant","floor":27,"turns":2}],"relics_obtained":[{"floor":6,"key":"Pen Nib"},{"floor":8,"key":"Calipers"},{"floor":9,"key":"Boot"},{"floor":11,"key":"Dodecahedron"},{"floor":14,"key":"Tiny Chest"},{"floor":23,"key":"Gremlin Horn"},{"floor":25,"key":"Letter Opener"},{"floor":26,"key":"Omamori"},{"floor":26,"key":"Bronze Scales"}],"event_choices":[{"event_name":"Golden Idol","player_choice":"Take Damage","floor":2,"damage_taken":0},{"event_name":"Upgrade Shrine","player_choice":"Upgraded","floor":4,"damage_taken":0},{"event_name":"The Cleric","player_choice":"Healed","floor":5,"damage_taken":0},{"event_name":"Vampires","player_choice":"Became a vampire","floor":20,"damage_taken":0},{"event_name":"The Lab","player_choice":"Got Potions","floor":22,"damage_taken":0}],"boss_relics":[{"not_picked":["Snecko Eye","Fusion Hammer"],"picked":"Orrery"}],"items_purged_floors":[],"is_endless":true,"potions_floor_spawned":[1,6,16,18,21,25],"seed_played":"5647178904928426830","killed_by":"Snake Plant","ascension_level":2,"potions_obtained":[{"floor":1,"key":"Explosive Potion"},{"floor":6,"key":"Regen Potion"},{"floor":16,"key":"FearPotion"},{"floor":18,"key":"SmokeBomb"},{"floor":21,"key":"EntropicBrew"},{"floor":22,"key":"SkillPotion"},{"floor":25,"key":"Explosive Potion"}],"is_trial":false}