{"gold_per_floor":[118,130,149,160,179,205,217,217,217,230,195,221,221,253,253,253],"floor_reached":16,"playtime":704,"items_purged":[],"score":124,"play_id":"df7e8257-9c7b-4f89-8c0b-624ca3f3a666","local_time":"20181108164043","is_ascension_mode":false,"campfire_choices":[{"data":"Double Tap","floor":8,"key":"SMITH"},{"floor":15,"key":"RECALL"}],"neow_cost":"NONE","seed_source_timestamp":10078653751908,"circlet_count":0,"master_deck":["Strike_R","Strike_R","Strike_R","Strike_R","Strike_R","Defend_R","Defend_R","Defend_R","Defend_R","Bash","Finesse","Clothesline","Armaments","Flex","Double Tap+1","Rage","Searing Blow","Twin Strike","Whirlwind"],"relics":["Burning Blood","Anchor","Darkstone Periapt","Juzu Bracelet"],"potions_floor_usage":[6,6,12],"damage_taken":[{"damage":1,"enemies":"Cultist","floor":1,"turns":3},{"damage":1,"enemies":"2 Louse","floor":2,"turns":3},{"damage":2,"enemies":"Small Slimes","floor":3,"turns":4},{"damage":4,"enemies":"Looter","floor":4,"turns":4},{"damage":13,"enemies":"2 Fungi Beasts","floor":5,"turns":5},{"damage":44,"enemies":"Lagavulin","floor":6,"turns":7},{"damage":2,"enemies":"Large Slime","floor":7,"turns":6},{"damage":1,"enemies":"Blue Slaver","floor":10,"turns":3},{"damage":13,"enemies":"3 Sentries","floor":12,"turns":6},{"damage":36,"enemies":"Gremlin Nob","floor":14,"turns":5},{"damage":51,"enemies":"The Guardian","floor":16,"turns":12}],"seed_played":"-5878193253900344455","potions_obtained":[{"floor":1,"key":"LiquidBronze"},{"floor":3,"key":"Dexterity Potion"},{"floor":5,"key":"LiquidBronze"},{"floor":6,"key":"AttackPotion"},{"floor":14,"key":"Strength Potion"}],"is_trial":false,"path_per_floor":["M","M","M","M","M","E","M","R","T","M","?","E","?","E","R","B"],"character_chosen":"IRONCLAD","items_purchased":[],"campfire_rested":0,"item_purchase_floors":[],"current_hp_per_floor":[80,80,80,80,73,35,39,39,39,44,64,57,80,50,50,0],"gold":253,"neow_bonus":"RANDOM_COLORLESS","is_prod":false,"is_daily":false,"chose_seed":false,"campfire_upgraded":1,"win_rate":0,"timestamp":1541655643,"path_taken":["M","M","M","M","M","E","M","R","T","?","?","E","?","E","R","BOSS"],"build_version":"2018-11-06","purchased_purges":0,"victory":false,"max_hp_per_floor":[80,80,80,80,80,80,80,80,80,80,80,80,80,80,80,80],"card_choices":[{"not_picked":["Rupture","Intimidate"],"picked":"Clothesline","floor":1},{"not_picked":["Heavy Blade","Infernal Blade"],"picked":"Armaments","floor":2},{"not_picked":["Wild Strike","Heavy Blade"],"picked":"Flex","floor":3},{"not_picked":["Pummel","Disarm"],"picked":"Double Tap","floor":4},{"not_picked":["Headbutt","Havoc"],"picked":"Rage","floor":5},{"not_picked":["Shockwave","Sword Boomerang"],"picked":"Searing Blow","floor":6},{"not_picked":["Flame Barrier","Hemokinesis"],"picked":"Twin Strike","floor":7},{"not_picked":["Body Slam","Sword Boomerang","Evolve"],"picked":"SKIP","floor":10},{"not_picked":["Pummel","Corruption","Body Slam"],"picked":"SKIP","floor":12},{"not_picked":["Immolate","Sentinel"],"picked":"Whirlwind","floor":14}],"player_experience":199524,"relics_obtained":[{"floor":6,"key":"Anchor"},{"floor":12,"key":"Darkstone Periapt"},{"floor":14,"key":"Juzu Bracelet"}],"event_choices":[{"damage_healed":20,"gold_gain":0,"player_choice":"Healed","damage_taken":0,"max_hp_gain":0,"max_hp_loss":0,"event_name":"The Cleric","floor":11,"gold_loss":35},{"damage_healed":26,"gold_gain":0,"player_choice":"Banana","damage_taken":0,"max_hp_gain":0,"max_hp_loss":0,"event_name":"Big Fish","floor":13,"gold_loss":0}],"is_beta":true,"boss_relics":[],"items_purged_floors":[],"is_endless":false,"potions_floor_spawned":[1,3,5,6,14],"killed_by":"The Guardian","ascension_level":0}