{"gold_per_floor":[111,126,140,157,173,206,206,234,234,234],"floor_reached":10,"playtime":320,"items_purged":[],"score":140,"play_id":"b6524296-57bf-4379-a317-a70925d28608","local_time":"20190524132817","is_ascension_mode":true,"campfire_choices":[{"data":"Whirlwind","floor":7,"key":"SMITH"}],"neow_cost":"NONE","seed_source_timestamp":272087690053424,"circlet_count":0,"master_deck":["AscendersBane","Strike_R","Strike_R","Strike_R","Strike_R","Strike_R","Defend_R","Defend_R","Defend_R","Defend_R","Bash","Flame Barrier","Uppercut","Whirlwind+1","Shrug It Off","Limit Break"],"relics":["Burning Blood","NeowsBlessing","Darkstone Periapt","Meat on the Bone","Paper Frog"],"potions_floor_usage":[6,10],"damage_taken":[{"damage":0,"enemies":"Small Slimes","floor":1,"turns":1},{"damage":0,"enemies":"Cultist","floor":2,"turns":1},{"damage":0,"enemies":"2 Louse","floor":3,"turns":1},{"damage":4,"enemies":"Exordium Wildlife","floor":4,"turns":4},{"damage":8,"enemies":"Blue Slaver","floor":5,"turns":5},{"damage":20,"enemies":"3 Sentries","floor":6,"turns":8},{"damage":42,"enemies":"Gremlin Nob","floor":8,"turns":5},{"damage":38,"enemies":"Lagavulin","floor":10,"turns":6}],"seed_played":"8964389339178417996","potions_obtained":[{"floor":3,"key":"AttackPotion"},{"floor":6,"key":"Explosive Potion"},{"floor":8,"key":"Block Potion"}],"is_trial":false,"path_per_floor":["M","M","M","M","M","E","R","E","T","E"],"character_chosen":"IRONCLAD","items_purchased":[],"campfire_rested":0,"item_purchase_floors":[],"current_hp_per_floor":[74,75,75,75,73,59,59,23,23,0],"gold":234,"neow_bonus":"THREE_ENEMY_KILL","is_prod":false,"is_daily":false,"chose_seed":false,"campfire_upgraded":1,"win_rate":0,"timestamp":1558726097,"path_taken":["M","M","M","M","M","E","R","E","T","E"],"build_version":"2019-01-23","purchased_purges":0,"victory":false,"max_hp_per_floor":[75,75,75,75,75,75,75,75,75,75],"card_choices":[{"not_picked":["Pommel Strike","Anger"],"picked":"Flame Barrier","floor":1},{"not_picked":["Warcry","Sever Soul","Armaments"],"picked":"SKIP","floor":2},{"not_picked":["Wild Strike","Clash"],"picked":"Uppercut","floor":3},{"not_picked":["Headbutt","Iron Wave"],"picked":"Whirlwind","floor":4},{"not_picked":["Havoc","Flex"],"picked":"Shrug It Off","floor":5},{"not_picked":["Feel No Pain","Anger"],"picked":"Limit Break","floor":6},{"not_picked":["Wild Strike","Juggernaut","Clothesline"],"picked":"SKIP","floor":8}],"player_experience":580106,"relics_obtained":[{"floor":6,"key":"Darkstone Periapt"},{"floor":8,"key":"Meat on the Bone"},{"floor":9,"key":"Paper Frog"}],"event_choices":[],"is_beta":false,"boss_relics":[],"items_purged_floors":[],"is_endless":false,"potions_floor_spawned":[3,6,8],"killed_by":"Lagavulin","ascension_level":15}