{"gold_per_floor":[109,284,304,269,269,269,269,300,326,326],"floor_reached":10,"playtime":308,"items_purged":[],"score":106,"play_id":"78827b43-de22-42fc-b3d6-72a9e53aaf17","local_time":"20190517002042","is_ascension_mode":true,"campfire_choices":[{"data":"Body Slam","floor":6,"key":"SMITH"}],"neow_cost":"PERCENT_DAMAGE","seed_source_timestamp":1215242223169991,"circlet_count":0,"master_deck":["AscendersBane","Strike_R+1","Strike_R","Strike_R","Strike_R","Defend_R","Defend_R","Defend_R","Bash+1","Spot Weakness+1","Body Slam+1","Doubt"],"relics":["Burning Blood","Kunai","Pen Nib"],"potions_floor_usage":[10,10],"damage_taken":[{"damage":14,"enemies":"2 Louse","floor":1,"turns":3},{"damage":4,"enemies":"Small Slimes","floor":3,"turns":4},{"damage":45,"enemies":"3 Sentries","floor":8,"turns":8},{"damage":29,"enemies":"Gremlin Nob","floor":10,"turns":3}],"seed_played":"-615083595282240169","potions_obtained":[{"floor":1,"key":"Ancient Potion"},{"floor":8,"key":"BloodPotion"}],"is_trial":false,"path_per_floor":["M","?","M","?","?","R","?","E","T","E"],"character_chosen":"IRONCLAD","items_purchased":[],"campfire_rested":0,"item_purchase_floors":[],"current_hp_per_floor":[43,43,45,65,65,65,49,10,10,0],"gold":326,"neow_bonus":"TRANSFORM_TWO_CARDS","is_prod":false,"is_daily":false,"chose_seed":false,"campfire_upgraded":1,"win_rate":0,"timestamp":1558074042,"path_taken":["M","?","M","?","?","R","?","E","T","E"],"build_version":"2019-01-23","purchased_purges":0,"victory":false,"max_hp_per_floor":[80,80,80,80,80,80,80,80,80,80],"card_choices":[{"not_picked":["Spot Weakness","Thunderclap","Headbutt"],"picked":"SKIP","floor":1},{"not_picked":["Evolve","Clothesline","Feel No Pain"],"picked":"SKIP","floor":3},{"not_picked":["Havoc","Reckless Charge","Clothesline"],"picked":"SKIP","floor":8}],"player_experience":556988,"relics_obtained":[{"floor":8,"key":"Kunai"},{"floor":9,"key":"Pen Nib"}],"event_choices":[{"damage_healed":0,"gold_gain":175,"player_choice":"AGREE","damage_taken":0,"max_hp_gain":0,"max_hp_loss":0,"event_name":"Liars Game","floor":2,"gold_loss":0,"cards_obtained":["Doubt"]},{"damage_healed":20,"gold_gain":0,"player_choice":"Healed","damage_taken":0,"max_hp_gain":0,"max_hp_loss":0,"event_name":"The Cleric","floor":4,"gold_loss":35},{"damage_healed":0,"gold_gain":0,"player_choice":"Grow","damage_taken":0,"max_hp_gain":0,"max_hp_loss":0,"event_name":"Living Wall","floor":5,"gold_loss":0,"cards_upgraded":["Spot Weakness"]},{"damage_healed":0,"gold_gain":0,"player_choice":"Entered Light","damage_taken":16,"max_hp_gain":0,"max_hp_loss":0,"event_name":"Shining Light","floor":7,"gold_loss":0,"cards_upgraded":["Bash","Strike_R"]}],"is_beta":false,"boss_relics":[],"items_purged_floors":[],"is_endless":false,"potions_floor_spawned":[1,8],"killed_by":"Gremlin Nob","ascension_level":13}