{"gold_per_floor":[115,166,166,316,333,333,333,72,72,97,115,115,135,192,192,264,264,278,278,297,311,327,327,340,340,340,171,184,209,227,240,240,240],"floor_reached":33,"playtime":1350,"items_purged":["Doubt"],"score":550,"play_id":"5bd58424-512e-4136-a716-aefbee296e6b","local_time":"20190525150729","is_ascension_mode":true,"campfire_choices":[{"data":"Defend_R","floor":6.0,"key":"SMITH"},{"data":"Cleave","floor":12.0,"key":"SMITH"},{"data":"Defend_R","floor":15.0,"key":"SMITH"},{"data":"Impervious","floor":23.0,"key":"SMITH"},{"data":"Flame Barrier","floor":25.0,"key":"SMITH"},{"floor":32.0,"key":"REST"}],"neow_cost":"NONE","seed_source_timestamp":49004096025003,"circlet_count":0,"master_deck":["AscendersBane","Defend_R+1","Defend_R+1","Defend_R+1","Defend_R+1","Bash+1","Iron Wave+1","Cleave+1","Clash+1","Impervious+1","Hemokinesis+1","Metallicize+1","Sword Boomerang+1","Shrug It Off+1","Bite+1","Bite+1","Bite+1","Bite+1","Bite+1","Flame Barrier+1"],"special_seed":0,"relics":["Burning Blood","War Paint","Bag of Preparation","Molten Egg 2","Mercury Hourglass","Ginger","Astrolabe","Self Forming Clay","Potion Belt","Pocketwatch"],"potions_floor_usage":[],"damage_taken":[{"damage":1.0,"enemies":"Cultist","floor":1.0,"turns":3.0},{"damage":1.0,"enemies":"2 Louse","floor":5.0,"turns":3.0},{"damage":18.0,"enemies":"Gremlin Nob","floor":10.0,"turns":4.0},{"damage":0.0,"enemies":"Small Slimes","floor":11.0,"turns":2.0},{"damage":7.0,"enemies":"Looter","floor":13.0,"turns":3.0},{"damage":30.0,"enemies":"Lagavulin Event","floor":14.0,"turns":4.0},{"damage":32.0,"enemies":"The Guardian","floor":16.0,"turns":10.0},{"damage":6.0,"enemies":"Chosen","floor":18.0,"turns":7.0},{"damage":26.0,"enemies":"2 Thieves","floor":20.0,"turns":4.0},{"damage":21.0,"enemies":"Snake Plant","floor":21.0,"turns":4.0},{"damage":9.0,"enemies":"Shelled Parasite and Fungi","floor":22.0,"turns":9.0},{"damage":26.0,"enemies":"3 Cultists","floor":24.0,"turns":6.0},{"damage":12.0,"enemies":"Snecko","floor":28.0,"turns":7.0},{"damage":33.0,"enemies":"Book of Stabbing","floor":29.0,"turns":6.0},{"damage":10.0,"enemies":"Snake Plant","floor":30.0,"turns":4.0},{"damage":4.0,"enemies":"Shelled Parasite and Fungi","floor":31.0,"turns":15.0},{"damage":101,"enemies":"Collector","floor":33,"turns":12}],"seed_played":"7016236053003682135","potions_obtained":[{"floor":10.0,"key":"Weak Potion"},{"floor":11.0,"key":"SpeedPotion"},{"floor":13.0,"key":"Regen Potion"},{"floor":16.0,"key":"Weak Potion"},{"floor":21.0,"key":"SkillPotion"},{"floor":24.0,"key":"SpeedPotion"}],"is_trial":false,"path_per_floor":["M","T","?","?","M","R","?","$","T","E","M","R","M","?","R","B",null,"M","?","M","M","M","R","M","R","T","$","M","E","M","M","R","B"],"character_chosen":"IRONCLAD","items_purchased":["Cleave","Bag of Preparation","Potion Belt"],"campfire_rested":1,"item_purchase_floors":[8,8,27],"current_hp_per_floor":[73,73,73,73,75,75,80,80,80,68,74,74,73,49,49,23,66,66,56,45,39,56,56,47,47,47,47,56,32,37,56,56,0],"gold":240,"neow_bonus":"UPGRADE_CARD","is_prod":false,"is_daily":false,"chose_seed":false,"campfire_upgraded":5,"win_rate":0,"timestamp":1558818449,"path_taken":["M","?","?","?","M","R","?","$","T","E","M","R","?","?","R","BOSS","M","?","M","M","M","R","M","R","T","$","M","E","M","M","R","BOSS"],"build_version":"2019-01-23","purchased_purges":1,"victory":false,"max_hp_per_floor":[75,75,75,75,75,75,80,80,80,80,80,80,80,80,80,80,80,80,56,56,56,56,56,56,56,56,56,56,56,56,56,56,56],"card_choices":[{"not_picked":["Clothesline","Ghostly Armor"],"picked":"Iron Wave","floor":1.0},{"not_picked":["Metallicize","Infernal Blade","Flex"],"picked":"SKIP","floor":5.0},{"not_picked":["Clash+1","Rampage+1","True Grit"],"picked":"SKIP","floor":10.0},{"not_picked":["Carnage+1","Wild Strike+1","Thunderclap+1"],"picked":"SKIP","floor":11.0},{"not_picked":["Thunderclap+1","Wild Strike+1"],"picked":"Clash+1","floor":13.0},{"not_picked":["Metallicize","Shockwave"],"picked":"Impervious","floor":14.0},{"not_picked":["Flex+1","Anger+1"],"picked":"Shrug It Off+1","floor":18.0},{"not_picked":["Clash+1","Offering","True Grit"],"picked":"SKIP","floor":20.0},{"not_picked":["Clash+1","Twin Strike+1","Reckless Charge+1"],"picked":"SKIP","floor":21.0},{"not_picked":["Whirlwind+1","Blood for Blood+1","Intimidate"],"picked":"SKIP","floor":22.0},{"not_picked":["Armaments","Fire Breathing"],"picked":"Flame Barrier","floor":24.0},{"not_picked":["Intimidate","Hemokinesis+1","Flex"],"picked":"SKIP","floor":28.0},{"not_picked":["Seeing Red","Thunderclap+1","Fire Breathing"],"picked":"SKIP","floor":29.0},{"not_picked":["Clash+1","Bloodletting","Body Slam+1"],"picked":"SKIP","floor":30.0},{"not_picked":["Pummel+1","Intimidate","Shrug It Off"],"picked":"SKIP","floor":31.0}],"player_experience":609498,"relics_obtained":[{"floor":2.0,"key":"War Paint"},{"floor":9.0,"key":"Molten Egg 2"},{"floor":10.0,"key":"Mercury Hourglass"},{"floor":26.0,"key":"Self Forming Clay"},{"floor":29.0,"key":"Pocketwatch"}],"event_choices":[{"damage_healed":0.0,"max_hp_gain":0.0,"max_hp_loss":0.0,"gold_gain":0.0,"event_name":"Living Wall","player_choice":"Grow","floor":3.0,"gold_loss":0.0,"damage_taken":0.0,"cards_upgraded":["Iron Wave"]},{"damage_healed":0.0,"max_hp_gain":0.0,"max_hp_loss":0.0,"gold_gain":150.0,"event_name":"Liars Game","player_choice":"AGREE","floor":4.0,"gold_loss":0.0,"damage_taken":0.0,"cards_obtained":["Doubt"]},{"damage_healed":0.0,"max_hp_gain":5.0,"max_hp_loss":0.0,"gold_gain":0.0,"event_name":"Big Fish","player_choice":"Donut","floor":7.0,"gold_loss":0.0,"damage_taken":0.0},{"damage_healed":0.0,"max_hp_gain":0.0,"max_hp_loss":0.0,"gold_gain":30.0,"event_name":"Dead Adventurer","player_choice":"Searched \u00273\u0027 times","floor":14.0,"gold_loss":0.0,"damage_taken":0.0,"relics_obtained":["Ginger"]},{"damage_healed":0.0,"max_hp_gain":0.0,"max_hp_loss":24.0,"gold_gain":0.0,"event_name":"Vampires","player_choice":"Became a vampire","floor":19.0,"gold_loss":0.0,"damage_taken":0.0,"cards_obtained":["Bite","Bite","Bite","Bite","Bite"]}],"is_beta":false,"boss_relics":[{"not_picked":["Pandora\u0027s Box","Tiny House"],"picked":"Astrolabe"}],"items_purged_floors":[8],"is_endless":false,"potions_floor_spawned":[10,11,13,16,18,21,24],"killed_by":"Collector","ascension_level":19}