{"gold_per_floor":[115,128,53,128,128,163,163,189,189,46,46,72,72,92,92,169,169,186,264,289,300,312,341,341,341],"floor_reached":25,"playtime":1410,"items_purged":[],"score":438,"play_id":"3d179336-89cd-4bfb-b6cc-f90285a2ed33","local_time":"20190609075614","is_ascension_mode":true,"campfire_choices":[{"floor":7.0,"key":"REST"},{"floor":13.0,"key":"REST"},{"data":"Defragment","floor":15,"key":"SMITH"},{"floor":24,"key":"REST"}],"neow_cost":"NONE","seed_source_timestamp":664570652594500,"circlet_count":0,"master_deck":["AscendersBane","Strike_B+1","Strike_B","Strike_B","Defend_B","Defend_B","Defend_B","Zap","Dualcast","Hologram","Doom and Gloom+1","Defragment+1","Defragment+1","Defragment","Steam","Biased Cognition","Hologram","Redo","Steam+1","Electrodynamics"],"special_seed":0,"relics":["Cracked Core","Juzu Bracelet","Mummified Hand","Whetstone","Darkstone Periapt","Tiny Chest","Bag of Marbles","Fusion Hammer","Letter Opener","Smiling Mask","PreservedInsect"],"potions_floor_usage":[23,23],"damage_taken":[{"damage":0.0,"enemies":"2 Louse","floor":1.0,"turns":3.0},{"damage":7.0,"enemies":"Small Slimes","floor":2.0,"turns":3.0},{"damage":32.0,"enemies":"Gremlin Nob","floor":6.0,"turns":4.0},{"damage":25.0,"enemies":"Lagavulin","floor":8.0,"turns":5.0},{"damage":8.0,"enemies":"Gremlin Nob","floor":12.0,"turns":3.0},{"damage":0,"enemies":"Cultist","floor":14,"turns":2},{"damage":20,"enemies":"The Guardian","floor":16,"turns":7},{"damage":14,"enemies":"Chosen","floor":18,"turns":4},{"damage":0,"enemies":"Spheric Guardian","floor":21,"turns":2},{"damage":29,"enemies":"Centurion and Healer","floor":22,"turns":4},{"damage":8,"enemies":"Gremlin Leader","floor":23,"turns":5},{"damage":31,"enemies":"Book of Stabbing","floor":25,"turns":2}],"seed_played":"-9058582507407297036","potions_obtained":[{"floor":1.0,"key":"Regen Potion"},{"floor":2.0,"key":"Explosive Potion"},{"floor":16,"key":"Strength Potion"},{"floor":22,"key":"Swift Potion"}],"is_trial":false,"path_per_floor":["M","M","?","?","?","E","R","E","T","$","?","E","R","M","R","B",null,"M","T","T","M","M","E","R","E"],"character_chosen":"DEFECT","items_purchased":["Tiny Chest"],"campfire_rested":3,"item_purchase_floors":[10],"current_hp_per_floor":[64,57,57,46,46,14,35,22,22,22,22,14,35,35,35,15,57,43,43,43,43,14,6,27,0],"gold":341,"neow_bonus":"RANDOM_COMMON_RELIC","is_prod":false,"is_daily":false,"chose_seed":false,"campfire_upgraded":1,"win_rate":0,"timestamp":1560088574,"path_taken":["M","M","?","?","?","E","R","E","T","$","?","E","R","M","R","BOSS","M","?","?","M","M","E","R","E"],"build_version":"2019-01-23","purchased_purges":0,"victory":false,"max_hp_per_floor":[71,71,71,71,71,71,71,71,71,71,71,71,71,71,71,71,71,71,71,71,71,71,71,71,71],"card_choices":[{"not_picked":["Lockon","Steam"],"picked":"Hologram","floor":1.0},{"not_picked":["Cold Snap","Aggregate"],"picked":"Doom and Gloom","floor":2.0},{"not_picked":["Cold Snap","Blizzard"],"picked":"Defragment","floor":6.0},{"not_picked":["Creative AI","Capacitor"],"picked":"Defragment","floor":8.0},{"not_picked":["Gash","Fusion"],"picked":"Defragment","floor":12.0},{"not_picked":["Consume","Sweeping Beam"],"picked":"Steam","floor":14},{"not_picked":["Thunder Strike","Rainbow"],"picked":"Biased Cognition","floor":16},{"not_picked":["Beam Cell+1","Turbo"],"picked":"Hologram","floor":18},{"not_picked":["Storm","Gash"],"picked":"Redo","floor":21},{"not_picked":["Stack+1","Gash"],"picked":"Steam+1","floor":22},{"not_picked":["Streamline","Steam"],"picked":"Electrodynamics","floor":23}],"player_experience":861138,"relics_obtained":[{"floor":6.0,"key":"Mummified Hand"},{"floor":8.0,"key":"Whetstone"},{"floor":9.0,"key":"Darkstone Periapt"},{"floor":12.0,"key":"Bag of Marbles"},{"floor":19,"key":"Letter Opener"},{"floor":20,"key":"Smiling Mask"},{"floor":23,"key":"PreservedInsect"}],"event_choices":[{"cards_removed":["Strike_B"],"damage_healed":0.0,"max_hp_gain":0.0,"max_hp_loss":0.0,"gold_gain":0.0,"event_name":"The Cleric","player_choice":"Card Removal","floor":3.0,"gold_loss":75.0,"damage_taken":0.0},{"damage_healed":0.0,"max_hp_gain":0.0,"max_hp_loss":0.0,"gold_gain":75.0,"event_name":"World of Goop","player_choice":"Gather Gold","floor":4.0,"gold_loss":0.0,"damage_taken":11.0},{"cards_removed":["Defend_B"],"damage_healed":0.0,"max_hp_gain":0.0,"max_hp_loss":0.0,"gold_gain":0.0,"event_name":"Purifier","player_choice":"Purged","floor":5.0,"gold_loss":0.0,"damage_taken":0.0},{"damage_healed":0.0,"max_hp_gain":0.0,"max_hp_loss":0.0,"gold_gain":0.0,"event_name":"Upgrade Shrine","player_choice":"Upgraded","floor":11.0,"gold_loss":0.0,"damage_taken":0.0,"cards_upgraded":["Defragment"]}],"is_beta":false,"boss_relics":[{"not_picked":["FrozenCore","Tiny House"],"picked":"Fusion Hammer"}],"items_purged_floors":[],"is_endless":false,"potions_floor_spawned":[1,2,6,16,22],"killed_by":"Book of Stabbing","ascension_level":17}