{"gold_per_floor":[118,118,118,118,133,133,161,161,161,10,24,24,59,85,85,184,184,201,111,36,135,35,35,63,63,63,63,63,63],"floor_reached":29,"playtime":1506,"items_purged":["Strike_B","Strike_B"],"score":415,"play_id":"76497d6b-59aa-4b63-9415-509aee33470b","local_time":"20190412000814","is_ascension_mode":true,"campfire_choices":[{"data":"Beam Cell","floor":6,"key":"SMITH"},{"data":"Steam","floor":8,"key":"SMITH"},{"data":"Zap","floor":12,"key":"SMITH"},{"data":"Undo","floor":15,"key":"SMITH"},{"data":"Creative AI","floor":23,"key":"SMITH"}],"neow_cost":"NONE","seed_source_timestamp":82537770466000,"circlet_count":0,"master_deck":["AscendersBane","Defend_B","Defend_B","Defend_B","Defend_B+1","Zap+1","Dualcast","Gash","Beam Cell+1","Steam+1","All For One","Gash","Undo+1","Creative AI+1","Buffer"],"relics":["Coffee Dripper","Singing Bowl","Letter Opener","Bottled Flame","Pen Nib","Juzu Bracelet","Black Star","Happy Flower","Blood Vial","Enchiridion"],"potions_floor_usage":[7,13,16],"damage_taken":[{"damage":0,"enemies":"2 Louse","floor":1,"turns":2},{"damage":8,"enemies":"Jaw Worm","floor":5,"turns":4},{"damage":8,"enemies":"Lagavulin","floor":7,"turns":7},{"damage":0,"enemies":"Cultist","floor":11,"turns":2},{"damage":0,"enemies":"3 Sentries","floor":13,"turns":4},{"damage":28,"enemies":"Slime Boss","floor":16,"turns":10},{"damage":6,"enemies":"Shell Parasite","floor":18,"turns":5},{"damage":27,"enemies":"Book of Stabbing","floor":24,"turns":6},{"damage":1,"enemies":"Colosseum Slavers","floor":28,"turns":4},{"damage":20,"enemies":"Gremlin Leader","floor":29,"turns":4}],"seed_played":"5811595547830305899","potions_obtained":[{"floor":5,"key":"Block Potion"},{"floor":11,"key":"AttackPotion"},{"floor":13,"key":"FocusPotion"}],"is_trial":false,"path_per_floor":["M","?","?","?","M","R","E","R","T","$","M","R","E","T","R","B",null,"M","?","$","?","$","R","E","?","T","?","?","E"],"character_chosen":"DEFECT","items_purchased":["All For One"],"campfire_rested":0,"item_purchase_floors":[10],"current_hp_per_floor":[68,61,54,54,46,46,38,38,38,38,38,38,38,38,38,10,59,55,55,55,55,55,55,28,12,12,12,13,0],"gold":63,"neow_bonus":"BOSS_RELIC","is_prod":false,"is_daily":false,"chose_seed":false,"campfire_upgraded":5,"win_rate":0,"timestamp":1555049294,"path_taken":["M","?","?","?","M","R","E","R","T","$","M","R","E","?","R","BOSS","M","?","$","?","$","R","E","?","T","?","?","E"],"build_version":"2019-01-23","purchased_purges":2,"victory":false,"max_hp_per_floor":[75,75,75,75,75,75,75,75,75,75,75,75,75,75,75,75,75,77,77,77,77,77,77,77,77,77,77,77,77],"card_choices":[{"not_picked":["Reprogram","Go for the Eyes"],"picked":"Gash","floor":1},{"not_picked":["Doom and Gloom","Sweeping Beam"],"picked":"Beam Cell","floor":5},{"not_picked":["Sweeping Beam","Compile Driver"],"picked":"Steam","floor":7},{"not_picked":["Turbo","Go for the Eyes"],"picked":"Gash","floor":11},{"not_picked":["Hyperbeam","Consume"],"picked":"Undo","floor":13},{"not_picked":["Electrodynamics","Rainbow"],"picked":"Creative AI","floor":16},{"not_picked":["Sunder","Static Discharge","Sweeping Beam"],"picked":"Singing Bowl","floor":18},{"not_picked":["Leap+1","Undo"],"picked":"Buffer","floor":24}],"player_experience":584413,"relics_obtained":[{"floor":7,"key":"Letter Opener"},{"floor":9,"key":"Bottled Flame"},{"floor":13,"key":"Pen Nib"},{"floor":14,"key":"Juzu Bracelet"},{"floor":24,"key":"Happy Flower"},{"floor":24,"key":"Blood Vial"},{"floor":25,"key":"Enchiridion"}],"event_choices":[{"damage_healed":0,"gold_gain":0,"player_choice":"Success","damage_taken":7,"relics_obtained":["Singing Bowl"],"max_hp_gain":0,"max_hp_loss":0,"event_name":"Scrap Ooze","floor":2,"gold_loss":0},{"cards_removed":["Strike_B"],"damage_healed":0,"gold_gain":0,"player_choice":"Card Removal","damage_taken":7,"max_hp_gain":0,"max_hp_loss":0,"event_name":"Golden Wing","floor":3,"gold_loss":0},{"damage_healed":0,"gold_gain":0,"player_choice":"Ignored","damage_taken":0,"max_hp_gain":0,"max_hp_loss":0,"event_name":"Liars Game","floor":4,"gold_loss":0},{"cards_removed":["Strike_B"],"damage_healed":0,"gold_gain":0,"player_choice":"Upgrade and Remove","damage_taken":0,"max_hp_gain":0,"max_hp_loss":0,"event_name":"Designer","floor":19,"gold_loss":90,"cards_upgraded":["Defend_B"]},{"damage_healed":0,"gold_gain":99,"player_choice":"Stole From Cult","damage_taken":0,"max_hp_gain":0,"max_hp_loss":0,"event_name":"Nest","floor":21,"gold_loss":0},{"damage_healed":0,"gold_gain":0,"player_choice":"Obtained Book","damage_taken":16,"max_hp_gain":0,"max_hp_loss":0,"event_name":"Cursed Tome","floor":25,"gold_loss":0},{"damage_healed":0,"gold_gain":0,"player_choice":"Ignored","damage_taken":0,"max_hp_gain":0,"max_hp_loss":0,"event_name":"Vampires","floor":27,"gold_loss":0},{"damage_healed":0,"gold_gain":0,"player_choice":"Fight","damage_taken":0,"max_hp_gain":0,"max_hp_loss":0,"event_name":"Colosseum","floor":28,"gold_loss":0},{"damage_healed":0,"gold_gain":0,"player_choice":"Fled From Nobs","damage_taken":0,"max_hp_gain":0,"max_hp_loss":0,"event_name":"Colosseum","floor":28,"gold_loss":0}],"is_beta":false,"boss_relics":[{"not_picked":["Calling Bell","White Beast Statue"],"picked":"Black Star"}],"items_purged_floors":[20,22],"is_endless":false,"potions_floor_spawned":[5,11,13,28],"killed_by":"Gremlin Leader","ascension_level":11}