{"gold_per_floor":[114,126,126,14,32,63,75,100,126,56,68,127,127,139,139,244,244,257,257,257,60,159,159,174,174,174,190,208,220,220],"floor_reached":30,"playtime":1606,"items_purged":["Strike_R"],"score":351,"play_id":"09057c24-6c9f-4857-9c1f-2aab2047ca18","local_time":"20190606230225","is_ascension_mode":true,"campfire_choices":[{"data":"Havoc","floor":13,"key":"SMITH"},{"floor":15,"key":"REST"},{"data":"Armaments","floor":23,"key":"SMITH"},{"data":"Combust","floor":25,"key":"SMITH"}],"neow_cost":"NONE","seed_source_timestamp":4928126423027156,"circlet_count":0,"master_deck":["Strike_R","Strike_R","Strike_R","Defend_R","Defend_R","Defend_R","Defend_R","Bash","Cleave","Flex","Inflame","Havoc+1","Rupture","Ghostly Armor","Pommel Strike","Battle Trance","Shrug It Off","Sword Boomerang","Rampage","Fire Breathing","Reaper","Ghostly Armor","Combust+1","Armaments+1","Evolve","Rupture","Battle Trance","Ghostly Armor"],"relics":["Burning Blood","NeowsBlessing","Pen Nib","Dream Catcher","Red Skull","Sozu","Art of War","Omamori","Pear"],"potions_floor_usage":[6,8,11,16],"damage_taken":[{"damage":0,"enemies":"Cultist","floor":1,"turns":1},{"damage":0,"enemies":"Small Slimes","floor":2,"turns":1},{"damage":0,"enemies":"Jaw Worm","floor":5,"turns":1},{"damage":39,"enemies":"3 Sentries","floor":6,"turns":6},{"damage":10,"enemies":"Large Slime","floor":7,"turns":7},{"damage":24,"enemies":"Lagavulin","floor":8,"turns":6},{"damage":7,"enemies":"Exordium Wildlife","floor":11,"turns":4},{"damage":12,"enemies":"3 Sentries","floor":12,"turns":6},{"damage":0,"enemies":"Blue Slaver","floor":14,"turns":2},{"damage":30,"enemies":"Hexaghost","floor":16,"turns":11},{"damage":26,"enemies":"3 Byrds","floor":18,"turns":4},{"damage":14,"enemies":"Spheric Guardian","floor":24,"turns":4},{"damage":21,"enemies":"Snecko","floor":27,"turns":5},{"damage":21,"enemies":"Centurion and Healer","floor":28,"turns":5},{"damage":33,"enemies":"Snake Plant","floor":29,"turns":3},{"damage":35,"enemies":"Book of Stabbing","floor":30,"turns":4}],"seed_played":"-4464859215856696163","potions_obtained":[{"floor":1,"key":"PowerPotion"},{"floor":2,"key":"Dexterity Potion"},{"floor":5,"key":"PowerPotion"},{"floor":8,"key":"Fire Potion"}],"is_trial":false,"path_per_floor":["M","M","?","$","M","E","M","E","T","$","M","?","R","M","R","B",null,"M","?","?","$","?","R","M","R","T","M","M","M","E"],"character_chosen":"IRONCLAD","items_purchased":["Inflame","Battle Trance","Omamori","Armaments"],"campfire_rested":1,"item_purchase_floors":[4,10,21,21],"current_hp_per_floor":[78,80,80,80,80,47,43,25,25,25,24,18,18,24,48,24,66,58,58,58,58,58,58,50,50,60,52,47,20,0],"gold":220,"neow_bonus":"THREE_ENEMY_KILL","is_prod":false,"is_daily":false,"chose_seed":false,"campfire_upgraded":3,"win_rate":0,"timestamp":1559876545,"path_taken":["M","M","?","$","?","E","M","E","T","$","M","?","R","M","R","BOSS","M","?","?","$","?","R","M","R","T","M","M","?","E"],"build_version":"2019-01-23","purchased_purges":1,"victory":false,"max_hp_per_floor":[80,80,80,80,80,80,80,80,80,80,80,80,80,80,80,80,80,80,80,80,80,80,80,80,80,90,90,90,90,90],"card_choices":[{"not_picked":["Reckless Charge","Clothesline"],"picked":"Cleave","floor":1},{"not_picked":["Power Through","Sever Soul"],"picked":"Flex","floor":2},{"not_picked":["Flex","Rage"],"picked":"Havoc","floor":5},{"not_picked":["Body Slam","Heavy Blade"],"picked":"Rupture","floor":6},{"not_picked":["Thunderclap","Body Slam"],"picked":"Ghostly Armor","floor":7},{"not_picked":["Sword Boomerang","Hemokinesis"],"picked":"Pommel Strike","floor":8},{"not_picked":["Sword Boomerang","Body Slam"],"picked":"Shrug It Off","floor":11},{"not_picked":["Feel No Pain","Twin Strike"],"picked":"Sword Boomerang","floor":12},{"not_picked":["Bludgeon","Iron Wave"],"picked":"Rampage","floor":14},{"not_picked":["Thunderclap","Body Slam"],"picked":"Fire Breathing","floor":15},{"not_picked":["Offering","Barricade"],"picked":"Reaper","floor":16},{"not_picked":["Rupture","Anger"],"picked":"Ghostly Armor","floor":18},{"not_picked":["Twin Strike+1","Second Wind"],"picked":"Evolve","floor":24},{"not_picked":["Armaments","Heavy Blade+1"],"picked":"Rupture","floor":27},{"not_picked":["Warcry","Flex"],"picked":"Battle Trance","floor":28},{"not_picked":["Cleave","Body Slam+1"],"picked":"Ghostly Armor","floor":29}],"player_experience":207044,"relics_obtained":[{"floor":6,"key":"Pen Nib"},{"floor":8,"key":"Dream Catcher"},{"floor":12,"key":"Red Skull"},{"floor":26,"key":"Pear"}],"event_choices":[{"cards_removed":["Strike_R"],"damage_healed":0,"gold_gain":0,"player_choice":"Purged","damage_taken":0,"max_hp_gain":0,"max_hp_loss":0,"event_name":"Purifier","floor":3,"gold_loss":0},{"damage_healed":0,"gold_gain":0,"player_choice":"Searched \u00271\u0027 times","damage_taken":0,"max_hp_gain":0,"max_hp_loss":0,"event_name":"Dead Adventurer","floor":12,"gold_loss":0},{"damage_healed":0,"gold_gain":0,"player_choice":"Opened","damage_taken":0,"relics_obtained":["Art of War"],"max_hp_gain":0,"max_hp_loss":0,"event_name":"The Mausoleum","floor":19,"gold_loss":0},{"damage_healed":0,"gold_gain":0,"player_choice":"Read","damage_taken":0,"max_hp_gain":0,"max_hp_loss":0,"event_name":"The Library","floor":20,"gold_loss":0,"cards_obtained":["Combust"]},{"damage_healed":0,"gold_gain":99,"player_choice":"Stole From Cult","damage_taken":0,"max_hp_gain":0,"max_hp_loss":0,"event_name":"Nest","floor":22,"gold_loss":0}],"is_beta":false,"boss_relics":[{"not_picked":["Fusion Hammer","Pandora\u0027s Box"],"picked":"Sozu"}],"items_purged_floors":[4],"is_endless":false,"potions_floor_spawned":[1,2,5,8,24,29],"killed_by":"Book of Stabbing","ascension_level":9}