{"gold_per_floor":[119,119,119,132,132,132,158,158,181,181,199,41,58,58,58,153,153,166,183,83,101,101,101,117,0,0,12,31,45,45,61,61,163,163,175,24,24,324,174,174,194,227,251,251,231,140,152,164,164,164],"floor_reached":51,"playtime":4955,"items_purged":["Strike_B","Defend_B","Defend_B","Sweeping Beam+1"],"score":827,"play_id":"3c6a0013-7006-4637-aded-0711c9c68b21","local_time":"20190308191852","is_ascension_mode":false,"campfire_choices":[{"data":"Redo","floor":6.0,"key":"SMITH"},{"data":"Dualcast","floor":8.0,"key":"SMITH"},{"data":"Sweeping Beam","floor":10.0,"key":"SMITH"},{"data":"Scrape","floor":15.0,"key":"SMITH"},{"floor":23.0,"key":"REST"},{"floor":32.0,"key":"REST"},{"data":"Defend_B","floor":40.0,"key":"SMITH"},{"floor":49,"key":"RECALL"}],"neow_cost":"NONE","seed_source_timestamp":0,"circlet_count":0,"master_deck":["Defend_B+1","Zap+1","Dualcast+1","Redo+1","Scrape+1","Madness+1","Capacitor+1","Fission+1","Sweeping Beam+1","Recycle+1","Turbo+1","Deep Breath+1"],"special_seed":0,"relics":["Cracked Core","Thread and Needle","Toxic Egg 2","Anchor","Astrolabe","WingedGreaves","Coffee Dripper","Bag of Marbles","Strawberry"],"potions_floor_usage":[48,50,50,50],"damage_taken":[{"damage":1.0,"enemies":"2 Louse","floor":1.0,"turns":2.0},{"damage":6.0,"enemies":"Jaw Worm","floor":4.0,"turns":2.0},{"damage":22.0,"enemies":"Lagavulin","floor":7.0,"turns":6.0},{"damage":0.0,"enemies":"Cultist","floor":11.0,"turns":2.0},{"damage":0.0,"enemies":"Blue Slaver","floor":13.0,"turns":2.0},{"damage":31.0,"enemies":"The Guardian","floor":16.0,"turns":11.0},{"damage":14.0,"enemies":"Shell Parasite","floor":18.0,"turns":5.0},{"damage":0.0,"enemies":"3 Byrds","floor":19.0,"turns":2.0},{"damage":11.0,"enemies":"Snake Plant","floor":21.0,"turns":3.0},{"damage":0.0,"enemies":"Snecko","floor":24.0,"turns":7.0},{"damage":1.0,"enemies":"Centurion and Healer","floor":27.0,"turns":2.0},{"damage":0.0,"enemies":"Cultist and Chosen","floor":28.0,"turns":2.0},{"damage":8.0,"enemies":"Snake Plant","floor":29.0,"turns":3.0},{"damage":3.0,"enemies":"3 Cultists","floor":31.0,"turns":3.0},{"damage":16.0,"enemies":"Collector","floor":33.0,"turns":3.0},{"damage":0.0,"enemies":"3 Shapes","floor":35.0,"turns":6.0},{"damage":14.0,"enemies":"3 Darklings","floor":41.0,"turns":3.0},{"damage":46.0,"enemies":"Nemesis","floor":42.0,"turns":3.0},{"damage":0.0,"enemies":"Writhing Mass","floor":47.0,"turns":1.0},{"damage":15,"enemies":"4 Shapes","floor":48,"turns":7},{"damage":0,"enemies":"Awakened One","floor":50,"turns":2}],"seed_played":"4239819717739701048","potions_obtained":[{"floor":1.0,"key":"Ancient Potion"},{"floor":4.0,"key":"Poison Potion"},{"floor":16.0,"key":"AttackPotion"},{"floor":19.0,"key":"SkillPotion"},{"floor":27.0,"key":"Swift Potion"},{"floor":29.0,"key":"FearPotion"},{"floor":33.0,"key":"EntropicBrew"},{"floor":35.0,"key":"PowerPotion"},{"floor":42.0,"key":"Explosive Potion"},{"floor":45.0,"key":"Fire Potion"},{"floor":47.0,"key":"SteroidPotion"}],"is_trial":false,"path_per_floor":["M","?","?","M","?","R","E","R","T","R","M","$","M","$","R","B",null,"M","M","$","M","?","R","M","?","T","M","M","M","?","M","R","B",null,"M","$","?","?","$","R","M","E","T","?","?","$","M","M","R","B",null],"character_chosen":"DEFECT","items_purchased":["Madness+1","Turbo+1","Deep Breath+1"],"campfire_rested":2,"item_purchase_floors":[12,36,46],"current_hp_per_floor":[81,81,81,75,75,75,53,53,53,53,53,53,53,53,53,22,82,68,68,68,57,57,81,81,81,81,80,80,72,56,53,79,63,87,87,87,77,77,77,77,63,17,24,24,24,24,24,9,9,9],"gold":164,"neow_bonus":"TEN_PERCENT_HP_BONUS","is_prod":false,"is_daily":false,"chose_seed":false,"campfire_upgraded":5,"win_rate":0,"timestamp":1552097932,"path_taken":["M","?","?","?","?","R","E","R","T","R","M","$","?","?","R","BOSS","M","M","$","?","?","R","M","?","T","M","M","M","?","M","R","BOSS","M","$","?","?","$","R","?","E","T","?","?","$","M","M","R","BOSS"],"build_version":"2019-01-23","purchased_purges":4,"victory":true,"max_hp_per_floor":[82,82,82,82,82,82,82,82,82,82,82,82,82,82,82,82,82,82,82,82,82,82,82,82,82,82,82,82,82,87,87,87,87,87,87,87,87,87,87,87,87,87,94,89,89,89,89,89,89,89],"card_choices":[{"not_picked":["Darkness","Melter","Cold Snap"],"picked":"SKIP","floor":1.0},{"not_picked":["Beam Cell","Barrage"],"picked":"Redo","floor":4.0},{"not_picked":["Machine Learning","Doom and Gloom"],"picked":"Sweeping Beam","floor":7.0},{"not_picked":["Rip and Tear","Sweeping Beam"],"picked":"Scrape","floor":11.0},{"not_picked":["Steam+1","Storm","Cold Snap"],"picked":"SKIP","floor":13.0},{"not_picked":["Gash","Fusion+1","Compile Driver+1"],"picked":"SKIP","floor":18.0},{"not_picked":["Streamline+1","Beam Cell","White Noise+1"],"picked":"SKIP","floor":19.0},{"not_picked":["Ball Lightning","Genetic Algorithm+1","Barrage"],"picked":"SKIP","floor":21.0},{"not_picked":["Redo+1","Cold Snap","Ball Lightning"],"picked":"SKIP","floor":24.0},{"not_picked":["Amplify+1","Sweeping Beam","Steam+1"],"picked":"SKIP","floor":27.0},{"not_picked":["Rebound","Hologram+1","Capacitor+1"],"picked":"SKIP","floor":28.0},{"not_picked":["Defragment+1","Undo+1","Redo+1"],"picked":"SKIP","floor":29.0},{"not_picked":["BootSequence+1","Static Discharge","Melter"],"picked":"SKIP","floor":31.0},{"not_picked":["Steam+1","Stack+1"],"picked":"Recycle+1","floor":35.0},{"not_picked":["Coolheaded+1","Conserve Battery+1","Streamline+1"],"picked":"SKIP","floor":41.0},{"not_picked":["Aggregate+1","Compile Driver+1","Sweeping Beam"],"picked":"SKIP","floor":42.0},{"not_picked":["Chaos+1","Self Repair+1","Steam+1"],"picked":"SKIP","floor":47.0},{"not_picked":["Compile Driver","Leap+1","Hologram+1"],"picked":"SKIP","floor":48}],"player_experience":479811,"relics_obtained":[{"floor":7.0,"key":"Toxic Egg 2"},{"floor":9.0,"key":"Anchor"},{"floor":26.0,"key":"WingedGreaves"},{"floor":42.0,"key":"Bag of Marbles"},{"floor":43.0,"key":"Strawberry"}],"event_choices":[{"cards_removed":["Strike_B"],"damage_healed":0.0,"max_hp_gain":0.0,"max_hp_loss":0.0,"gold_gain":0.0,"event_name":"Living Wall","player_choice":"Forget","floor":2.0,"gold_loss":0.0,"damage_taken":0.0},{"damage_healed":0.0,"max_hp_gain":0.0,"max_hp_loss":0.0,"gold_gain":0.0,"event_name":"Upgrade Shrine","player_choice":"Upgraded","floor":3.0,"gold_loss":0.0,"damage_taken":0.0,"cards_upgraded":["Zap"]},{"damage_healed":0.0,"max_hp_gain":0.0,"max_hp_loss":0.0,"gold_gain":0.0,"event_name":"WeMeetAgain","player_choice":"Gave Potion","floor":5.0,"gold_loss":0.0,"damage_taken":0.0,"relics_obtained":["Thread and Needle"]},{"damage_healed":0.0,"max_hp_gain":0.0,"max_hp_loss":0.0,"gold_gain":0.0,"event_name":"The Mausoleum","player_choice":"Ignored","floor":22.0,"gold_loss":0.0,"damage_taken":0.0},{"damage_healed":0.0,"max_hp_gain":0.0,"max_hp_loss":0.0,"gold_gain":0.0,"event_name":"Masked Bandits","player_choice":"Paid Fearfully","floor":25.0,"gold_loss":117.0,"damage_taken":0.0},{"damage_healed":0.0,"max_hp_gain":5.0,"max_hp_loss":0.0,"gold_gain":0.0,"event_name":"Forgotten Altar","player_choice":"Shed Blood","floor":30.0,"gold_loss":0.0,"damage_taken":21.0},{"damage_healed":0.0,"max_hp_gain":0.0,"max_hp_loss":0.0,"gold_gain":0.0,"event_name":"SensoryStone","player_choice":"Memory 3","floor":37.0,"gold_loss":0.0,"damage_taken":10.0},{"damage_healed":0.0,"max_hp_gain":0.0,"max_hp_loss":0.0,"gold_gain":300.0,"event_name":"Wheel of Change","player_choice":"Gold","floor":38.0,"gold_loss":0.0,"damage_taken":0.0},{"damage_healed":0.0,"max_hp_gain":0.0,"max_hp_loss":5.0,"gold_gain":0.0,"event_name":"Winding Halls","player_choice":"Max HP","floor":44.0,"gold_loss":0.0,"damage_taken":0.0},{"damage_healed":0.0,"max_hp_gain":0.0,"max_hp_loss":0.0,"gold_gain":0.0,"event_name":"The Woman in Blue","player_choice":"Bought 1 Potion","floor":45.0,"gold_loss":0.0,"damage_taken":0.0}],"is_beta":false,"boss_relics":[{"not_picked":["FrozenCore","Inserter"],"picked":"Astrolabe"},{"not_picked":["Tiny House","Calling Bell"],"picked":"Coffee Dripper"}],"items_purged_floors":[12,20,36,39],"is_endless":false,"potions_floor_spawned":[1,4,16,19,27,29,33,35,42,47],"ascension_level":0}