{"gold_per_floor":[362,437,81,81,93,93,121,121,121,447,458,483,501,536,536,610,610,625,625,641,641,658,658,669,669,669,698,712,737,289,289,289,368,368,388,388,23,42,59,59,59,75,75,75,103,103,122,142,142,142],"floor_reached":50,"playtime":1717,"items_purged":[],"score":1053,"play_id":"1d0b400b-c837-4122-a093-ca7583ee39bd","local_time":"20190518014216","is_ascension_mode":true,"campfire_choices":[{"data":"Metallicize","floor":6.0,"key":"SMITH"},{"data":"Offering","floor":15.0,"key":"SMITH"},{"data":"Cleave","floor":23.0,"key":"SMITH"},{"data":"Iron Wave","floor":25.0,"key":"SMITH"},{"data":"Bash","floor":32.0,"key":"SMITH"},{"data":"Heavy Blade","floor":40.0,"key":"SMITH"},{"data":"Ghostly Armor","floor":44.0,"key":"SMITH"},{"data":"Feed","floor":49.0,"key":"SMITH"}],"neow_cost":"TEN_PERCENT_HP_LOSS","seed_source_timestamp":1304525155411342,"circlet_count":0,"master_deck":["AscendersBane","Strike_R","Strike_R","Strike_R","Defend_R","Defend_R","Defend_R","Defend_R+1","Bash+1","Metallicize+1","Finesse","Iron Wave+1","Offering+1","Cleave+1","Impervious+1","Heavy Blade+1","Ghostly Armor+1","Feed+1"],"special_seed":0,"relics":["Burning Blood","Brimstone","FossilizedHelix","Anchor","Shuriken","Old Coin","Darkstone Periapt","Gremlin Horn","Sozu","Orichalcum","Vajra","Bottled Lightning","Torii","Ancient Tea Set","MutagenicStrength","Eternal Feather","Nunchaku","Mummified Hand","War Paint"],"potions_floor_usage":[],"damage_taken":[{"damage":0.0,"enemies":"Small Slimes","floor":1.0,"turns":3.0},{"damage":0.0,"enemies":"Jaw Worm","floor":5.0,"turns":2.0},{"damage":29.0,"enemies":"Lagavulin","floor":7.0,"turns":5.0},{"damage":20.0,"enemies":"3 Sentries","floor":10.0,"turns":6.0},{"damage":0.0,"enemies":"Cultist","floor":11.0,"turns":2.0},{"damage":0.0,"enemies":"Lagavulin","floor":12.0,"turns":5.0},{"damage":0.0,"enemies":"3 Louse","floor":13.0,"turns":3.0},{"damage":17.0,"enemies":"3 Sentries","floor":14.0,"turns":5.0},{"damage":28.0,"enemies":"The Guardian","floor":16.0,"turns":8.0},{"damage":0.0,"enemies":"Chosen","floor":18.0,"turns":3.0},{"damage":15.0,"enemies":"Shell Parasite","floor":20.0,"turns":3.0},{"damage":0.0,"enemies":"Cultist and Chosen","floor":22.0,"turns":5.0},{"damage":0.0,"enemies":"Snake Plant","floor":24.0,"turns":3.0},{"damage":11.0,"enemies":"Gremlin Leader","floor":27.0,"turns":4.0},{"damage":0.0,"enemies":"Sentry and Sphere","floor":28.0,"turns":3.0},{"damage":21.0,"enemies":"Slavers","floor":29.0,"turns":4.0},{"damage":48.0,"enemies":"Automaton","floor":33.0,"turns":6.0},{"damage":9.0,"enemies":"Orb Walker","floor":35.0,"turns":3.0},{"damage":8.0,"enemies":"3 Shapes","floor":38.0,"turns":4.0},{"damage":8.0,"enemies":"Transient","floor":39.0,"turns":5.0},{"damage":1.0,"enemies":"Writhing Mass","floor":42.0,"turns":3.0},{"damage":11.0,"enemies":"Reptomancer","floor":45.0,"turns":5.0},{"damage":0.0,"enemies":"3 Darklings","floor":47.0,"turns":3.0},{"damage":1.0,"enemies":"Spire Growth","floor":48.0,"turns":3.0},{"damage":75,"enemies":"Awakened One","floor":50,"turns":8}],"seed_played":"3140518607929649340","potions_obtained":[{"floor":7.0,"key":"SkillPotion"},{"floor":10.0,"key":"SteroidPotion"},{"floor":11.0,"key":"SteroidPotion"}],"is_trial":false,"path_per_floor":["M","?","$","?","M","R","E","?","T","E","M","E","M","E","R","B",null,"M","?","M","?","M","R","M","R","T","E","M","E","$","?","R","B",null,"M","?","$","M","M","R","?","M","T","R","E","?","M","M","R","B"],"character_chosen":"IRONCLAD","items_purchased":["Brimstone","Metallicize","Finesse","Torii","Ancient Tea Set","Ghostly Armor","Nunchaku"],"campfire_rested":0,"item_purchase_floors":[3,3,3,30,30,37,37],"current_hp_per_floor":[68,57,57,57,63,63,40,40,40,26,32,38,44,33,33,11,54,60,60,51,51,57,57,63,63,63,58,64,49,49,49,49,7,53,50,50,50,48,46,55,55,60,60,65,60,60,65,65,65,0],"gold":142,"neow_bonus":"TWO_FIFTY_GOLD","is_prod":false,"is_daily":false,"chose_seed":false,"campfire_upgraded":8,"win_rate":0,"timestamp":1558165336,"path_taken":["M","?","$","?","?","R","E","?","T","E","?","E","M","E","R","BOSS","M","?","?","?","M","R","?","R","T","E","M","E","$","?","R","BOSS","M","?","$","M","M","R","?","?","T","R","E","?","?","?","R","BOSS"],"build_version":"2019-01-23","purchased_purges":0,"victory":false,"max_hp_per_floor":[68,68,68,68,68,68,68,68,68,68,68,68,68,68,68,68,68,68,68,68,68,68,68,68,68,68,68,68,68,68,68,68,68,68,68,65,65,65,65,65,65,65,65,65,65,65,65,65,65,69],"card_choices":[{"not_picked":["Perfected Strike","Clash","Headbutt"],"picked":"SKIP","floor":1.0},{"not_picked":["Cleave","Pommel Strike"],"picked":"Iron Wave","floor":5.0},{"not_picked":["Combust","Intimidate","Headbutt"],"picked":"SKIP","floor":7.0},{"not_picked":["Sever Soul","Twin Strike"],"picked":"Offering","floor":10.0},{"not_picked":["Reckless Charge","Clothesline","Wild Strike"],"picked":"SKIP","floor":11.0},{"not_picked":["Reckless Charge","Clothesline","Wild Strike"],"picked":"SKIP","floor":11.0},{"not_picked":["Clothesline","Perfected Strike","Searing Blow"],"picked":"SKIP","floor":12.0},{"not_picked":["Pommel Strike","Twin Strike","Second Wind"],"picked":"SKIP","floor":13.0},{"not_picked":["Reckless Charge","Exhume","Pommel Strike"],"picked":"SKIP","floor":14.0},{"not_picked":["Flame Barrier+1","Second Wind"],"picked":"Cleave","floor":18.0},{"not_picked":["Flex","Thunderclap+1","Sword Boomerang"],"picked":"SKIP","floor":20.0},{"not_picked":["Battle Trance","Clash","Cleave"],"picked":"SKIP","floor":22.0},{"not_picked":["Cleave","Burning Pact","Blood for Blood"],"picked":"SKIP","floor":24.0},{"not_picked":["Inflame","Wild Strike","Pommel Strike"],"picked":"SKIP","floor":27.0},{"not_picked":["Disarm","Dual Wield","Entrench+1"],"picked":"SKIP","floor":28.0},{"not_picked":["Perfected Strike","True Grit+1","Dual Wield+1"],"picked":"SKIP","floor":29.0},{"not_picked":["Bludgeon","Fiend Fire"],"picked":"Impervious","floor":33.0},{"not_picked":["True Grit","Warcry"],"picked":"Heavy Blade","floor":35.0},{"not_picked":["Heavy Blade","Clash","Sword Boomerang"],"picked":"SKIP","floor":38.0},{"not_picked":["Dropkick","Body Slam","Perfected Strike+1"],"picked":"SKIP","floor":39.0},{"not_picked":["Dual Wield","Twin Strike","Pommel Strike"],"picked":"SKIP","floor":42.0},{"not_picked":["Impervious","Uppercut+1","Sever Soul+1"],"picked":"SKIP","floor":45.0},{"not_picked":["Power Through","Carnage","Disarm+1"],"picked":"SKIP","floor":47.0},{"not_picked":["Anger","Sever Soul","Hemokinesis+1"],"picked":"SKIP","floor":48.0}],"player_experience":569157,"relics_obtained":[{"floor":7.0,"key":"Anchor"},{"floor":9.0,"key":"Shuriken"},{"floor":10.0,"key":"Old Coin"},{"floor":12.0,"key":"Darkstone Periapt"},{"floor":14.0,"key":"Gremlin Horn"},{"floor":26.0,"key":"Orichalcum"},{"floor":27.0,"key":"Vajra"},{"floor":29.0,"key":"Bottled Lightning"},{"floor":43.0,"key":"Mummified Hand"},{"floor":45.0,"key":"War Paint"}],"event_choices":[{"damage_healed":0.0,"max_hp_gain":0.0,"max_hp_loss":0.0,"gold_gain":75.0,"event_name":"World of Goop","player_choice":"Gather Gold","floor":2.0,"gold_loss":0.0,"damage_taken":11.0},{"damage_healed":0.0,"max_hp_gain":0.0,"max_hp_loss":0.0,"gold_gain":0.0,"event_name":"Big Fish","player_choice":"Box","floor":4.0,"gold_loss":0.0,"damage_taken":0.0,"relics_obtained":["FossilizedHelix"],"cards_obtained":["Regret"]},{"cards_removed":["Regret"],"damage_healed":0.0,"max_hp_gain":0.0,"max_hp_loss":0.0,"gold_gain":0.0,"event_name":"Purifier","player_choice":"Purged","floor":8.0,"gold_loss":0.0,"damage_taken":0.0},{"damage_healed":0.0,"max_hp_gain":0.0,"max_hp_loss":0.0,"gold_gain":0.0,"event_name":"N\u0027loth","player_choice":"Ignored","floor":19.0,"gold_loss":0.0,"damage_taken":0.0},{"cards_removed":["Strike_R"],"damage_healed":0.0,"max_hp_gain":0.0,"max_hp_loss":0.0,"gold_gain":0.0,"event_name":"Bonfire Elementals","player_choice":"Offered Basic","floor":21.0,"gold_loss":0.0,"damage_taken":0.0},{"damage_healed":0.0,"max_hp_gain":0.0,"max_hp_loss":0.0,"gold_gain":0.0,"event_name":"Drug Dealer","player_choice":"Inject Mutagens","floor":31.0,"gold_loss":0.0,"damage_taken":0.0,"relics_obtained":["MutagenicStrength"]},{"damage_healed":0.0,"max_hp_gain":0.0,"max_hp_loss":3.0,"gold_gain":0.0,"event_name":"Winding Halls","player_choice":"Max HP","floor":36.0,"gold_loss":0.0,"damage_taken":0.0},{"damage_healed":0.0,"max_hp_gain":0.0,"max_hp_loss":0.0,"gold_gain":0.0,"event_name":"Lab","player_choice":"Got Potions","floor":41.0,"gold_loss":0.0,"damage_taken":0.0},{"damage_healed":0.0,"max_hp_gain":0.0,"max_hp_loss":0.0,"gold_gain":0.0,"cards_transformed":["Strike_R"],"event_name":"Transmorgrifier","player_choice":"Transformed","floor":46.0,"gold_loss":0.0,"damage_taken":0.0,"cards_obtained":["Feed"]}],"is_beta":false,"boss_relics":[{"not_picked":["Black Blood","Runic Cube"],"picked":"Sozu"},{"not_picked":["Black Star","Pandora\u0027s Box"],"picked":"Eternal Feather"}],"items_purged_floors":[],"is_endless":false,"potions_floor_spawned":[7,10,11,20,28,29,38,42,47,48],"killed_by":"Awakened One","ascension_level":14}