{"gold_per_floor":[110,120,132,152,169,203,203,230,230,295,315,315,315,330,330,461,461,475,488,226,301,12,47,47,87,111,129,129,163,175,205,217,352,364,396,408,28,47,70,70,91,132,185,185,206,116,116],"floor_reached":47,"playtime":4320,"items_purged":["Strike_R","Injury"],"score":605,"play_id":"dfbbb8bf-178f-45e3-91ae-1bb849d709c3","local_time":"20190604124441","is_ascension_mode":true,"campfire_choices":[{"data":"Double Tap","floor":7,"key":"SMITH"},{"floor":13,"key":"REST"},{"floor":15,"key":"REST"},{"floor":24,"key":"REST"},{"floor":28,"key":"REST"},{"floor":30,"key":"REST"},{"floor":32,"key":"REST"},{"data":"Double Tap","floor":40,"key":"SMITH"},{"floor":44,"key":"REST"}],"neow_cost":"NONE","seed_source_timestamp":486512567262664,"circlet_count":0,"master_deck":["Defend_R","Defend_R","Defend_R","Defend_R","Bash","Double Tap+1","Sword Boomerang","Shrug It Off","Twin Strike","Juggernaut","Battle Trance","Anger","Fire Breathing","Seeing Red","Armaments","Double Tap+1","Armaments+1","Ghostly Armor","Flex","Shrug It Off","Spot Weakness+1","Twin Strike","Spot Weakness","Power Through","Iron Wave","Demon Form","Dual Wield+1","Limit Break+1","Armaments+1","Warcry+1","Shrug It Off","Warcry+1","Pummel+1"],"relics":["Burning Blood","Lantern","Kunai","The Courier","Charon\u0027s Ashes","Golden Idol","Sozu","Red Skull","Torii","Bottled Lightning","Pen Nib","Happy Flower","MawBank","Astrolabe","Pantograph","Blood Vial","Molten Egg 2","Potion Belt"],"potions_floor_usage":[8,16,16,16,31],"damage_taken":[{"damage":16,"enemies":"Jaw Worm","floor":1,"turns":7},{"damage":12,"enemies":"2 Louse","floor":2,"turns":3},{"damage":0,"enemies":"Cultist","floor":3,"turns":3},{"damage":12,"enemies":"3 Louse","floor":4,"turns":4},{"damage":10,"enemies":"Exordium Wildlife","floor":5,"turns":6},{"damage":16,"enemies":"Gremlin Nob","floor":6,"turns":4},{"damage":23,"enemies":"Lagavulin","floor":8,"turns":7},{"damage":31,"enemies":"Lagavulin Event","floor":10,"turns":8},{"damage":17,"enemies":"Exordium Thugs","floor":11,"turns":4},{"damage":12,"enemies":"Gremlin Gang","floor":14,"turns":3},{"damage":30,"enemies":"The Guardian","floor":16,"turns":11},{"damage":22,"enemies":"Spheric Guardian","floor":18,"turns":4},{"damage":13,"enemies":"3 Byrds","floor":19,"turns":7},{"damage":47,"enemies":"Gremlin Leader","floor":23,"turns":7},{"damage":22,"enemies":"Book of Stabbing","floor":25,"turns":5},{"damage":11,"enemies":"Snecko","floor":27,"turns":3},{"damage":20,"enemies":"Gremlin Leader","floor":29,"turns":5},{"damage":20,"enemies":"Sentry and Sphere","floor":31,"turns":7},{"damage":29,"enemies":"Collector","floor":33,"turns":11},{"damage":16,"enemies":"Orb Walker","floor":35,"turns":3},{"damage":23,"enemies":"3 Darklings","floor":38,"turns":4},{"damage":0,"enemies":"Transient","floor":39,"turns":5},{"damage":41,"enemies":"Sphere and 2 Shapes","floor":41,"turns":6},{"damage":31,"enemies":"Reptomancer","floor":42,"turns":8},{"damage":16,"enemies":"Spire Growth","floor":45,"turns":4},{"damage":25,"enemies":"Writhing Mass","floor":47,"turns":1}],"seed_played":"1278287577256971527","potions_obtained":[{"floor":1,"key":"Dexterity Potion"},{"floor":3,"key":"Fire Potion"},{"floor":5,"key":"Regen Potion"},{"floor":10,"key":"SkillPotion"},{"floor":16,"key":"SpeedPotion"}],"is_trial":false,"path_per_floor":["?","?","?","$","?","?","M"],"character_chosen":"IRONCLAD","items_purchased":["Red Skull","Flex","Shrug It Off","Torii","Spot Weakness","Pantograph","Blood Vial"],"campfire_rested":7,"item_purchase_floors":[20,20,20,22,22,37,37],"current_hp_per_floor":[70,64,70,64,60,50,50,48,48,23,12,12,36,30,54,30,80,64,57,57,49,49,8,32,16,16,11,35,21,45,31,55,32,80,70,70,70,55,63,63,30,7,7,31,23,23,0],"gold":116,"neow_bonus":"ONE_RANDOM_RARE_CARD","is_prod":false,"is_daily":false,"chose_seed":false,"campfire_upgraded":2,"win_rate":0,"timestamp":1559681081,"path_taken":["M","M","M","M","M","E","R","E","T","?","M","?","R","M","R","BOSS","M","M","$","?","?","E","R","E","T","M","R","E","R","M","R","BOSS","M","?","$","M","M","R","M","E","T","R","M","?","?"],"build_version":"2019-01-23","purchased_purges":2,"victory":false,"max_hp_per_floor":[80,80,80,80,80,80,80,80,80,80,80,80,80,80,80,80,80,80,80,80,80,80,80,80,80,80,80,80,80,80,80,80,80,80,80,80,80,80,80,80,80,80,80,80,80,80,80],"card_choices":[{"not_picked":["Whirlwind","Warcry"],"picked":"Sword Boomerang","floor":1},{"not_picked":["True Grit","Pommel Strike"],"picked":"Shrug It Off","floor":2},{"not_picked":["Dropkick","Havoc"],"picked":"Twin Strike","floor":3},{"not_picked":["Combust","Iron Wave"],"picked":"Juggernaut","floor":4},{"not_picked":["Heavy Blade","Intimidate"],"picked":"Battle Trance","floor":5},{"not_picked":["Warcry","Headbutt"],"picked":"Anger","floor":6},{"not_picked":["Anger","Clash"],"picked":"Fire Breathing","floor":8},{"not_picked":["Pommel Strike","Sword Boomerang"],"picked":"Seeing Red","floor":10},{"not_picked":["Clothesline","Thunderclap"],"picked":"Armaments","floor":11},{"not_picked":["Clothesline","Warcry","Body Slam"],"picked":"SKIP","floor":14},{"not_picked":["Fiend Fire","Brutality"],"picked":"Double Tap","floor":16},{"not_picked":["Thunderclap","Anger"],"picked":"Armaments+1","floor":18},{"not_picked":["Fire Breathing","Bloodletting"],"picked":"Ghostly Armor","floor":19},{"not_picked":["Evolve","True Grit+1"],"picked":"Twin Strike","floor":23},{"not_picked":["Body Slam","Dark Embrace"],"picked":"Spot Weakness","floor":25},{"not_picked":["Heavy Blade+1","Cleave","Thunderclap+1"],"picked":"SKIP","floor":27},{"not_picked":["Reckless Charge+1","Wild Strike"],"picked":"Power Through","floor":29},{"not_picked":["Clothesline+1","Bloodletting+1"],"picked":"Iron Wave","floor":31},{"not_picked":["Double Tap","Immolate"],"picked":"Demon Form","floor":33},{"not_picked":["Heavy Blade+1","Reckless Charge+1"],"picked":"Armaments+1","floor":35},{"not_picked":["Cleave","Pommel Strike+1"],"picked":"Warcry+1","floor":38},{"not_picked":["Juggernaut","Sever Soul+1"],"picked":"Shrug It Off","floor":39},{"not_picked":["Pommel Strike+1","Heavy Blade"],"picked":"Warcry+1","floor":41},{"not_picked":["Infernal Blade+1","Offering","Cleave+1"],"picked":"SKIP","floor":42},{"not_picked":["Carnage+1","Clothesline+1"],"picked":"Pummel+1","floor":45}],"player_experience":169140,"relics_obtained":[{"floor":6,"key":"Lantern"},{"floor":8,"key":"Kunai"},{"floor":9,"key":"The Courier"},{"floor":10,"key":"Charon\u0027s Ashes"},{"floor":23,"key":"Bottled Lightning"},{"floor":25,"key":"Pen Nib"},{"floor":26,"key":"Happy Flower"},{"floor":29,"key":"MawBank"},{"floor":42,"key":"Molten Egg 2"},{"floor":43,"key":"Potion Belt"}],"event_choices":[{"damage_healed":0,"gold_gain":0,"player_choice":"Searched \u00272\u0027 times","damage_taken":0,"max_hp_gain":0,"max_hp_loss":0,"event_name":"Dead Adventurer","floor":10,"gold_loss":0},{"damage_healed":0,"gold_gain":0,"player_choice":"Take Wound","damage_taken":0,"relics_obtained":["Golden Idol"],"max_hp_gain":0,"max_hp_loss":0,"event_name":"Golden Idol","floor":12,"gold_loss":0,"cards_obtained":["Injury"]},{"damage_healed":0,"gold_gain":75,"player_choice":"Touch","damage_taken":8,"max_hp_gain":0,"max_hp_loss":0,"event_name":"FaceTrader","floor":21,"gold_loss":0},{"cards_removed":["Feel No Pain"],"damage_healed":0,"gold_gain":0,"player_choice":"Removed Power","damage_taken":0,"max_hp_gain":0,"max_hp_loss":0,"event_name":"Falling","floor":36,"gold_loss":0},{"cards_removed":["Strike_R"],"damage_healed":0,"gold_gain":0,"player_choice":"Upgrade and Remove","damage_taken":0,"max_hp_gain":0,"max_hp_loss":0,"event_name":"Designer","floor":46,"gold_loss":90,"cards_upgraded":["Spot Weakness"]}],"is_beta":false,"boss_relics":[{"not_picked":["Philosopher\u0027s Stone","Eternal Feather"],"picked":"Sozu"},{"not_picked":["Runic Cube","White Beast Statue"],"picked":"Astrolabe"}],"items_purged_floors":[20,37],"is_endless":false,"potions_floor_spawned":[1,3,5,10,16,19,25,29,41,45],"killed_by":"Writhing Mass","ascension_level":2}