{"gold_per_floor":[110,123,25,325,325,325,352,352,379,379,396,408,435,448,448,551,551,563,478,478,166,176,176,190,210,210,280,162,178,178,213,213,309,309,321,340,360,1359,873,873,873],"floor_reached":41,"playtime":2134,"items_purged":["Strike_G","Defend_G","Normality"],"score":694,"play_id":"f23bce44-2410-423d-8969-ed394dd29870","local_time":"20190527161016","is_ascension_mode":true,"campfire_choices":[{"data":"Sucker Punch","floor":6.0,"key":"SMITH"},{"data":"Bouncing Flask","floor":8.0,"key":"SMITH"},{"data":"Cloak And Dagger","floor":10.0,"key":"SMITH"},{"floor":15.0,"key":"REST"},{"floor":23,"key":"REST"},{"floor":30,"key":"REST"},{"floor":32,"key":"REST"},{"floor":40,"key":"REST"}],"neow_cost":"NONE","seed_source_timestamp":3510998034978247,"circlet_count":0,"master_deck":["AscendersBane","Defend_G","Defend_G","Defend_G","Defend_G","Strike_G","Strike_G","Strike_G","Strike_G","Survivor","Neutralize+1","Poisoned Stab","Cloak And Dagger+1","Sucker Punch+1","Well Laid Plans","Bouncing Flask+1","Dash","Dagger Spray","Endless Agony","Burst","Cloak And Dagger","Caltrops","PiercingWail","Caltrops","Infinite Blades+1","Malaise","Dodge and Roll+1","Normality","Noxious Fumes","Footwork","Footwork","Wraith Form v2","Bandage Up"],"special_seed":0,"relics":["Ring of the Snake","NeowsBlessing","Old Coin","Sundial","Vajra","Matryoshka","Philosopher\u0027s Stone","Juzu Bracelet","Bronze Scales","Pantograph","The Courier","Lantern","Kunai","Pear","Sozu"],"potions_floor_usage":[18,18,25,31,33,33,36],"damage_taken":[{"damage":0.0,"enemies":"Jaw Worm","floor":1.0,"turns":1.0},{"damage":0.0,"enemies":"2 Louse","floor":2.0,"turns":1.0},{"damage":0.0,"enemies":"3 Sentries","floor":7.0,"turns":1.0},{"damage":0.0,"enemies":"Cultist","floor":11.0,"turns":2.0},{"damage":5.0,"enemies":"Gremlin Gang","floor":12.0,"turns":4.0},{"damage":5.0,"enemies":"Gremlin Nob","floor":13.0,"turns":3.0},{"damage":11.0,"enemies":"Exordium Wildlife","floor":14.0,"turns":3.0},{"damage":7.0,"enemies":"The Guardian","floor":16.0,"turns":7.0},{"damage":30,"enemies":"3 Byrds","floor":18,"turns":5},{"damage":24,"enemies":"2 Thieves","floor":22,"turns":3},{"damage":12,"enemies":"Snake Plant","floor":24,"turns":4},{"damage":5,"enemies":"Centurion and Healer","floor":25,"turns":5},{"damage":6,"enemies":"Cultist and Chosen","floor":29,"turns":6},{"damage":19,"enemies":"Book of Stabbing","floor":31,"turns":4},{"damage":51,"enemies":"Automaton","floor":33,"turns":10},{"damage":0,"enemies":"3 Shapes","floor":35,"turns":7},{"damage":25,"enemies":"3 Darklings","floor":36,"turns":4},{"damage":39,"enemies":"Jaw Worm Horde","floor":37,"turns":6},{"damage":43,"enemies":"Writhing Mass","floor":41,"turns":3}],"seed_played":"1697152551041419259","potions_obtained":[{"floor":1.0,"key":"Regen Potion"},{"floor":2.0,"key":"SkillPotion"},{"floor":7.0,"key":"PowerPotion"},{"floor":13.0,"key":"EssenceOfSteel"},{"floor":22,"key":"Strength Potion"},{"floor":29,"key":"FearPotion"},{"floor":31,"key":"SkillPotion"},{"floor":33,"key":"Fire Potion"}],"is_trial":false,"path_per_floor":["M","M","$","?","?","R","E","R","T","R","M","M","E","M","R","B",null,"M","?","?","$","M","R","M","M","T","T","$","M","R","E","R","B",null,"M","M","M","?","$","R","M"],"character_chosen":"THE_SILENT","items_purchased":["Sucker Punch","Well Laid Plans","Caltrops","Bronze Scales","Strength Potion","Noxious Fumes","Footwork","Footwork","Wraith Form v2","Bandage Up"],"campfire_rested":5,"item_purchase_floors":[3,3,21,21,28,39,39,39,39,39],"current_hp_per_floor":[63,63,63,56,56,56,56,56,56,56,56,51,46,35,56,49,65,48,48,48,48,24,45,33,28,28,28,28,22,43,34,58,29,67,67,42,3,3,3,27,0],"gold":873,"neow_bonus":"THREE_ENEMY_KILL","is_prod":false,"is_daily":false,"chose_seed":false,"campfire_upgraded":3,"win_rate":0,"timestamp":1558987816,"path_taken":["M","M","$","?","?","R","E","R","T","R","?","?","E","M","R","BOSS","M","?","?","$","M","R","M","M","T","?","$","M","R","E","R","BOSS","M","M","M","?","$","R","M"],"build_version":"2019-01-23","purchased_purges":3,"victory":false,"max_hp_per_floor":[70,70,70,70,70,70,70,70,70,70,70,70,70,70,70,70,70,70,70,70,70,70,70,70,70,70,70,70,70,70,80,80,80,80,80,80,80,80,80,80,80],"card_choices":[{"not_picked":["Concentrate","PiercingWail"],"picked":"Poisoned Stab","floor":1.0},{"not_picked":["Deflect","Eviscerate"],"picked":"Cloak And Dagger","floor":2.0},{"not_picked":["Prepared","Outmaneuver"],"picked":"Bouncing Flask","floor":7.0},{"not_picked":["Flechettes","Dagger Throw"],"picked":"Dash","floor":11.0},{"not_picked":["Dodge and Roll","Blade Dance"],"picked":"Dagger Spray","floor":12.0},{"not_picked":["Concentrate","Flying Knee","Skewer"],"picked":"SKIP","floor":13.0},{"not_picked":["Bouncing Flask","Riddle With Holes"],"picked":"Endless Agony","floor":14.0},{"not_picked":["Doppelganger","Grand Finale"],"picked":"Burst","floor":16.0},{"not_picked":["Dash","Deflect"],"picked":"Cloak And Dagger","floor":18},{"not_picked":["Bane","Heel Hook"],"picked":"PiercingWail","floor":22},{"not_picked":["Reflex+1","Cloak And Dagger","Outmaneuver+1"],"picked":"SKIP","floor":24},{"not_picked":["Bane+1","Underhanded Strike"],"picked":"Caltrops","floor":25},{"not_picked":["Flying Knee+1","Tactician+1","Blade Dance"],"picked":"SKIP","floor":29},{"not_picked":["Quick Slash","Night Terror"],"picked":"Infinite Blades+1","floor":31},{"not_picked":["Corpse Explosion","Night Terror"],"picked":"Malaise","floor":33},{"not_picked":["Acrobatics","Escape Plan+1","Skewer"],"picked":"SKIP","floor":35},{"not_picked":["Finisher+1","PiercingWail+1"],"picked":"Dodge and Roll+1","floor":36},{"not_picked":["Quick Slash","Expertise+1","Choke+1"],"picked":"SKIP","floor":37}],"player_experience":160184,"relics_obtained":[{"floor":7.0,"key":"Sundial"},{"floor":9.0,"key":"Vajra"},{"floor":13.0,"key":"Matryoshka"},{"floor":26,"key":"Pantograph"},{"floor":26,"key":"The Courier"},{"floor":27,"key":"Lantern"},{"floor":27,"key":"Kunai"},{"floor":31,"key":"Pear"}],"event_choices":[{"damage_healed":0.0,"max_hp_gain":0.0,"max_hp_loss":0.0,"gold_gain":0.0,"event_name":"Scrap Ooze","player_choice":"Success","floor":4.0,"gold_loss":0.0,"damage_taken":7.0,"relics_obtained":["Old Coin"]},{"damage_healed":0.0,"max_hp_gain":0.0,"max_hp_loss":0.0,"gold_gain":0.0,"event_name":"Upgrade Shrine","player_choice":"Upgraded","floor":5.0,"gold_loss":0.0,"damage_taken":0.0,"cards_upgraded":["Neutralize"]},{"damage_healed":0,"gold_gain":0,"player_choice":"Obtained Relic","damage_taken":0,"relics_obtained":["Juzu Bracelet"],"max_hp_gain":0,"max_hp_loss":0,"event_name":"Addict","floor":19,"gold_loss":85},{"damage_healed":0,"gold_gain":0,"player_choice":"Ignored","damage_taken":0,"max_hp_gain":0,"max_hp_loss":0,"event_name":"Vampires","floor":20,"gold_loss":0},{"damage_healed":0,"gold_gain":999,"player_choice":"Gold","damage_taken":0,"max_hp_gain":0,"max_hp_loss":0,"event_name":"MindBloom","floor":38,"gold_loss":0,"cards_obtained":["Normality","Normality"]}],"is_beta":false,"boss_relics":[{"not_picked":["Busted Crown","Astrolabe"],"picked":"Philosopher\u0027s Stone"},{"not_picked":["Tiny House","White Beast Statue"],"picked":"Sozu"}],"items_purged_floors":[21,28,39],"is_endless":false,"potions_floor_spawned":[1,2,7,13,22,29,31,33,37],"killed_by":"Writhing Mass","ascension_level":10}