{"gold_per_floor":[114,144,189,204,8,8,33,45,57,83,121,148,193,222,234,342,354,382,394,420,29,29,29,47,60,84,84,84,99,117,117,117,117],"floor_reached":33,"playtime":1645,"items_purged":["Strike_B","Defend_B"],"score":427,"play_id":"abdf195a-6bee-4ccb-b30b-0cd093168d76","local_time":"20190505181650","is_ascension_mode":true,"campfire_choices":[{"data":"Doom and Gloom","floor":6.0,"key":"SMITH"},{"data":"Dualcast","floor":8.0,"key":"SMITH"},{"floor":15.0,"key":"REST"},{"data":"Zap","floor":23.0,"key":"SMITH"},{"floor":28.0,"key":"REST"},{"floor":32.0,"key":"REST"}],"neow_cost":"NONE","seed_source_timestamp":0,"circlet_count":0,"master_deck":["AscendersBane","Strike_B","Defend_B","Defend_B","Defend_B","Zap+1","Dualcast+1","Sweeping Beam","Doom and Gloom+1","Cold Snap","Ball Lightning","Steam","Leap","Beam Cell","Multi-Cast","Leap","Consume","Blizzard","Force Field","Redo+1","Glacier","Conserve Battery","Decay","Leap","Clumsy"],"special_seed":0,"relics":["Cracked Core","Tiny Chest","Bag of Marbles","MawBank","Sundial","Turnip","Boot","Cursed Key","Pocketwatch","Prayer Wheel","Bag of Preparation","Toxic Egg 2"],"potions_floor_usage":[33],"damage_taken":[{"damage":2.0,"enemies":"2 Louse","floor":1.0,"turns":2.0},{"damage":2.0,"enemies":"Jaw Worm","floor":4.0,"turns":4.0},{"damage":8.0,"enemies":"Gremlin Nob","floor":7.0,"turns":3.0},{"damage":0.0,"enemies":"Cultist","floor":10.0,"turns":2.0},{"damage":15.0,"enemies":"Lagavulin","floor":11.0,"turns":5.0},{"damage":6.0,"enemies":"Gremlin Gang","floor":12.0,"turns":2.0},{"damage":8.0,"enemies":"Gremlin Nob","floor":13.0,"turns":3.0},{"damage":5.0,"enemies":"Blue Slaver","floor":14.0,"turns":3.0},{"damage":11.0,"enemies":"Hexaghost","floor":16.0,"turns":8.0},{"damage":10.0,"enemies":"Spheric Guardian","floor":18.0,"turns":4.0},{"damage":3.0,"enemies":"Shell Parasite","floor":20.0,"turns":4.0},{"damage":33.0,"enemies":"Shelled Parasite and Fungi","floor":24.0,"turns":7.0},{"damage":4.0,"enemies":"Snecko","floor":25.0,"turns":6.0},{"damage":2.0,"enemies":"Chosen and Byrds","floor":29.0,"turns":6.0},{"damage":11.0,"enemies":"Centurion and Healer","floor":30.0,"turns":7.0},{"damage":60,"enemies":"Automaton","floor":33,"turns":8}],"seed_played":"-1966418077188886688","potions_obtained":[{"floor":1.0,"key":"FearPotion"},{"floor":7.0,"key":"SpeedPotion"},{"floor":13.0,"key":"AttackPotion"},{"floor":14.0,"key":"SkillPotion"},{"floor":24.0,"key":"Fire Potion"},{"floor":25.0,"key":"EssenceOfSteel"}],"is_trial":false,"path_per_floor":["M","?","T","M","$","R","E","R","T","M","E","M","E","M","R","B",null,"M","?","M","$","?","R","M","M","T","$","R","M","M","T","R","B"],"character_chosen":"DEFECT","items_purchased":["Doom and Gloom","Poison Potion","Prayer Wheel"],"campfire_rested":3,"item_purchase_floors":[5,5,21],"current_hp_per_floor":[73,61,61,59,59,59,51,51,51,51,36,30,22,17,41,30,69,59,59,56,56,56,56,23,19,19,19,43,41,30,30,54,0],"gold":117,"neow_bonus":"TEN_PERCENT_HP_BONUS","is_prod":false,"is_daily":false,"chose_seed":false,"campfire_upgraded":3,"win_rate":0,"timestamp":1557094610,"path_taken":["M","?","?","M","$","R","E","R","T","?","E","?","E","M","R","BOSS","M","?","M","$","?","R","M","M","T","$","R","M","M","?","R","BOSS"],"build_version":"2019-01-23","purchased_purges":2,"victory":false,"max_hp_per_floor":[82,82,82,82,82,82,82,82,82,82,82,82,82,82,82,82,82,82,82,82,82,82,82,82,82,82,82,82,82,82,82,82,82],"card_choices":[{"not_picked":["Compile Driver","FTL"],"picked":"Sweeping Beam","floor":1.0},{"not_picked":["Stack","Force Field","Tempest"],"picked":"SKIP","floor":4.0},{"not_picked":["FTL","Chaos"],"picked":"Cold Snap","floor":7.0},{"not_picked":["Gash","Leap"],"picked":"Ball Lightning","floor":10.0},{"not_picked":["Stack","Hello World"],"picked":"Steam","floor":11.0},{"not_picked":["Gash","FTL"],"picked":"Leap","floor":12.0},{"not_picked":["Blizzard","Steam Power","Barrage"],"picked":"SKIP","floor":13.0},{"not_picked":["Redo","Streamline"],"picked":"Beam Cell","floor":14.0},{"not_picked":["Fission","Amplify"],"picked":"Multi-Cast","floor":16.0},{"not_picked":["Auto Shields","Reprogram"],"picked":"Leap","floor":18.0},{"not_picked":["Hologram","Doom and Gloom"],"picked":"Consume","floor":20.0},{"not_picked":["Lockon","Coolheaded+1"],"picked":"Redo+1","floor":24.0},{"not_picked":["Hologram","Leap","Redo"],"picked":"SKIP","floor":24.0},{"not_picked":["Melter","Beam Cell+1"],"picked":"Glacier","floor":25.0},{"not_picked":["Redo+1","Compile Driver"],"picked":"Conserve Battery","floor":25.0},{"not_picked":["Stack","Melter","Turbo"],"picked":"SKIP","floor":29.0},{"not_picked":["Rip and Tear","Barrage+1","Stack"],"picked":"SKIP","floor":29.0},{"not_picked":["Darkness","Go for the Eyes"],"picked":"Leap","floor":30.0},{"not_picked":["Consume","Recycle","Fusion"],"picked":"SKIP","floor":30.0}],"player_experience":153390,"relics_obtained":[{"floor":3.0,"key":"Bag of Marbles"},{"floor":7.0,"key":"MawBank"},{"floor":9.0,"key":"Sundial"},{"floor":11.0,"key":"Turnip"},{"floor":13.0,"key":"Boot"},{"floor":26.0,"key":"Bag of Preparation"},{"floor":31.0,"key":"Toxic Egg 2"}],"event_choices":[{"damage_healed":0.0,"max_hp_gain":0.0,"max_hp_loss":0.0,"gold_gain":0.0,"event_name":"Scrap Ooze","player_choice":"Success","floor":2.0,"gold_loss":0.0,"damage_taken":12.0,"relics_obtained":["Tiny Chest"]},{"damage_healed":0.0,"max_hp_gain":0.0,"max_hp_loss":0.0,"gold_gain":0.0,"event_name":"The Mausoleum","player_choice":"Opened","floor":19.0,"gold_loss":0.0,"damage_taken":0.0,"relics_obtained":["Pocketwatch"]},{"damage_healed":0.0,"max_hp_gain":0.0,"max_hp_loss":0.0,"gold_gain":0.0,"cards_transformed":["Strike_B","Strike_B"],"event_name":"Drug Dealer","player_choice":"Became Test Subject","floor":22.0,"gold_loss":0.0,"damage_taken":0.0,"cards_obtained":["Blizzard","Force Field"]}],"is_beta":false,"boss_relics":[{"not_picked":["Black Star","Astrolabe"],"picked":"Cursed Key"}],"items_purged_floors":[5,21],"is_endless":false,"potions_floor_spawned":[1,7,13,14,24,25],"killed_by":"Automaton","ascension_level":12}