{"gold_per_floor":[117,133,153,170,181,209,74,86,86,106,106,106,117,132,132,236,236,252,268,279,279,298,298,298],"floor_reached":24,"playtime":1082,"items_purged":[],"score":206,"play_id":"4bd06fe2-361a-402b-9681-ecdefd54fcb7","local_time":"20181104171832","is_ascension_mode":false,"campfire_choices":[{"data":"White Noise","floor":12,"key":"SMITH"},{"floor":15,"key":"REST"},{"floor":23,"key":"REST"}],"neow_cost":"NONE","seed_source_timestamp":28460411910538,"circlet_count":0,"master_deck":["Strike_B","Strike_B","Strike_B","Strike_B+1","Defend_B","Defend_B+1","Defend_B","Defend_B","Zap","Dualcast","Meteor Strike","Conserve Battery","Ball Lightning","White Noise+1","Barrage","Leap","FTL","Echo Form","Redo","Stack","Steam","Amplify","Redo+1","Leap+1","Streamline","Self Repair+1"],"relics":["Cracked Core","Ornamental Fan","Bottled Lightning","Nloth\u0027s Gift"],"potions_floor_usage":[16,20],"damage_taken":[{"damage":1,"enemies":"Jaw Worm","floor":1,"turns":3},{"damage":3,"enemies":"Small Slimes","floor":2,"turns":3},{"damage":0,"enemies":"Cultist","floor":3,"turns":3},{"damage":9,"enemies":"2 Fungi Beasts","floor":4,"turns":3},{"damage":8,"enemies":"Gremlin Gang","floor":5,"turns":4},{"damage":3,"enemies":"Gremlin Nob","floor":6,"turns":4},{"damage":2,"enemies":"3 Louse","floor":8,"turns":3},{"damage":2,"enemies":"Blue Slaver","floor":10,"turns":4},{"damage":4,"enemies":"2 Fungi Beasts","floor":13,"turns":3},{"damage":14,"enemies":"3 Louse","floor":14,"turns":4},{"damage":30,"enemies":"Slime Boss","floor":16,"turns":8},{"damage":22,"enemies":"Chosen","floor":18,"turns":6},{"damage":2,"enemies":"Shell Parasite","floor":19,"turns":6},{"damage":14,"enemies":"3 Cultists","floor":20,"turns":7},{"damage":26,"enemies":"Shelled Parasite and Fungi","floor":22,"turns":6},{"damage":37,"enemies":"Slavers","floor":24,"turns":3}],"seed_played":"5491839855152907469","potions_obtained":[{"floor":3,"key":"GamblersBrew"},{"floor":5,"key":"FearPotion"},{"floor":6,"key":"FocusPotion"},{"floor":8,"key":"Weak Potion"},{"floor":16,"key":"LiquidBronze"},{"floor":22,"key":"Swift Potion"}],"is_trial":false,"path_per_floor":["M","M","M","M","M","E","$","M","T","M","?","R","M","M","R","B",null,"M","M","M","?","M","R","E"],"character_chosen":"DEFECT","items_purchased":["Echo Form"],"campfire_rested":2,"item_purchase_floors":[7],"current_hp_per_floor":[74,71,71,62,54,51,51,49,49,47,32,32,28,14,36,6,75,53,51,37,37,11,33,0],"gold":298,"neow_bonus":"ONE_RANDOM_RARE_CARD","is_prod":false,"is_daily":false,"chose_seed":false,"campfire_upgraded":1,"win_rate":0,"timestamp":1541312312,"path_taken":["M","M","M","M","M","E","$","M","T","M","?","R","M","M","R","BOSS","M","M","M","?","?","R","E"],"build_version":"2018-11-02","purchased_purges":0,"victory":false,"max_hp_per_floor":[75,75,75,75,75,75,75,75,75,75,75,75,75,75,75,75,75,75,75,75,75,75,75,75],"card_choices":[{"not_picked":["Redo","Sweeping Beam"],"picked":"Conserve Battery","floor":1},{"not_picked":["Consume","Gash"],"picked":"Ball Lightning","floor":2},{"not_picked":["Rebound","Rip and Tear"],"picked":"White Noise","floor":3},{"not_picked":["Rebound","Gash"],"picked":"Barrage","floor":4},{"not_picked":["Barrage","Coolheaded"],"picked":"Leap","floor":5},{"not_picked":["Force Field","Undo"],"picked":"FTL","floor":6},{"not_picked":["Cold Snap","Coolheaded"],"picked":"Redo","floor":8},{"not_picked":["Barrage","Reinforced Body","Redo"],"picked":"SKIP","floor":10},{"not_picked":["Rip and Tear","Multi-Cast"],"picked":"Stack","floor":13},{"not_picked":["Redo","Hologram"],"picked":"Steam","floor":14},{"not_picked":["Hyperbeam","Reboot"],"picked":"Amplify","floor":16},{"not_picked":[],"picked":"Redo+1","floor":18},{"not_picked":[],"picked":"Leap+1","floor":19},{"not_picked":[],"picked":"Streamline","floor":20},{"not_picked":["Steam","Static Discharge"],"picked":"Self Repair+1","floor":22}],"player_experience":180512,"relics_obtained":[{"floor":6,"key":"Ornamental Fan"},{"floor":9,"key":"Bottled Lightning"}],"event_choices":[{"damage_healed":0,"gold_gain":0,"player_choice":"Entered Light","damage_taken":15,"max_hp_gain":0,"max_hp_loss":0,"event_name":"Shining Light","floor":11,"gold_loss":0,"cards_upgraded":["Defend_B","Strike_B"]},{"damage_healed":0,"gold_gain":0,"player_choice":"Traded Relic","damage_taken":0,"relics_obtained":["Nloth\u0027s Gift"],"max_hp_gain":0,"max_hp_loss":0,"event_name":"N\u0027loth","floor":21,"relics_lost":["Busted Crown"],"gold_loss":0}],"is_beta":true,"boss_relics":[{"not_picked":["Calling Bell","Astrolabe"],"picked":"Busted Crown"}],"items_purged_floors":[],"is_endless":false,"potions_floor_spawned":[3,5,6,8,16,22],"killed_by":"Slavers","ascension_level":0}