{"gold_per_floor":[17,17,37,53,73,108,108,108,108,108,183,203,233,251,251,323,323,338,318,335,352,267,267,15,0,46,46,72,72,13,23,23,96,96,114,128,128,128,140,140,495,595,646,101,101,101,116,130,130,130],"floor_reached":51,"playtime":2387,"items_purged":["Strike_R"],"score":1368,"play_id":"23cdd7a6-eceb-483e-adb7-5683fe959dc0","local_time":"20190527131132","is_ascension_mode":true,"campfire_choices":[{"data":"Armaments","floor":8.0,"key":"SMITH"},{"data":"Inflame","floor":10.0,"key":"SMITH"},{"floor":15.0,"key":"REST"},{"floor":23.0,"key":"REST"},{"data":"Limit Break","floor":27.0,"key":"SMITH"},{"floor":32.0,"key":"REST"},{"floor":40.0,"key":"REST"},{"data":"1","floor":46.0,"key":"LIFT"},{"floor":49,"key":"REST"}],"neow_cost":"NO_GOLD","seed_source_timestamp":162957423502463,"circlet_count":0,"master_deck":["AscendersBane","Strike_R","Strike_R","Defend_R","Defend_R","Defend_R","Bash","Inflame+1","Perfected Strike","Pommel Strike","Armaments+1","Flame Barrier","Disarm","Limit Break+1","Flame Barrier","Heavy Blade","Impervious","Uppercut","Barricade","Disarm","Flame Barrier","Clothesline"],"special_seed":0,"relics":["Burning Blood","Vajra","Sundial","Letter Opener","Blood Vial","Snecko Eye","Potion Belt","Bag of Marbles","Regal Pillow","Ancient Tea Set","Sozu","Old Coin","Shovel","Smiling Mask","Girya"],"potions_floor_usage":[],"damage_taken":[{"damage":11.0,"enemies":"Jaw Worm","floor":1.0,"turns":4.0},{"damage":1.0,"enemies":"2 Louse","floor":3.0,"turns":3.0},{"damage":1.0,"enemies":"Small Slimes","floor":4.0,"turns":3.0},{"damage":36.0,"enemies":"Gremlin Gang","floor":5.0,"turns":5.0},{"damage":28.0,"enemies":"Lagavulin","floor":6.0,"turns":6.0},{"damage":7.0,"enemies":"Exordium Wildlife","floor":12.0,"turns":5.0},{"damage":31.0,"enemies":"Gremlin Nob","floor":13.0,"turns":4.0},{"damage":6.0,"enemies":"Blue Slaver","floor":14.0,"turns":5.0},{"damage":8.0,"enemies":"The Guardian","floor":16.0,"turns":11.0},{"damage":6.0,"enemies":"Chosen","floor":18.0,"turns":6.0},{"damage":33.0,"enemies":"2 Thieves","floor":20.0,"turns":5.0},{"damage":12.0,"enemies":"Centurion and Healer","floor":21.0,"turns":4.0},{"damage":35.0,"enemies":"Gremlin Leader","floor":28.0,"turns":5.0},{"damage":6.0,"enemies":"Snake Plant","floor":31.0,"turns":4.0},{"damage":52.0,"enemies":"Automaton","floor":33.0,"turns":7.0},{"damage":1.0,"enemies":"3 Darklings","floor":35.0,"turns":6.0},{"damage":0.0,"enemies":"3 Shapes","floor":36.0,"turns":4.0},{"damage":22.0,"enemies":"Sphere and 2 Shapes","floor":39.0,"turns":4.0},{"damage":15.0,"enemies":"2 Orb Walkers","floor":41.0,"turns":5.0},{"damage":4.0,"enemies":"Mind Bloom Boss Battle","floor":42.0,"turns":6.0},{"damage":32.0,"enemies":"Writhing Mass","floor":47.0,"turns":8.0},{"damage":23.0,"enemies":"Transient","floor":48.0,"turns":6.0},{"damage":46,"enemies":"Time Eater","floor":50,"turns":13}],"seed_played":"-1886940159506109104","potions_obtained":[{"floor":3.0,"key":"Weak Potion"},{"floor":4.0,"key":"BloodPotion"},{"floor":6.0,"key":"Poison Potion"},{"floor":13.0,"key":"SpeedPotion"},{"floor":19.0,"key":"Swift Potion"},{"floor":21.0,"key":"Strength Potion"},{"floor":31.0,"key":"Weak Potion"},{"floor":33.0,"key":"Explosive Potion"}],"is_trial":false,"path_per_floor":["M","?","M","M","M","E","?","R","T","R","?","M","E","M","R","B",null,"M","?","M","M","?","R","$","?","T","R","E","$","$","M","R","B",null,"M","M","?","?","M","R","?","?","T","$","?","R","M","M","R","B",null],"character_chosen":"IRONCLAD","items_purchased":["Flame Barrier","Bag of Marbles","Heavy Blade","Barricade","Disarm","Girya"],"campfire_rested":5,"item_purchase_floors":[24,24,30,44,44,44],"current_hp_per_floor":[63,58,63,68,38,23,48,48,48,48,37,36,11,13,35,35,65,67,67,42,38,38,60,60,60,60,60,33,33,33,35,72,28,63,70,75,75,71,55,71,62,66,66,66,66,66,42,27,63,25],"gold":130,"neow_bonus":"TRANSFORM_TWO_CARDS","is_prod":false,"is_daily":false,"chose_seed":false,"campfire_upgraded":3,"win_rate":0,"timestamp":1558984292,"path_taken":["M","?","M","M","M","E","?","R","T","R","?","?","E","M","R","BOSS","M","?","?","M","?","R","$","?","T","R","E","?","$","M","R","BOSS","M","M","?","?","?","R","?","?","T","$","?","R","M","?","R","BOSS"],"build_version":"2019-01-23","purchased_purges":1,"victory":true,"max_hp_per_floor":[75,75,75,75,75,75,75,75,75,75,75,75,75,75,75,75,75,75,75,75,75,75,75,75,75,75,75,75,75,75,75,75,75,75,75,75,75,71,71,71,71,71,71,71,71,71,71,71,71,71],"card_choices":[{"not_picked":["Havoc","Seeing Red"],"picked":"Pommel Strike","floor":1.0},{"not_picked":["True Grit","Spot Weakness"],"picked":"Armaments","floor":3.0},{"not_picked":["Heavy Blade","Warcry","Seeing Red"],"picked":"SKIP","floor":4.0},{"not_picked":["Iron Wave","Bloodletting"],"picked":"Flame Barrier","floor":5.0},{"not_picked":["Anger","Twin Strike"],"picked":"Disarm","floor":6.0},{"not_picked":["Blood for Blood","Body Slam","Metallicize"],"picked":"SKIP","floor":12.0},{"not_picked":["Heavy Blade","Second Wind","Bloodletting"],"picked":"SKIP","floor":13.0},{"not_picked":["Hemokinesis","Perfected Strike","True Grit"],"picked":"SKIP","floor":14.0},{"not_picked":["Reaper","Double Tap"],"picked":"Limit Break","floor":16.0},{"not_picked":["Spot Weakness","Anger","True Grit"],"picked":"SKIP","floor":18.0},{"not_picked":["Corruption","Havoc","Rampage"],"picked":"SKIP","floor":20.0},{"not_picked":["Clash","Body Slam+1","Ghostly Armor+1"],"picked":"SKIP","floor":21.0},{"not_picked":["Limit Break","Pommel Strike+1","Fire Breathing"],"picked":"SKIP","floor":28.0},{"not_picked":["Havoc","Pommel Strike","Sword Boomerang"],"picked":"SKIP","floor":31.0},{"not_picked":["Fiend Fire","Double Tap"],"picked":"Impervious","floor":33.0},{"not_picked":["Sentinel","Second Wind","Cleave"],"picked":"SKIP","floor":35.0},{"not_picked":["Seeing Red+1","Sever Soul","Armaments"],"picked":"SKIP","floor":36.0},{"not_picked":["Clothesline","Heavy Blade","Havoc"],"picked":"SKIP","floor":39.0},{"not_picked":["Bloodletting","Flex"],"picked":"Uppercut","floor":41.0},{"not_picked":["Clash","Rupture"],"picked":"Clothesline","floor":47.0},{"not_picked":["Heavy Blade","Disarm","Headbutt"],"picked":"SKIP","floor":48}],"player_experience":641149,"relics_obtained":[{"floor":6.0,"key":"Sundial"},{"floor":9.0,"key":"Letter Opener"},{"floor":13.0,"key":"Blood Vial"},{"floor":26.0,"key":"Regal Pillow"},{"floor":28.0,"key":"Ancient Tea Set"},{"floor":41.0,"key":"Old Coin"},{"floor":42.0,"key":"Shovel"},{"floor":43.0,"key":"Smiling Mask"}],"event_choices":[{"damage_healed":0.0,"max_hp_gain":0.0,"max_hp_loss":0.0,"gold_gain":0.0,"event_name":"Scrap Ooze","player_choice":"Success","floor":2.0,"gold_loss":0.0,"damage_taken":5.0,"relics_obtained":["Vajra"]},{"damage_healed":25.0,"max_hp_gain":0.0,"max_hp_loss":0.0,"gold_gain":0.0,"event_name":"Big Fish","player_choice":"Banana","floor":7.0,"gold_loss":0.0,"damage_taken":0.0},{"damage_healed":0.0,"max_hp_gain":0.0,"max_hp_loss":0.0,"gold_gain":75.0,"event_name":"World of Goop","player_choice":"Gather Gold","floor":11.0,"gold_loss":0.0,"damage_taken":11.0},{"damage_healed":0.0,"max_hp_gain":0.0,"max_hp_loss":0.0,"gold_gain":0.0,"event_name":"The Woman in Blue","player_choice":"Bought 1 Potion","floor":19.0,"gold_loss":0.0,"damage_taken":0.0},{"damage_healed":0.0,"max_hp_gain":0.0,"max_hp_loss":0.0,"gold_gain":0.0,"event_name":"Addict","player_choice":"Obtained Relic","floor":22.0,"gold_loss":85.0,"damage_taken":0.0,"relics_obtained":["Potion Belt"]},{"damage_healed":0.0,"max_hp_gain":0.0,"max_hp_loss":0.0,"gold_gain":0.0,"event_name":"Masked Bandits","player_choice":"Paid Fearfully","floor":25.0,"gold_loss":15.0,"damage_taken":0.0},{"cards_removed":["Strike_R"],"damage_healed":0.0,"max_hp_gain":0.0,"max_hp_loss":0.0,"gold_gain":0.0,"event_name":"Falling","player_choice":"Removed Attack","floor":37.0,"gold_loss":0.0,"damage_taken":0.0},{"damage_healed":0.0,"max_hp_gain":0.0,"max_hp_loss":4.0,"gold_gain":0.0,"event_name":"Winding Halls","player_choice":"Max HP","floor":38.0,"gold_loss":0.0,"damage_taken":0.0},{"damage_healed":0.0,"max_hp_gain":0.0,"max_hp_loss":0.0,"gold_gain":0.0,"event_name":"Mysterious Sphere","player_choice":"Fight","floor":41.0,"gold_loss":0.0,"damage_taken":0.0},{"damage_healed":0.0,"max_hp_gain":0.0,"max_hp_loss":0.0,"gold_gain":0.0,"event_name":"MindBloom","player_choice":"Fight","floor":42.0,"gold_loss":0.0,"damage_taken":0.0},{"damage_healed":0.0,"max_hp_gain":0.0,"max_hp_loss":0.0,"gold_gain":0.0,"event_name":"Duplicator","player_choice":"Copied","floor":45.0,"gold_loss":0.0,"damage_taken":0.0,"cards_obtained":["Flame Barrier"]}],"is_beta":false,"boss_relics":[{"not_picked":["Lizard Tail","Philosopher\u0027s Stone"],"picked":"Snecko Eye"},{"not_picked":["Mark of Pain","Runic Pyramid"],"picked":"Sozu"}],"items_purged_floors":[44],"is_endless":false,"potions_floor_spawned":[3,4,6,13,21,31,33,36,41,42,48],"ascension_level":19}