{"gold_per_floor":[111,186,199,217,44,76,76,102,102,114,114,129,141,65,65,65],"floor_reached":16,"playtime":883,"items_purged":[],"score":207,"play_id":"483b8c24-58d8-4e19-9a39-84f8d3a03b1e","local_time":"20190601101435","is_ascension_mode":true,"campfire_choices":[{"data":"Reinforced Body","floor":7,"key":"SMITH"},{"floor":15,"key":"REST"}],"neow_cost":"NONE","seed_source_timestamp":483993654471100,"circlet_count":0,"master_deck":["AscendersBane","Strike_B","Strike_B","Strike_B","Defend_B","Defend_B","Defend_B","Defend_B","Zap","Dualcast","Rip and Tear","Capacitor","Ball Lightning","Reinforced Body+1","Glacier","Sweeping Beam","Force Field","Genetic Algorithm","Compile Driver","Thunder Strike"],"special_seed":0,"relics":["Cracked Core","Art of War","Lantern","Kunai","Mummified Hand","Gremlin Horn"],"potions_floor_usage":[6,16],"damage_taken":[{"damage":0,"enemies":"Small Slimes","floor":1,"turns":2},{"damage":0,"enemies":"2 Louse","floor":3,"turns":2},{"damage":1,"enemies":"Cultist","floor":4,"turns":3},{"damage":16,"enemies":"Gremlin Nob","floor":6,"turns":3},{"damage":25,"enemies":"Lagavulin","floor":8,"turns":7},{"damage":0,"enemies":"Large Slime","floor":10,"turns":5},{"damage":1,"enemies":"Blue Slaver","floor":12,"turns":4},{"damage":0,"enemies":"2 Fungi Beasts","floor":13,"turns":3},{"damage":35,"enemies":"The Guardian","floor":16,"turns":6}],"seed_played":"5069449640849726901","potions_obtained":[{"floor":4,"key":"FocusPotion"},{"floor":8,"key":"Dexterity Potion"}],"is_trial":false,"path_per_floor":["M","?","M","M","$","E","R","E","T","M","?","M","M","$","R","B"],"character_chosen":"DEFECT","items_purchased":["Lantern","Thunder Strike"],"campfire_rested":1,"item_purchase_floors":[5,14],"current_hp_per_floor":[64,53,53,52,52,36,36,11,11,11,11,10,10,10,31,0],"gold":65,"neow_bonus":"RANDOM_COMMON_RELIC","is_prod":false,"is_daily":false,"chose_seed":false,"campfire_upgraded":1,"win_rate":0,"timestamp":1559405675,"path_taken":["M","?","M","M","$","E","R","E","T","M","?","M","M","$","R","BOSS"],"build_version":"2019-01-23","purchased_purges":0,"victory":false,"max_hp_per_floor":[71,71,71,71,71,71,71,71,71,71,71,71,71,71,71,71],"card_choices":[{"not_picked":["Hologram","Conserve Battery"],"picked":"Rip and Tear","floor":1},{"not_picked":["Leap","Sweeping Beam"],"picked":"Capacitor","floor":3},{"not_picked":["Double Energy","Stack"],"picked":"Ball Lightning","floor":4},{"not_picked":["Ball Lightning","Redo"],"picked":"Reinforced Body","floor":6},{"not_picked":["All For One","Go for the Eyes"],"picked":"Glacier","floor":8},{"not_picked":["Streamline","Double Energy"],"picked":"Sweeping Beam","floor":10},{"not_picked":["Redo","Steam"],"picked":"Genetic Algorithm","floor":12},{"not_picked":["Rebound","Beam Cell"],"picked":"Compile Driver","floor":13}],"player_experience":843986,"relics_obtained":[{"floor":6,"key":"Kunai"},{"floor":8,"key":"Mummified Hand"},{"floor":9,"key":"Gremlin Horn"}],"event_choices":[{"damage_healed":0,"gold_gain":75,"player_choice":"Gather Gold","damage_taken":11,"max_hp_gain":0,"max_hp_loss":0,"event_name":"World of Goop","floor":2,"gold_loss":0},{"damage_healed":0,"gold_gain":0,"cards_transformed":["Strike_B"],"player_choice":"Change","damage_taken":0,"max_hp_gain":0,"max_hp_loss":0,"event_name":"Living Wall","floor":11,"gold_loss":0,"cards_obtained":["Force Field"]}],"is_beta":false,"boss_relics":[],"items_purged_floors":[],"is_endless":false,"potions_floor_spawned":[4,8],"killed_by":"The Guardian","ascension_level":17}