{"gold_per_floor":[116,116,116,126,59,86,36,49,73,107,107,126,126,126,126,205,205,215,231,231,231],"floor_reached":21,"playtime":696,"items_purged":[],"score":360,"play_id":"2266db80-d365-4d2b-9c2d-58604fd9d4a5","local_time":"20190517235318","is_ascension_mode":true,"campfire_choices":[{"data":"Uppercut","floor":11,"key":"SMITH"},{"data":"Inflame","floor":13,"key":"SMITH"},{"data":"Shockwave","floor":15,"key":"SMITH"}],"neow_cost":"NONE","seed_source_timestamp":1299612791284906,"circlet_count":0,"master_deck":["AscendersBane","Strike_R","Strike_R","Strike_R+1","Strike_R","Defend_R","Defend_R","Defend_R","Bash","Flame Barrier+1","Flame Barrier","Inflame+1","Pommel Strike+1","Uppercut+1","Shockwave+1","Injury","Decay"],"relics":["Burning Blood","NeowsBlessing","Ancient Tea Set","Omamori","Whetstone","Calling Bell","Bag of Marbles","Darkstone Periapt","Torii"],"potions_floor_usage":[],"damage_taken":[{"damage":0,"enemies":"Jaw Worm","floor":1,"turns":1},{"damage":0,"enemies":"Cultist","floor":4,"turns":1},{"damage":0,"enemies":"3 Sentries","floor":6,"turns":2},{"damage":7,"enemies":"Small Slimes","floor":8,"turns":5},{"damage":38,"enemies":"Lagavulin","floor":10,"turns":8},{"damage":4,"enemies":"2 Fungi Beasts","floor":12,"turns":3},{"damage":18,"enemies":"The Guardian","floor":16,"turns":13},{"damage":37,"enemies":"3 Byrds","floor":18,"turns":6},{"damage":31,"enemies":"Shell Parasite","floor":19,"turns":9},{"damage":16,"enemies":"Snecko","floor":21,"turns":8}],"seed_played":"-7874131462352844336","potions_obtained":[{"floor":1,"key":"Poison Potion"},{"floor":8,"key":"Swift Potion"},{"floor":18,"key":"SkillPotion"}],"is_trial":false,"path_per_floor":["M","$","?","M","$","E","?","M","T","E","R","M","R","?","R","B",null,"M","M","?","M"],"character_chosen":"IRONCLAD","items_purchased":["Inflame"],"campfire_rested":0,"item_purchase_floors":[5],"current_hp_per_floor":[74,74,74,75,75,75,75,74,74,42,42,44,44,44,44,32,64,33,8,14,0],"gold":231,"neow_bonus":"THREE_ENEMY_KILL","is_prod":false,"is_daily":false,"chose_seed":false,"campfire_upgraded":3,"win_rate":0,"timestamp":1558158798,"path_taken":["M","$","?","M","?","E","?","M","T","E","R","?","R","?","R","BOSS","M","?","?","M"],"build_version":"2019-01-23","purchased_purges":0,"victory":false,"max_hp_per_floor":[75,75,75,75,75,75,75,75,75,75,75,75,75,75,75,75,75,75,75,81,81],"card_choices":[{"not_picked":["Bloodletting","Thunderclap"],"picked":"Flame Barrier","floor":1},{"not_picked":["Fire Breathing","Cleave"],"picked":"Flame Barrier","floor":4},{"not_picked":["Double Tap","Blood for Blood","Perfected Strike"],"picked":"SKIP","floor":6},{"not_picked":["Shrug It Off","Perfected Strike"],"picked":"Pommel Strike","floor":8},{"not_picked":["Sentinel","Corruption"],"picked":"Uppercut","floor":10},{"not_picked":["Armaments","Iron Wave","Headbutt"],"picked":"SKIP","floor":12},{"not_picked":["Armaments+1","Body Slam","Pummel"],"picked":"SKIP","floor":18},{"not_picked":["Clash","Flex","Body Slam"],"picked":"SKIP","floor":19}],"player_experience":564963,"relics_obtained":[{"floor":6,"key":"Ancient Tea Set"},{"floor":9,"key":"Omamori"},{"floor":10,"key":"Whetstone"},{"floor":17,"key":"Bag of Marbles"},{"floor":17,"key":"Darkstone Periapt"},{"floor":17,"key":"Torii"}],"event_choices":[{"damage_healed":0,"gold_gain":0,"player_choice":"Upgraded","damage_taken":0,"max_hp_gain":0,"max_hp_loss":0,"event_name":"Upgrade Shrine","floor":3,"gold_loss":0,"cards_upgraded":["Flame Barrier"]},{"cards_removed":["Defend_R"],"damage_healed":0,"gold_gain":0,"player_choice":"Card Removal","damage_taken":0,"max_hp_gain":0,"max_hp_loss":0,"event_name":"The Cleric","floor":7,"gold_loss":50},{"damage_healed":0,"gold_gain":0,"cards_transformed":["Strike_R"],"player_choice":"Transformed","damage_taken":0,"max_hp_gain":0,"max_hp_loss":0,"event_name":"Transmorgrifier","floor":14,"gold_loss":0,"cards_obtained":["Shockwave"]},{"damage_healed":0,"gold_gain":0,"player_choice":"Smashed Altar","damage_taken":0,"max_hp_gain":0,"max_hp_loss":0,"event_name":"Forgotten Altar","floor":20,"gold_loss":0,"cards_obtained":["Decay"]}],"is_beta":false,"boss_relics":[{"not_picked":["Runic Dome","Eternal Feather"],"picked":"Calling Bell"}],"items_purged_floors":[],"is_endless":false,"potions_floor_spawned":[1,8,12,18],"killed_by":"Snecko","ascension_level":14}