{"gold_per_floor":[119,138,138,162,181,216,240,283,306,327,341,341,366,136,136,256,256,256,0,0,0,0,0,0,0,0,0,0,0,0,0,0,0,0,0,0,0,0,0,0],"floor_reached":40,"playtime":2583,"items_purged":["Strike_R"],"score":673,"play_id":"2ec86044-4150-43b3-87f6-40ed235d8b53","local_time":"20190529214536","is_ascension_mode":true,"campfire_choices":[{"data":"Searing Blow","floor":12,"key":"SMITH"},{"data":"Searing Blow+1","floor":15,"key":"SMITH"},{"data":"Barricade","floor":23,"key":"SMITH"},{"data":"Searing Blow+2","floor":25,"key":"SMITH"},{"data":"Searing Blow+3","floor":32,"key":"SMITH"}],"neow_cost":"NONE","seed_source_timestamp":4231309149451462,"circlet_count":0,"master_deck":["Strike_R","Strike_R","Strike_R","Strike_R","Defend_R","Defend_R","Defend_R","Defend_R","Bash","Impatience","Heavy Blade","Spot Weakness","Whirlwind","Pommel Strike","Headbutt","Bludgeon","Clothesline","Battle Trance","Searing Blow+4","Heavy Blade","Armaments","Barricade+1","Rage","Sword Boomerang","Writhe","Flame Barrier","Outmaneuver+1","Shrug It Off+1","Shockwave+1","Conserve Battery+1","Venomology","Beam Cell+1"],"relics":["Burning Blood","Golden Idol","Thread and Needle","Smiling Mask","Happy Flower","Bag of Preparation","Ectoplasm","PrismaticShard","Boot","Black Star","CultistMask"],"potions_floor_usage":[6,7,8,16,27,33,33,33,33,33,40],"damage_taken":[{"damage":6,"enemies":"Cultist","floor":1,"turns":4},{"damage":4,"enemies":"Jaw Worm","floor":2,"turns":4},{"damage":7,"enemies":"2 Louse","floor":4,"turns":3},{"damage":9,"enemies":"Red Slaver","floor":5,"turns":5},{"damage":40,"enemies":"Lagavulin","floor":6,"turns":5},{"damage":0,"enemies":"Exordium Thugs","floor":7,"turns":5},{"damage":0,"enemies":"Gremlin Nob","floor":8,"turns":3},{"damage":0,"enemies":"Large Slime","floor":10,"turns":3},{"damage":3,"enemies":"Exordium Wildlife","floor":11,"turns":3},{"damage":10,"enemies":"Red Slaver","floor":13,"turns":2},{"damage":0,"enemies":"Slime Boss","floor":16,"turns":8},{"damage":2,"enemies":"Spheric Guardian","floor":18,"turns":3},{"damage":3,"enemies":"Chosen","floor":22,"turns":3},{"damage":2,"enemies":"Sentry and Sphere","floor":24,"turns":3},{"damage":13,"enemies":"Shelled Parasite and Fungi","floor":27,"turns":4},{"damage":21,"enemies":"Snake Plant","floor":28,"turns":3},{"damage":5,"enemies":"Snecko","floor":29,"turns":4},{"damage":4,"enemies":"Shelled Parasite and Fungi","floor":30,"turns":4},{"damage":8,"enemies":"Centurion and Healer","floor":31,"turns":3},{"damage":32,"enemies":"Automaton","floor":33,"turns":8},{"damage":0,"enemies":"3 Darklings","floor":35,"turns":3},{"damage":0,"enemies":"Orb Walker","floor":39,"turns":4},{"damage":87,"enemies":"Giant Head","floor":40,"turns":8}],"seed_played":"6018032598064759017","potions_obtained":[{"floor":1,"key":"Fire Potion"},{"floor":4,"key":"FearPotion"},{"floor":7,"key":"Block Potion"},{"floor":10,"key":"Swift Potion"},{"floor":11,"key":"Explosive Potion"},{"floor":16,"key":"Energy Potion"},{"floor":21,"key":"EntropicBrew"},{"floor":27,"key":"Poison Potion"},{"floor":28,"key":"SneckoOil"},{"floor":35,"key":"Regen Potion"}],"is_trial":false,"path_per_floor":["M","M","?","M","M","E","M","E","T","M","M","R","M","$","R","B",null,"M","$","?","?","M","R","M","R","T","M","M","M","M","M","R","B",null,"M","?","$","?","M","E"],"character_chosen":"IRONCLAD","items_purchased":["Armaments","Bag of Preparation","PrismaticShard","Sword Boomerang"],"campfire_rested":0,"item_purchase_floors":[14,14,19,19],"current_hp_per_floor":[72,74,54,53,50,16,22,28,28,34,37,37,33,33,33,39,70,74,74,74,74,77,77,80,80,80,73,58,59,61,59,59,33,68,74,74,74,66,72,0],"gold":0,"neow_bonus":"RANDOM_COLORLESS","is_prod":false,"is_daily":false,"chose_seed":false,"campfire_upgraded":5,"win_rate":0,"timestamp":1559180736,"path_taken":["M","M","?","M","M","E","M","E","T","M","M","R","M","$","R","BOSS","M","$","?","?","M","R","M","R","T","M","M","M","M","M","R","BOSS","M","?","?","?","M","E"],"build_version":"2019-01-23","purchased_purges":1,"victory":false,"max_hp_per_floor":[80,80,80,80,80,80,80,80,80,80,80,80,80,80,80,80,80,80,80,80,80,80,80,80,80,80,80,80,80,80,80,80,80,80,80,80,80,80,80,80],"card_choices":[{"not_picked":["Burning Pact","Body Slam"],"picked":"Heavy Blade","floor":1},{"not_picked":["Flex","Hemokinesis"],"picked":"Spot Weakness","floor":2},{"not_picked":["Fire Breathing","Pommel Strike"],"picked":"Whirlwind","floor":4},{"not_picked":["Anger","Burning Pact"],"picked":"Pommel Strike","floor":5},{"not_picked":["Uppercut","Rupture"],"picked":"Headbutt","floor":6},{"not_picked":["Sword Boomerang","Warcry"],"picked":"Bludgeon","floor":7},{"not_picked":["Iron Wave","Warcry"],"picked":"Clothesline","floor":8},{"not_picked":["Heavy Blade","Clothesline"],"picked":"Battle Trance","floor":10},{"not_picked":["Cleave","Iron Wave"],"picked":"Searing Blow","floor":11},{"not_picked":["Rage","Body Slam"],"picked":"Heavy Blade","floor":13},{"not_picked":["Bludgeon","Brutality"],"picked":"Barricade","floor":16},{"not_picked":["Reckless Charge","Seeing Red"],"picked":"Rage","floor":18},{"not_picked":["Skim","Gash","Choke"],"picked":"SKIP","floor":22},{"not_picked":["Gash","Auto Shields","Coolheaded"],"picked":"SKIP","floor":24},{"not_picked":["Slice+1","Hologram"],"picked":"Flame Barrier","floor":27},{"not_picked":["Ball Lightning","Rip and Tear"],"picked":"Outmaneuver+1","floor":28},{"not_picked":["Good Instincts","Hemokinesis"],"picked":"Shrug It Off+1","floor":29},{"not_picked":["True Grit","Slice"],"picked":"Shockwave+1","floor":30},{"not_picked":["Slice","Enlightenment+1"],"picked":"Conserve Battery+1","floor":31},{"not_picked":["Feed","Barricade"],"picked":"Venomology","floor":33},{"not_picked":["Flex","Wild Strike","Deflect"],"picked":"SKIP","floor":35},{"not_picked":["Chaos","Cold Snap+1"],"picked":"Beam Cell+1","floor":39}],"player_experience":176748,"relics_obtained":[{"floor":6,"key":"Thread and Needle"},{"floor":8,"key":"Smiling Mask"},{"floor":9,"key":"Happy Flower"}],"event_choices":[{"damage_healed":0,"gold_gain":0,"player_choice":"Take Damage","damage_taken":20,"relics_obtained":["Golden Idol"],"max_hp_gain":0,"max_hp_loss":0,"event_name":"Golden Idol","floor":3,"gold_loss":0},{"damage_healed":0,"gold_gain":0,"player_choice":"Opened","damage_taken":0,"relics_obtained":["Boot"],"max_hp_gain":0,"max_hp_loss":0,"event_name":"The Mausoleum","floor":20,"gold_loss":0,"cards_obtained":["Writhe"]},{"damage_healed":0,"gold_gain":0,"player_choice":"Got Potions","damage_taken":0,"max_hp_gain":0,"max_hp_loss":0,"event_name":"Lab","floor":21,"gold_loss":0},{"damage_healed":0,"gold_gain":0,"player_choice":"Trade","damage_taken":0,"relics_obtained":["CultistMask"],"max_hp_gain":0,"max_hp_loss":0,"event_name":"FaceTrader","floor":36,"gold_loss":0},{"damage_healed":0,"gold_gain":0,"player_choice":"Damaged","damage_taken":8,"max_hp_gain":0,"max_hp_loss":0,"event_name":"Wheel of Change","floor":38,"gold_loss":0}],"is_beta":false,"boss_relics":[{"not_picked":["Philosopher\u0027s Stone","Empty Cage"],"picked":"Ectoplasm"},{"not_picked":["Coffee Dripper","Snecko Eye"],"picked":"Black Star"}],"items_purged_floors":[14],"is_endless":false,"potions_floor_spawned":[1,4,7,10,11,16,27,28,31,35],"killed_by":"Giant Head","ascension_level":8}