{"gold_per_floor":[109,124,124,136,153,153,153,188,188,188,212,212,212,231,231,355,355,375,389,389,389,389,389,404,404,404,429,429],"floor_reached":28,"playtime":1517,"items_purged":[],"score":243,"play_id":"0b6980dc-6f34-4400-a642-d9363acd88a2","local_time":"20181104131453","is_ascension_mode":false,"campfire_choices":[{"data":"Inflame","floor":6,"key":"SMITH"},{"floor":10,"key":"RECALL"},{"data":"Spot Weakness","floor":13,"key":"SMITH"},{"data":"Iron Wave","floor":15,"key":"SMITH"},{"data":"J.A.X.","floor":23,"key":"SMITH"},{"data":"Flex","floor":25,"key":"SMITH"}],"neow_cost":"NONE","seed_source_timestamp":13407765339600,"circlet_count":0,"master_deck":["Defend_R","Defend_R","Defend_R","Defend_R","Bash","Inflame+1","Flex+1","Twin Strike","Spot Weakness+1","Thunderclap","Wild Strike","Iron Wave+1","Fire Breathing+1","Sword Boomerang","Bite","Bite","Bite","Bite","Bite","J.A.X.+1"],"relics":["Burning Blood","FaceOfCleric","Golden Idol","Bag of Marbles","Ancient Tea Set","Empty Cage","Potion Belt"],"potions_floor_usage":[8,16,19],"damage_taken":[{"damage":0,"enemies":"Small Slimes","floor":1,"turns":3},{"damage":5,"enemies":"Cultist","floor":2,"turns":4},{"damage":0,"enemies":"2 Louse","floor":4,"turns":2},{"damage":1,"enemies":"Exordium Wildlife","floor":5,"turns":2},{"damage":12,"enemies":"3 Sentries","floor":8,"turns":5},{"damage":6,"enemies":"Large Slime","floor":14,"turns":3},{"damage":49,"enemies":"Hexaghost","floor":16,"turns":9},{"damage":17,"enemies":"Shell Parasite","floor":18,"turns":4},{"damage":29,"enemies":"2 Thieves","floor":19,"turns":4},{"damage":28,"enemies":"Sentry and Sphere","floor":24,"turns":4},{"damage":56,"enemies":"Shelled Parasite and Fungi","floor":27,"turns":6},{"damage":21,"enemies":"Snake Plant","floor":28,"turns":2}],"seed_played":"-8040496912085746665","potions_obtained":[{"floor":1,"key":"Weak Potion"},{"floor":2,"key":"AttackPotion"},{"floor":8,"key":"Energy Potion"},{"floor":14,"key":"Weak Potion"}],"is_trial":false,"path_per_floor":["M","M","?","M","M","R","?","E","T","R","T","?","R","M","R","B",null,"M","M","?","?","?","R","M","R","T","M","M"],"character_chosen":"IRONCLAD","items_purchased":[],"campfire_rested":0,"item_purchase_floors":[],"current_hp_per_floor":[88,88,88,89,90,90,83,78,78,78,78,78,78,79,79,37,86,76,54,83,61,61,61,47,47,47,12,0],"gold":429,"neow_bonus":"TEN_PERCENT_HP_BONUS","is_prod":false,"is_daily":false,"chose_seed":false,"campfire_upgraded":5,"win_rate":0,"timestamp":1541297693,"path_taken":["M","M","?","?","M","R","?","E","T","R","?","?","R","?","R","BOSS","M","M","?","?","?","R","M","R","T","M","M"],"build_version":"2018-11-02","purchased_purges":0,"victory":false,"max_hp_per_floor":[88,88,88,89,90,90,83,84,84,84,84,84,84,85,85,86,86,87,88,88,61,61,61,62,62,62,63,63],"card_choices":[{"not_picked":["Shrug It Off","Heavy Blade"],"picked":"Inflame","floor":1},{"not_picked":["Entrench","Iron Wave"],"picked":"Flex","floor":2},{"not_picked":["Anger","Warcry"],"picked":"Twin Strike","floor":4},{"not_picked":["Clash","Offering"],"picked":"Spot Weakness","floor":5},{"not_picked":["Twin Strike","Seeing Red"],"picked":"Thunderclap","floor":8},{"not_picked":["Clothesline","True Grit"],"picked":"Iron Wave","floor":14},{"not_picked":["Warcry","Havoc+1"],"picked":"Fire Breathing+1","floor":18},{"not_picked":["Body Slam","Clash"],"picked":"Sword Boomerang","floor":19},{"not_picked":["Perfected Strike+1","Havoc","Wild Strike"],"picked":"SKIP","floor":24},{"not_picked":["Entrench","True Grit","Clothesline"],"picked":"SKIP","floor":27}],"player_experience":174778,"relics_obtained":[{"floor":8,"key":"Bag of Marbles"},{"floor":11,"key":"Ancient Tea Set"},{"floor":26,"key":"Potion Belt"}],"event_choices":[{"damage_healed":0,"gold_gain":0,"player_choice":"Trade","damage_taken":0,"relics_obtained":["FaceOfCleric"],"max_hp_gain":0,"max_hp_loss":0,"event_name":"FaceTrader","floor":3,"gold_loss":0},{"damage_healed":0,"gold_gain":0,"player_choice":"Lose Max HP","damage_taken":0,"relics_obtained":["Golden Idol"],"max_hp_gain":0,"max_hp_loss":7,"event_name":"Golden Idol","floor":7,"gold_loss":0},{"damage_healed":0,"gold_gain":0,"player_choice":"3 cards matched","damage_taken":0,"max_hp_gain":0,"max_hp_loss":0,"event_name":"Match and Keep!","floor":12,"gold_loss":0,"cards_obtained":["Wild Strike","Bash","Hemokinesis"]},{"damage_healed":29,"gold_gain":0,"player_choice":"Heal","damage_taken":0,"max_hp_gain":0,"max_hp_loss":0,"event_name":"The Library","floor":20,"gold_loss":0},{"damage_healed":0,"gold_gain":0,"player_choice":"Became a vampire","damage_taken":0,"max_hp_gain":0,"max_hp_loss":27,"event_name":"Vampires","floor":21,"gold_loss":0,"cards_obtained":["Bite","Bite","Bite","Bite","Bite"]},{"damage_healed":0,"gold_gain":0,"player_choice":"Obtain J.A.X.","damage_taken":0,"max_hp_gain":0,"max_hp_loss":0,"event_name":"Drug Dealer","floor":22,"gold_loss":0,"cards_obtained":["J.A.X."]}],"is_beta":true,"boss_relics":[{"not_picked":["Snecko Eye","Lizard Tail"],"picked":"Empty Cage"}],"items_purged_floors":[],"is_endless":false,"potions_floor_spawned":[1,2,8,14],"killed_by":"Snake Plant","ascension_level":0}