{"path_per_floor":["M","?","M","M","M","E","M","E","T","R","?","M","M","$","R","B",null,"M","M","?","$","M","E","R"],"character_chosen":"IRONCLAD","items_purchased":["Heavy Blade","Unceasing Top","Anchor"],"gold_per_floor":[118,218,233,245,264,296,313,344,344,344,344,362,381,71,71,172,172,188,206,206,63,81,113,113,113],"floor_reached":25,"campfire_rested":1,"playtime":2237,"current_hp_per_floor":[80,80,80,80,80,61,73,62,62,62,62,60,63,63,63,27,80,63,73,57,57,26,9,33,0],"items_purged":[],"gold":113,"score":235,"play_id":"0a4211cc-5edf-4c66-8558-c5eebc417e54","local_time":"20180522150923","is_prod":false,"is_daily":false,"chose_seed":false,"is_ascension_mode":false,"campfire_upgraded":2,"timestamp":1526965763,"campfire_choices":[{"data":"Limit Break","floor":10,"key":"SMITH"},{"data":"Barricade","floor":15,"key":"SMITH"},{"floor":24,"key":"REST"}],"path_taken":["M","?","M","?","M","E","M","E","T","R","?","M","M","$","R","BOSS","M","M","?","$","M","E","R","M"],"build_version":"2018-05-17","seed_source_timestamp":21518269462633,"purchased_purges":0,"victory":false,"master_deck":["Strike_R+1","Strike_R","Strike_R","Strike_R","Strike_R","Defend_R","Defend_R","Defend_R","Bash","Flame Barrier","Twin Strike","Rage","Anger","Reaper+1","Flex","Inflame","Limit Break+1","Twin Strike","Barricade+1","Heavy Blade","Impervious","Headbutt+1","Pommel Strike+1","Demon Form+1"],"max_hp_per_floor":[80,80,80,80,80,80,80,80,80,80,80,80,80,80,80,80,80,80,80,80,80,80,80,80,80],"relics":["Burning Blood","Calipers","Whetstone","Self Forming Clay","Unceasing Top","Black Star","Nilry\u0027s Codex","Anchor","Frozen Egg 2","Question Card"],"card_choices":[{"not_picked":["Armaments","Perfected Strike"],"picked":"Twin Strike","floor":1},{"not_picked":["Searing Blow","Armaments"],"picked":"Rage","floor":3},{"not_picked":["Dropkick","Twin Strike"],"picked":"Anger","floor":4},{"not_picked":["Clash","Cleave"],"picked":"Reaper","floor":5},{"not_picked":["Power Through","Thunderclap"],"picked":"Flex","floor":6},{"not_picked":["Ghostly Armor","Anger"],"picked":"Inflame","floor":7},{"not_picked":["Shrug It Off","Warcry"],"picked":"Limit Break","floor":8},{"not_picked":["Sword Boomerang","Armaments"],"picked":"Twin Strike","floor":12},{"not_picked":["Anger","Flex"],"picked":"Barricade","floor":13},{"not_picked":["Barricade","Offering"],"picked":"Impervious","floor":16},{"not_picked":["Ghostly Armor","Clothesline"],"picked":"Headbutt+1","floor":18},{"not_picked":["Cleave","Warcry","Twin Strike"],"picked":"SKIP","floor":19},{"not_picked":["Iron Wave","Intimidate"],"picked":"Pommel Strike+1","floor":22},{"not_picked":["Whirlwind","True Grit"],"picked":"Demon Form","floor":23}],"player_experience":25351,"potions_floor_usage":[6,8,16,23,25,25,25],"damage_taken":[{"damage":0,"enemies":"Small Slimes","floor":1,"turns":3},{"damage":1,"enemies":"Cultist","floor":3,"turns":3},{"damage":0,"enemies":"2 Louse","floor":4,"turns":3},{"damage":3,"enemies":"Lots of Slimes","floor":5,"turns":4},{"damage":32,"enemies":"3 Sentries","floor":6,"turns":9},{"damage":0,"enemies":"2 Fungi Beasts","floor":7,"turns":4},{"damage":26,"enemies":"Gremlin Nob","floor":8,"turns":4},{"damage":15,"enemies":"Large Slime","floor":12,"turns":7},{"damage":13,"enemies":"Exordium Wildlife","floor":13,"turns":4},{"damage":42,"enemies":"The Guardian","floor":16,"turns":10},{"damage":23,"enemies":"3 Byrds","floor":18,"turns":5},{"damage":3,"enemies":"Shell Parasite","floor":19,"turns":8},{"damage":37,"enemies":"Sentry and Sphere","floor":22,"turns":7},{"damage":23,"enemies":"Book of Stabbing","floor":23,"turns":4},{"damage":33,"enemies":"Snake Plant","floor":25,"turns":4}],"relics_obtained":[{"floor":6,"key":"Calipers"},{"floor":8,"key":"Whetstone"},{"floor":9,"key":"Self Forming Clay"},{"floor":20,"key":"Nilry\u0027s Codex"},{"floor":23,"key":"Frozen Egg 2"},{"floor":23,"key":"Question Card"}],"event_choices":[{"event_name":"Golden Shrine","player_choice":"Pray","floor":2,"damage_taken":0},{"event_name":"Liars Game","player_choice":"disagreed","floor":11,"damage_taken":0},{"event_name":"Cursed Tome","player_choice":"Obtained Book","floor":20,"damage_taken":0}],"boss_relics":[{"not_picked":["Sozu","White Beast Statue"],"picked":"Black Star"}],"potions_floor_spawned":[4,5,6,22,23],"seed_played":"5427590478521605490","killed_by":"Snake Plant","ascension_level":0,"potions_obtained":[{"floor":4,"key":"SteroidPotion"},{"floor":5,"key":"Swift Potion"},{"floor":6,"key":"Regen Potion"},{"floor":22,"key":"SteroidPotion"},{"floor":23,"key":"EntropicBrew"}],"is_trial":false}