{"gold_per_floor":[119,48,58,77,92,120,133,133,133,152,152,152,167,198,198,295,295,312,312,324,324,339,339,339],"floor_reached":24,"playtime":17143,"items_purged":[],"score":242,"play_id":"ae2b1c77-18ab-4c36-a368-661178089af0","local_time":"20190603211742","is_ascension_mode":true,"campfire_choices":[{"data":"Defragment","floor":8,"key":"SMITH"},{"data":"Self Repair","floor":11,"key":"SMITH"},{"data":"Zap","floor":15,"key":"SMITH"},{"floor":23,"key":"REST"}],"neow_cost":"PERCENT_DAMAGE","seed_source_timestamp":418035114556570,"circlet_count":0,"master_deck":["Strike_B","Strike_B","Defend_B","Defend_B","Defend_B","Defend_B","Zap+1","Dualcast","Creative AI","Hyperbeam","Chill","Defragment+1","Go for the Eyes","Self Repair+1","Conserve Battery","Glacier","Fusion+1","Steam+1","Machine Learning+1","Cold Snap","Consume+1"],"relics":["Cracked Core","Gambling Chip","Toxic Egg 2","Frozen Egg 2","Pen Nib","Black Star"],"potions_floor_usage":[6,16,20,24],"damage_taken":[{"damage":0,"enemies":"Small Slimes","floor":1,"turns":2},{"damage":4,"enemies":"Jaw Worm","floor":3,"turns":2},{"damage":0,"enemies":"2 Louse","floor":4,"turns":2},{"damage":9,"enemies":"Exordium Thugs","floor":5,"turns":3},{"damage":15,"enemies":"Lagavulin","floor":6,"turns":9},{"damage":0,"enemies":"3 Louse","floor":7,"turns":2},{"damage":0,"enemies":"Looter","floor":10,"turns":3},{"damage":0,"enemies":"Exordium Wildlife","floor":13,"turns":2},{"damage":3,"enemies":"3 Sentries","floor":14,"turns":4},{"damage":18,"enemies":"Slime Boss","floor":16,"turns":7},{"damage":3,"enemies":"Shell Parasite","floor":18,"turns":11},{"damage":31,"enemies":"3 Byrds","floor":20,"turns":6},{"damage":6,"enemies":"Snecko","floor":22,"turns":7},{"damage":35,"enemies":"Colosseum Slavers","floor":24,"turns":9},{"damage":92,"enemies":"Colosseum Nobs","floor":24,"turns":6}],"seed_played":"-4241589257654056469","potions_obtained":[{"floor":1,"key":"FairyPotion"},{"floor":5,"key":"Regen Potion"},{"floor":7,"key":"PowerPotion"},{"floor":13,"key":"PowerPotion"},{"floor":18,"key":"Explosive Potion"}],"is_trial":false,"path_per_floor":["?","?","?","?"],"character_chosen":"DEFECT","items_purchased":["Defragment"],"campfire_rested":1,"item_purchase_floors":[2],"current_hp_per_floor":[54,54,50,50,41,48,55,55,55,55,55,48,58,65,65,47,75,75,75,54,40,44,68,0],"gold":339,"neow_bonus":"TRANSFORM_TWO_CARDS","is_prod":false,"is_daily":false,"chose_seed":false,"campfire_upgraded":3,"win_rate":0,"timestamp":1559625462,"path_taken":["M","$","M","M","M","E","M","R","T","M","R","?","M","E","R","BOSS","M","?","M","?","M","R","?"],"build_version":"2019-01-23","purchased_purges":0,"victory":false,"max_hp_per_floor":[75,75,75,75,75,75,75,75,75,75,75,75,75,75,75,75,75,75,75,75,80,80,80,80],"card_choices":[{"not_picked":["Stack","Rip and Tear"],"picked":"Chill","floor":1},{"not_picked":["Reinforced Body","Compile Driver","Heatsinks"],"picked":"SKIP","floor":3},{"not_picked":["Coolheaded","Stack"],"picked":"Go for the Eyes","floor":4},{"not_picked":["Coolheaded","Steam"],"picked":"Self Repair","floor":5},{"not_picked":["Darkness","Coolheaded"],"picked":"Conserve Battery","floor":6},{"not_picked":["Stack","Redo"],"picked":"Glacier","floor":7},{"not_picked":["Rebound","Chill+1"],"picked":"Fusion+1","floor":10},{"not_picked":["Cold Snap","Static Discharge+1"],"picked":"Steam+1","floor":13},{"not_picked":["Chill+1","Turbo+1","Thunder Strike"],"picked":"SKIP","floor":14},{"not_picked":["Creative AI+1","All For One"],"picked":"Machine Learning+1","floor":16},{"not_picked":["Gash","Steam Power+1"],"picked":"Cold Snap","floor":18},{"not_picked":["Conserve Battery+1","Redo+1"],"picked":"Consume+1","floor":20},{"not_picked":["Lockon","Undo+1","Gash"],"picked":"SKIP","floor":22}],"player_experience":138775,"relics_obtained":[{"floor":6,"key":"Gambling Chip"},{"floor":9,"key":"Toxic Egg 2"},{"floor":14,"key":"Pen Nib"}],"event_choices":[{"damage_healed":0,"gold_gain":0,"player_choice":"Success","damage_taken":7,"relics_obtained":["Frozen Egg 2"],"max_hp_gain":0,"max_hp_loss":0,"event_name":"Scrap Ooze","floor":12,"gold_loss":0},{"damage_healed":0,"gold_gain":0,"player_choice":"Ignored","damage_taken":0,"max_hp_gain":0,"max_hp_loss":0,"event_name":"Ghosts","floor":19,"gold_loss":0},{"damage_healed":0,"gold_gain":0,"player_choice":"Shed Blood","damage_taken":19,"max_hp_gain":5,"max_hp_loss":0,"event_name":"Forgotten Altar","floor":21,"gold_loss":0},{"damage_healed":0,"gold_gain":0,"player_choice":"Fight","damage_taken":0,"max_hp_gain":0,"max_hp_loss":0,"event_name":"Colosseum","floor":24,"gold_loss":0},{"damage_healed":0,"gold_gain":0,"player_choice":"Fought Nobs","damage_taken":0,"max_hp_gain":0,"max_hp_loss":0,"event_name":"Colosseum","floor":24,"gold_loss":0}],"is_beta":false,"boss_relics":[{"not_picked":["Tiny House","Cursed Key"],"picked":"Black Star"}],"items_purged_floors":[],"is_endless":false,"potions_floor_spawned":[1,5,7,13,14,18,24],"killed_by":"Colosseum Nobs","ascension_level":3}