{"gold_per_floor":[118,130,150,170,190,190,219,219,219,219,236,236,246,275,275,377,377,389,389,488,121,121,153,153,172,199,94,121,131,149,162,162,162],"floor_reached":33,"playtime":1860,"items_purged":["Strike_B+1"],"score":359,"play_id":"75721e6f-c360-4c09-a98e-07496e700b48","local_time":"20190605114234","is_ascension_mode":true,"campfire_choices":[{"data":"Zap","floor":6.0,"key":"SMITH"},{"data":"Dualcast","floor":8.0,"key":"SMITH"},{"data":"Coolheaded","floor":12.0,"key":"SMITH"},{"data":"Machine Learning","floor":15.0,"key":"SMITH"},{"floor":24,"key":"REST"},{"data":"Defragment","floor":32,"key":"SMITH"}],"neow_cost":"NONE","seed_source_timestamp":402554620809749,"circlet_count":0,"master_deck":["Strike_B+1","Strike_B+1","Strike_B+1","Defend_B+1","Defend_B+1","Defend_B+1","Defend_B+1","Zap+1","Dualcast+1","Coolheaded+1","Leap","Go for the Eyes+1","Compile Driver","Sweeping Beam","BootSequence","Ball Lightning","Machine Learning+1","Necronomicurse","Self Repair","Leap","Defragment+1"],"special_seed":0,"relics":["Cracked Core","NeowsBlessing","Boot","Sundial","Gremlin Horn","Black Star","Thread and Needle","Necronomicon","Orichalcum","Shuriken","Centennial Puzzle","Girya","Calipers"],"potions_floor_usage":[16,33,33],"damage_taken":[{"damage":0.0,"enemies":"2 Louse","floor":1.0,"turns":1.0},{"damage":0.0,"enemies":"Jaw Worm","floor":2.0,"turns":1.0},{"damage":0.0,"enemies":"Small Slimes","floor":3.0,"turns":1.0},{"damage":0.0,"enemies":"Red Slaver","floor":4.0,"turns":5.0},{"damage":12.0,"enemies":"Exordium Thugs","floor":5.0,"turns":4.0},{"damage":13.0,"enemies":"Lagavulin","floor":7.0,"turns":10.0},{"damage":1.0,"enemies":"Looter","floor":11.0,"turns":3.0},{"damage":0.0,"enemies":"Blue Slaver","floor":13.0,"turns":4.0},{"damage":1.0,"enemies":"3 Sentries","floor":14.0,"turns":4.0},{"damage":15,"enemies":"Slime Boss","floor":16,"turns":11},{"damage":9,"enemies":"Spheric Guardian","floor":18,"turns":4},{"damage":11,"enemies":"Gremlin Leader","floor":23,"turns":6},{"damage":3,"enemies":"2 Thieves","floor":25,"turns":4},{"damage":24,"enemies":"Book of Stabbing","floor":28,"turns":7},{"damage":0,"enemies":"Snecko","floor":29,"turns":7},{"damage":6,"enemies":"3 Cultists","floor":30,"turns":5},{"damage":1,"enemies":"Centurion and Healer","floor":31,"turns":6},{"damage":65,"enemies":"Automaton","floor":33,"turns":8}],"seed_played":"992869230048322481","potions_obtained":[{"floor":2.0,"key":"Block Potion"},{"floor":4.0,"key":"FearPotion"},{"floor":14.0,"key":"Ancient Potion"},{"floor":16,"key":"SmokeBomb"},{"floor":25,"key":"FearPotion"},{"floor":31,"key":"Explosive Potion"}],"is_trial":false,"path_per_floor":["M","M","M","M","M","R","E","R","T","?","M","R","M","E","R","B",null,"M","?","?","$","?","E","R","M","T","$","E","M","M","M","R","B"],"character_chosen":"DEFECT","items_purchased":["Thread and Needle","Self Repair","Leap"],"campfire_rested":1,"item_purchase_floors":[21,27,27],"current_hp_per_floor":[75,75,75,75,63,63,50,50,50,35,34,34,34,33,33,18,75,66,66,66,66,50,39,61,58,58,58,41,48,49,55,55,0],"gold":162,"neow_bonus":"THREE_ENEMY_KILL","is_prod":false,"is_daily":false,"chose_seed":false,"campfire_upgraded":5,"win_rate":0,"timestamp":1559756554,"path_taken":["M","M","M","M","M","R","E","R","T","?","M","R","M","E","R","BOSS","M","?","?","?","?","E","R","M","T","$","E","M","M","M","R","BOSS"],"build_version":"2019-01-23","purchased_purges":1,"victory":false,"max_hp_per_floor":[75,75,75,75,75,75,75,75,75,75,75,75,75,75,75,75,75,75,75,75,75,75,75,75,75,75,75,75,75,75,75,75,75],"card_choices":[{"not_picked":["Stack","Beam Cell"],"picked":"Coolheaded","floor":1.0},{"not_picked":["Hologram","Coolheaded"],"picked":"Leap","floor":2.0},{"not_picked":["Gash","Steam Power"],"picked":"Go for the Eyes","floor":3.0},{"not_picked":["Redo","Leap"],"picked":"Compile Driver","floor":4.0},{"not_picked":["Undo","Go for the Eyes"],"picked":"Sweeping Beam","floor":5.0},{"not_picked":["Beam Cell","Aggregate","Gash"],"picked":"SKIP","floor":7.0},{"not_picked":["Turbo","Double Energy"],"picked":"BootSequence","floor":11.0},{"not_picked":["Rip and Tear","Loop"],"picked":"Ball Lightning","floor":13.0},{"not_picked":["Rainbow","Go for the Eyes"],"picked":"Machine Learning","floor":14.0},{"not_picked":["Streamline","Stack","Skim+1"],"picked":"SKIP","floor":18},{"not_picked":["Aggregate","Seek","Tempest"],"picked":"SKIP","floor":23},{"not_picked":["Aggregate","Seek","Tempest"],"picked":"SKIP","floor":23},{"not_picked":["Hello World","Conserve Battery","Cold Snap"],"picked":"SKIP","floor":25},{"not_picked":["Compile Driver","Barrage"],"picked":"Defragment","floor":28},{"not_picked":["Rebound","Fission","Gash"],"picked":"SKIP","floor":29},{"not_picked":["Self Repair+1","Turbo","Conserve Battery"],"picked":"SKIP","floor":30},{"not_picked":["Hologram","Go for the Eyes+1","Turbo"],"picked":"SKIP","floor":31}],"player_experience":672287,"relics_obtained":[{"floor":7.0,"key":"Boot"},{"floor":9.0,"key":"Sundial"},{"floor":14.0,"key":"Gremlin Horn"},{"floor":22,"key":"Necronomicon"},{"floor":23,"key":"Orichalcum"},{"floor":23,"key":"Shuriken"},{"floor":26,"key":"Centennial Puzzle"},{"floor":28,"key":"Girya"},{"floor":28,"key":"Calipers"}],"event_choices":[{"damage_healed":0.0,"max_hp_gain":0.0,"max_hp_loss":0.0,"gold_gain":0.0,"event_name":"Shining Light","player_choice":"Entered Light","floor":10.0,"gold_loss":0.0,"damage_taken":15.0,"cards_upgraded":["Go for the Eyes","Defend_B"]},{"damage_healed":0,"gold_gain":0,"player_choice":"Simplicity","damage_taken":0,"max_hp_gain":0,"max_hp_loss":0,"event_name":"Back to Basics","floor":19,"gold_loss":0,"cards_upgraded":["Strike_B","Strike_B","Strike_B","Strike_B","Defend_B","Defend_B","Defend_B"]},{"damage_healed":0,"gold_gain":99,"player_choice":"Stole From Cult","damage_taken":0,"max_hp_gain":0,"max_hp_loss":0,"event_name":"Nest","floor":20,"gold_loss":0},{"damage_healed":0,"gold_gain":0,"player_choice":"Obtained Book","damage_taken":16,"max_hp_gain":0,"max_hp_loss":0,"event_name":"Cursed Tome","floor":22,"gold_loss":0}],"is_beta":false,"boss_relics":[{"not_picked":["Calling Bell","FrozenCore"],"picked":"Black Star"}],"items_purged_floors":[21],"is_endless":false,"potions_floor_spawned":[2,4,14,16,25,29,31],"killed_by":"Automaton","ascension_level":4}