{"gold_per_floor":[118,43,43,43,61,93,93,119,119,119,119,148,4,4,4,102,102,114,124,0,0,19,19,34,34,84,94,123,123,123,135,135,135],"floor_reached":33,"playtime":2623,"items_purged":["Strike_R"],"score":379,"play_id":"26b2eaa6-d3b0-4710-bcfd-5f5bd7444813","local_time":"20190608200539","is_ascension_mode":true,"campfire_choices":[{"data":"Disarm","floor":7.0,"key":"SMITH"},{"floor":11.0,"key":"REST"},{"floor":15.0,"key":"REST"},{"floor":23.0,"key":"REST"},{"floor":25.0,"key":"REST"},{"floor":30.0,"key":"REST"},{"floor":32.0,"key":"REST"}],"neow_cost":"NONE","seed_source_timestamp":0,"circlet_count":0,"master_deck":["Strike_R+1","Defend_R+1","Defend_R","Defend_R","Bash","Disarm+1","Headbutt","Twin Strike","Pommel Strike","Double Tap+1","Combust","Feel No Pain","Barricade","Shockwave+1","Battle Trance+1","Exhume+1","Clothesline+1","Clothesline+1","Pummel+1","Whirlwind","Rupture","Warcry+1","Sword Boomerang","Headbutt+1","Battle Trance+1","Armaments+1","Inflame+1"],"special_seed":0,"relics":["Burning Blood","Dream Catcher","Toxic Egg 2","Regal Pillow","Ornamental Fan","Ginger","Astrolabe","CultistMask","Bag of Marbles","Paper Frog"],"potions_floor_usage":[33,33,33],"damage_taken":[{"damage":5.0,"enemies":"2 Louse","floor":1.0,"turns":3.0},{"damage":11.0,"enemies":"Small Slimes","floor":5.0,"turns":3.0},{"damage":23.0,"enemies":"Lagavulin","floor":6.0,"turns":6.0},{"damage":16.0,"enemies":"Gremlin Nob","floor":8.0,"turns":3.0},{"damage":30.0,"enemies":"3 Sentries","floor":12.0,"turns":7.0},{"damage":44.0,"enemies":"The Guardian","floor":16.0,"turns":14.0},{"damage":17.0,"enemies":"Shell Parasite","floor":18.0,"turns":6.0},{"damage":30.0,"enemies":"2 Thieves","floor":19.0,"turns":4.0},{"damage":30.0,"enemies":"Cultist and Chosen","floor":22.0,"turns":5.0},{"damage":16.0,"enemies":"Centurion and Healer","floor":24.0,"turns":6.0},{"damage":37.0,"enemies":"Sentry and Sphere","floor":27.0,"turns":7.0},{"damage":38.0,"enemies":"Gremlin Leader","floor":28.0,"turns":5.0},{"damage":7.0,"enemies":"Snecko","floor":31.0,"turns":5.0},{"damage":82,"enemies":"Automaton","floor":33,"turns":6}],"seed_played":"1424695849441928724","potions_obtained":[{"floor":1.0,"key":"Explosive Potion"},{"floor":5.0,"key":"SpeedPotion"},{"floor":6.0,"key":"Explosive Potion"},{"floor":19.0,"key":"LiquidBronze"},{"floor":22.0,"key":"SpeedPotion"}],"is_trial":false,"path_per_floor":["M","$","?","?","M","E","R","E","T","?","R","E","$","?","R","B",null,"M","M","?","?","M","R","M","R","T","M","E","?","R","M","R","B"],"character_chosen":"IRONCLAD","items_purchased":["Headbutt","Twin Strike","Shockwave+1"],"campfire_rested":6,"item_purchase_floors":[2,2,13],"current_hp_per_floor":[73,73,66,50,45,28,28,18,18,18,57,33,33,33,72,34,69,58,34,34,34,10,49,39,78,78,47,15,15,54,53,80,0],"gold":135,"neow_bonus":"RANDOM_COMMON_RELIC","is_prod":false,"is_daily":false,"chose_seed":false,"campfire_upgraded":1,"win_rate":0,"timestamp":1560042339,"path_taken":["M","$","?","?","M","E","R","E","T","?","R","E","$","?","R","BOSS","M","M","?","?","?","R","M","R","T","M","E","?","R","?","R","BOSS"],"build_version":"2019-01-23","purchased_purges":1,"victory":false,"max_hp_per_floor":[80,80,80,80,80,80,80,80,80,80,80,80,80,80,80,80,80,80,80,80,80,80,80,80,80,80,80,80,80,80,80,80,80],"card_choices":[{"not_picked":["Carnage","Sword Boomerang"],"picked":"Disarm","floor":1.0},{"not_picked":["Armaments","Cleave"],"picked":"Pommel Strike","floor":5.0},{"not_picked":["Second Wind","Perfected Strike"],"picked":"Double Tap","floor":6.0},{"not_picked":["Evolve","Twin Strike"],"picked":"Combust","floor":8.0},{"not_picked":["Headbutt","Warcry+1"],"picked":"Feel No Pain","floor":11.0},{"not_picked":["Twin Strike","Perfected Strike"],"picked":"Barricade","floor":12.0},{"not_picked":["Warcry+1","Heavy Blade"],"picked":"Battle Trance+1","floor":15.0},{"not_picked":["Bludgeon","Barricade"],"picked":"Exhume+1","floor":16.0},{"not_picked":["Heavy Blade","Twin Strike","Anger"],"picked":"SKIP","floor":18.0},{"not_picked":["Clothesline","Blood for Blood+1"],"picked":"Whirlwind","floor":19.0},{"not_picked":["Body Slam","Clothesline"],"picked":"Rupture","floor":22.0},{"not_picked":["Twin Strike","Havoc+1"],"picked":"Warcry+1","floor":23.0},{"not_picked":["Headbutt","Thunderclap+1"],"picked":"Sword Boomerang","floor":24.0},{"not_picked":["Sword Boomerang","Perfected Strike"],"picked":"Headbutt+1","floor":25.0},{"not_picked":["Flame Barrier+1","Reckless Charge+1","Dark Embrace"],"picked":"SKIP","floor":27.0},{"not_picked":["Pommel Strike","Body Slam","Perfected Strike"],"picked":"SKIP","floor":28.0},{"not_picked":["Sentinel+1","Thunderclap"],"picked":"Armaments+1","floor":31.0},{"not_picked":["Twin Strike+1","Sword Boomerang"],"picked":"Inflame+1","floor":32.0}],"player_experience":52459,"relics_obtained":[{"floor":6.0,"key":"Toxic Egg 2"},{"floor":8.0,"key":"Regal Pillow"},{"floor":9.0,"key":"Ornamental Fan"},{"floor":12.0,"key":"Ginger"},{"floor":26.0,"key":"Bag of Marbles"},{"floor":28.0,"key":"Paper Frog"}],"event_choices":[{"cards_removed":["Strike_R"],"damage_healed":0.0,"max_hp_gain":0.0,"max_hp_loss":0.0,"gold_gain":0.0,"event_name":"Golden Wing","player_choice":"Card Removal","floor":3.0,"gold_loss":0.0,"damage_taken":7.0},{"damage_healed":0.0,"max_hp_gain":0.0,"max_hp_loss":0.0,"gold_gain":0.0,"event_name":"Shining Light","player_choice":"Entered Light","floor":4.0,"gold_loss":0.0,"damage_taken":16.0,"cards_upgraded":["Defend_R","Strike_R"]},{"damage_healed":0.0,"max_hp_gain":0.0,"max_hp_loss":0.0,"gold_gain":0.0,"event_name":"Dead Adventurer","player_choice":"Searched \u00270\u0027 times","floor":10.0,"gold_loss":0.0,"damage_taken":0.0},{"damage_healed":0.0,"max_hp_gain":0.0,"max_hp_loss":0.0,"gold_gain":0.0,"event_name":"Scrap Ooze","player_choice":"Fled","floor":14.0,"gold_loss":0.0,"damage_taken":0.0},{"damage_healed":0.0,"max_hp_gain":0.0,"max_hp_loss":0.0,"gold_gain":0.0,"event_name":"Masked Bandits","player_choice":"Paid Fearfully","floor":20.0,"gold_loss":124.0,"damage_taken":0.0},{"damage_healed":0.0,"max_hp_gain":0.0,"max_hp_loss":0.0,"gold_gain":0.0,"event_name":"FaceTrader","player_choice":"Trade","floor":21.0,"gold_loss":0.0,"damage_taken":0.0,"relics_obtained":["CultistMask"]},{"damage_healed":0.0,"max_hp_gain":0.0,"max_hp_loss":0.0,"gold_gain":0.0,"event_name":"Duplicator","player_choice":"Copied","floor":29.0,"gold_loss":0.0,"damage_taken":0.0,"cards_obtained":["Battle Trance"]}],"is_beta":false,"boss_relics":[{"not_picked":["Empty Cage","Lizard Tail"],"picked":"Astrolabe"}],"items_purged_floors":[13],"is_endless":false,"potions_floor_spawned":[1,5,6,19,22,27],"killed_by":"Automaton","ascension_level":7}