{"gold_per_floor":[119,139,139,155,155,184,184,204,204,219,239,253,271,301,301,406,406,331,345,365,383,383,383],"floor_reached":23,"playtime":947,"items_purged":[],"score":207,"play_id":"6f56748d-61cb-40e1-a6f3-5ce0806fe1a2","local_time":"20190501194804","is_ascension_mode":false,"campfire_choices":[{"data":"White Noise","floor":7,"key":"SMITH"},{"data":"Defragment","floor":15,"key":"SMITH"}],"neow_cost":"NONE","seed_source_timestamp":9070999834448,"circlet_count":0,"master_deck":["Strike_B","Strike_B","Strike_B","Strike_B","Defend_B","Defend_B","Defend_B","Defend_B","Zap","Dualcast","White Noise+1","Leap","Defragment+1","Conserve Battery","Streamline","Cold Snap","Conserve Battery","Amplify","White Noise+1","Capacitor+1","Conserve Battery+1"],"relics":["Cracked Core","Bag of Preparation","Singing Bowl","Pen Nib","Black Star"],"potions_floor_usage":[6,6,12,21,23],"damage_taken":[{"damage":1,"enemies":"Cultist","floor":1,"turns":3},{"damage":0,"enemies":"Small Slimes","floor":2,"turns":3},{"damage":9,"enemies":"2 Louse","floor":4,"turns":4},{"damage":19,"enemies":"Lagavulin","floor":6,"turns":8},{"damage":1,"enemies":"Red Slaver","floor":8,"turns":3},{"damage":11,"enemies":"Exordium Wildlife","floor":10,"turns":4},{"damage":1,"enemies":"2 Fungi Beasts","floor":11,"turns":4},{"damage":11,"enemies":"Exordium Thugs","floor":12,"turns":5},{"damage":1,"enemies":"Looter","floor":13,"turns":3},{"damage":9,"enemies":"3 Sentries","floor":14,"turns":8},{"damage":8,"enemies":"The Guardian","floor":16,"turns":13},{"damage":14,"enemies":"2 Thieves","floor":18,"turns":5},{"damage":17,"enemies":"Shell Parasite","floor":19,"turns":6},{"damage":26,"enemies":"Snake Plant","floor":20,"turns":4},{"damage":14,"enemies":"Sentry and Sphere","floor":21,"turns":6},{"damage":13,"enemies":"Slavers","floor":23,"turns":2}],"seed_played":"1998475673177246330","potions_obtained":[{"floor":3,"key":"Weak Potion"},{"floor":3,"key":"Ancient Potion"},{"floor":3,"key":"Block Potion"},{"floor":4,"key":"Dexterity Potion"},{"floor":6,"key":"EssenceOfSteel"},{"floor":8,"key":"LiquidBronze"},{"floor":11,"key":"AttackPotion"},{"floor":20,"key":"Swift Potion"},{"floor":21,"key":"SpeedPotion"}],"is_trial":false,"path_per_floor":["M","M","?","M","?","E","R","M","T","M","M","M","M","E","R","B",null,"M","M","M","M","$","E"],"character_chosen":"DEFECT","items_purchased":[],"campfire_rested":0,"item_purchase_floors":[],"current_hp_per_floor":[74,74,74,65,65,46,46,47,47,38,37,26,25,18,18,10,81,67,52,26,12,12,0],"gold":383,"neow_bonus":"RANDOM_COMMON_RELIC","is_prod":false,"is_daily":false,"chose_seed":false,"campfire_upgraded":2,"win_rate":0,"timestamp":1556704084,"path_taken":["M","M","?","?","?","E","R","?","T","M","M","M","M","E","R","BOSS","M","M","?","M","$","E"],"build_version":"2019-01-23","purchased_purges":0,"victory":false,"max_hp_per_floor":[75,75,75,75,75,75,75,77,77,79,79,79,79,81,81,81,81,81,83,83,83,83,83],"card_choices":[{"not_picked":["Coolheaded","Reprogram"],"picked":"White Noise","floor":1},{"not_picked":["Barrage","Tempest"],"picked":"Leap","floor":2},{"not_picked":["Cold Snap","Doom and Gloom"],"picked":"Defragment","floor":4},{"not_picked":["Gash","Ball Lightning"],"picked":"Conserve Battery","floor":6},{"not_picked":["Barrage","Hologram","Sweeping Beam"],"picked":"Singing Bowl","floor":8},{"not_picked":["Compile Driver","Steam Power","Stack"],"picked":"Singing Bowl","floor":10},{"not_picked":["Go for the Eyes","Meteor Strike"],"picked":"Streamline","floor":11},{"not_picked":["Hologram","Redo"],"picked":"Cold Snap","floor":12},{"not_picked":["Lockon","Scrape"],"picked":"Conserve Battery","floor":13},{"not_picked":["Hologram","Sweeping Beam","Steam"],"picked":"Singing Bowl","floor":14},{"not_picked":["Meteor Strike","Hyperbeam"],"picked":"Amplify","floor":16},{"not_picked":["Lockon","Stack"],"picked":"White Noise+1","floor":18},{"not_picked":["Scrape+1","Compile Driver+1","Rebound"],"picked":"Singing Bowl","floor":19},{"not_picked":["Cold Snap","Defragment"],"picked":"Capacitor+1","floor":20},{"not_picked":["Turbo+1","Reinforced Body"],"picked":"Conserve Battery+1","floor":21}],"player_experience":150841,"relics_obtained":[{"floor":6,"key":"Singing Bowl"},{"floor":14,"key":"Pen Nib"}],"event_choices":[{"damage_healed":0,"gold_gain":0,"player_choice":"Got Potions","damage_taken":0,"max_hp_gain":0,"max_hp_loss":0,"event_name":"Lab","floor":3,"gold_loss":0},{"damage_healed":0,"gold_gain":0,"player_choice":"Ignored","damage_taken":0,"max_hp_gain":0,"max_hp_loss":0,"event_name":"NoteForYourself","floor":5,"gold_loss":0}],"is_beta":false,"boss_relics":[{"not_picked":["Tiny House","White Beast Statue"],"picked":"Black Star"}],"items_purged_floors":[],"is_endless":false,"potions_floor_spawned":[4,6,8,11,20,21],"killed_by":"Slavers","ascension_level":0}