{"gold_per_floor":[114,133,149,159,173,173,173,173,173,173],"floor_reached":10,"playtime":221,"items_purged":[],"score":120,"play_id":"8aa74da1-8301-44ea-9f8e-fc2dfed80c7b","local_time":"20190406001417","is_ascension_mode":true,"campfire_choices":[{"floor":6,"key":"REST"},{"data":"Predator","floor":8,"key":"SMITH"}],"neow_cost":"NONE","seed_source_timestamp":702760032472802,"circlet_count":0,"master_deck":["AscendersBane","Defend_G","Defend_G","Defend_G","Defend_G","Defend_G","Strike_G","Strike_G","Strike_G","Strike_G","Strike_G","Survivor","Neutralize","Predator+1"],"relics":["Ring of the Snake","NeowsBlessing","Pear"],"potions_floor_usage":[],"damage_taken":[{"damage":0,"enemies":"Small Slimes","floor":1,"turns":1},{"damage":0,"enemies":"Jaw Worm","floor":2,"turns":1},{"damage":0,"enemies":"Cultist","floor":3,"turns":1},{"damage":9,"enemies":"Blue Slaver","floor":4,"turns":4},{"damage":37,"enemies":"Large Slime","floor":5,"turns":10},{"damage":6,"enemies":"2 Fungi Beasts","floor":10,"turns":3}],"seed_played":"-7630713280067670317","potions_obtained":[{"floor":1,"key":"GamblersBrew"}],"is_trial":false,"path_per_floor":["M","M","M","M","M","R","?","R","T","M"],"character_chosen":"THE_SILENT","items_purchased":[],"campfire_rested":1,"item_purchase_floors":[],"current_hp_per_floor":[59,59,59,50,13,32,32,32,42,36],"gold":173,"neow_bonus":"THREE_ENEMY_KILL","is_prod":false,"is_daily":false,"chose_seed":false,"campfire_upgraded":1,"win_rate":0,"timestamp":1554531257,"path_taken":["M","M","M","M","M","R","?","R","T","M"],"build_version":"2019-01-23","purchased_purges":0,"victory":false,"max_hp_per_floor":[66,66,66,66,66,66,66,66,76,76],"card_choices":[{"not_picked":["All Out Attack","Flying Knee","Tactician"],"picked":"SKIP","floor":1},{"not_picked":["Sucker Punch","Outmaneuver","Infinite Blades"],"picked":"SKIP","floor":2},{"not_picked":["Distraction","Dodge and Roll"],"picked":"Predator","floor":3},{"not_picked":["Underhanded Strike","Accuracy","Blur"],"picked":"SKIP","floor":4},{"not_picked":["Blade Dance","Cloak And Dagger","Endless Agony"],"picked":"SKIP","floor":5}],"player_experience":460829,"relics_obtained":[{"floor":9,"key":"Pear"}],"event_choices":[{"damage_healed":0,"gold_gain":0,"player_choice":"Ignored","damage_taken":0,"max_hp_gain":0,"max_hp_loss":0,"event_name":"Liars Game","floor":7,"gold_loss":0}],"is_beta":false,"boss_relics":[],"items_purged_floors":[],"is_endless":false,"potions_floor_spawned":[1],"killed_by":"2 Fungi Beasts","ascension_level":20}