{"gold_per_floor":[367,367,442,452,452,499,521,560,598,610,640,274,288,306,306,403,403,415,415,415,432,451,451,467,467,467,467,483,483,483,198,198,297,297,311,311,89,99,111,136,136,136,160,188,203,203,232,247,247,247],"floor_reached":51,"playtime":4614,"items_purged":["Strike_B","Blizzard","Rip and Tear"],"score":1324,"play_id":"b2d975e9-91ea-4abd-9875-2c12d0aa8671","local_time":"20190419134411","is_ascension_mode":true,"campfire_choices":[{"floor":10.0,"key":"REST"},{"data":"Genetic Algorithm","floor":15.0,"key":"SMITH"},{"data":"Fission","floor":23.0,"key":"SMITH"},{"data":"Chaos","floor":25.0,"key":"SMITH"},{"data":"Loop","floor":27.0,"key":"SMITH"},{"data":"Ghostly","floor":30,"key":"SMITH"},{"data":"Apotheosis","floor":32,"key":"SMITH"},{"data":"Seek","floor":41,"key":"SMITH"},{"data":"Biased Cognition","floor":46,"key":"SMITH"},{"data":"Biased Cognition","floor":49,"key":"SMITH"}],"neow_cost":"TEN_PERCENT_HP_LOSS","seed_source_timestamp":172453677218800,"circlet_count":0,"master_deck":["AscendersBane","Zap","Dualcast+1","Ball Lightning","Chaos+1","Rebound","Core Surge","Genetic Algorithm+1","Fission+1","Coolheaded","Seek+1","White Noise","Conserve Battery","Turbo","Biased Cognition+1","Biased Cognition+1","Loop+1","Hologram+1","Chill","Ghostly+1","Ghostly","Ghostly","Ghostly","Ghostly","Apotheosis+1","Machine Learning","Glacier+1","Impatience"],"special_seed":0,"relics":["Cracked Core","MawBank","Anchor","Pen Nib","Blood Vial","DataDisk","Pandora\u0027s Box","Art of War","Gremlin Horn","Philosopher\u0027s Stone","Ginger","Potion Belt","Singing Bowl","Ancient Tea Set"],"potions_floor_usage":[33,40,50],"damage_taken":[{"damage":0.0,"enemies":"2 Louse","floor":1.0,"turns":1.0},{"damage":0.0,"enemies":"Small Slimes","floor":4.0,"turns":3.0},{"damage":17.0,"enemies":"Lagavulin","floor":6.0,"turns":6.0},{"damage":0.0,"enemies":"Cultist","floor":7.0,"turns":3.0},{"damage":16.0,"enemies":"Gremlin Nob","floor":8.0,"turns":4.0},{"damage":0.0,"enemies":"2 Fungi Beasts","floor":11.0,"turns":3.0},{"damage":2.0,"enemies":"Exordium Wildlife","floor":13.0,"turns":4.0},{"damage":0.0,"enemies":"Red Slaver","floor":14.0,"turns":2.0},{"damage":32.0,"enemies":"Hexaghost","floor":16.0,"turns":11.0},{"damage":0.0,"enemies":"Chosen","floor":18.0,"turns":4.0},{"damage":11.0,"enemies":"Spheric Guardian","floor":21.0,"turns":3.0},{"damage":19.0,"enemies":"3 Cultists","floor":22.0,"turns":5.0},{"damage":0.0,"enemies":"Snake Plant","floor":24.0,"turns":3.0},{"damage":5.0,"enemies":"Centurion and Healer","floor":28.0,"turns":5.0},{"damage":7,"enemies":"Collector","floor":33,"turns":5},{"damage":1,"enemies":"3 Shapes","floor":35,"turns":4},{"damage":0,"enemies":"Orb Walker","floor":38,"turns":3},{"damage":0,"enemies":"Spire Growth","floor":39,"turns":4},{"damage":0,"enemies":"Reptomancer","floor":40,"turns":4},{"damage":0,"enemies":"Nemesis","floor":44,"turns":9},{"damage":0,"enemies":"Transient","floor":45,"turns":5},{"damage":6,"enemies":"Reptomancer","floor":47,"turns":7},{"damage":2,"enemies":"4 Shapes","floor":48,"turns":5},{"damage":0,"enemies":"Time Eater","floor":50,"turns":8}],"seed_played":"-1518139835304088914","potions_obtained":[{"floor":6.0,"key":"Block Potion"},{"floor":7.0,"key":"Strength Potion"},{"floor":8.0,"key":"GamblersBrew"},{"floor":14.0,"key":"SpeedPotion"},{"floor":16.0,"key":"LiquidBronze"},{"floor":24.0,"key":"Block Potion"},{"floor":28,"key":"Regen Potion"},{"floor":38,"key":"Weak Potion"},{"floor":39,"key":"Explosive Potion"},{"floor":40,"key":"Poison Potion"},{"floor":45,"key":"GamblersBrew"}],"is_trial":false,"path_per_floor":["M","?","?","M","?","E","M","E","T","R","M","$","M","M","R","B",null,"M","?","T","M","M","R","M","R","T","R","M","?","R","$","R","B",null,"M","?","$","M","M","E","R","?","T","E","M","R","E","M","R","B",null],"character_chosen":"DEFECT","items_purchased":["DataDisk","Fission","Apotheosis","Impatience"],"campfire_rested":1,"item_purchase_floors":[12,12,31,37],"current_hp_per_floor":[68,54,43,43,43,26,26,10,10,30,32,32,32,34,34,4,52,54,54,54,45,28,28,30,30,30,30,27,27,27,27,27,34,34,33,33,33,34,34,34,34,34,34,36,38,38,34,36,36,38],"gold":247,"neow_bonus":"TWO_FIFTY_GOLD","is_prod":false,"is_daily":false,"chose_seed":false,"campfire_upgraded":9,"win_rate":0,"timestamp":1555703051,"path_taken":["M","?","?","M","?","E","M","E","T","R","M","$","M","?","R","BOSS","M","?","?","?","M","R","M","R","T","R","M","?","R","$","R","BOSS","M","?","$","?","M","E","R","?","T","E","?","R","E","M","R","BOSS"],"build_version":"2019-01-23","purchased_purges":3,"victory":true,"max_hp_per_floor":[68,68,68,68,68,68,68,68,68,68,68,68,68,68,68,68,68,68,68,68,68,68,68,68,68,68,68,68,34,34,34,34,34,34,34,34,34,34,34,34,34,34,34,36,38,38,40,42,42,42],"card_choices":[{"not_picked":["Lockon","Turbo"],"picked":"Ball Lightning","floor":1.0},{"not_picked":["Beam Cell","Coolheaded"],"picked":"Chaos","floor":4.0},{"not_picked":["Ball Lightning","Scrape"],"picked":"Rebound","floor":6.0},{"not_picked":["Gash","Ball Lightning","Barrage"],"picked":"SKIP","floor":7.0},{"not_picked":["Turbo","Redo"],"picked":"Core Surge","floor":8.0},{"not_picked":["Blizzard","Conserve Battery"],"picked":"Genetic Algorithm","floor":11.0},{"not_picked":["Cold Snap","Static Discharge"],"picked":"Coolheaded","floor":13.0},{"not_picked":["Barrage","Double Energy","Static Discharge"],"picked":"SKIP","floor":14.0},{"not_picked":["Thunder Strike","Multi-Cast"],"picked":"Seek","floor":16.0},{"not_picked":["Steam","Ball Lightning"],"picked":"Loop","floor":18.0},{"not_picked":["Streamline","Lockon","Compile Driver"],"picked":"SKIP","floor":21.0},{"not_picked":["Coolheaded","Gash"],"picked":"Hologram+1","floor":22.0},{"not_picked":["Multi-Cast","Streamline"],"picked":"Chill","floor":24.0},{"not_picked":["Leap","Conserve Battery","Turbo"],"picked":"SKIP","floor":28},{"not_picked":["Hyperbeam","Fission"],"picked":"Machine Learning","floor":33},{"not_picked":["Conserve Battery+1","Hologram+1"],"picked":"Glacier+1","floor":35},{"not_picked":["Steam Power+1","Double Energy+1","Chill"],"picked":"SKIP","floor":38},{"not_picked":["Coolheaded","Beam Cell+1","Hello World+1"],"picked":"SKIP","floor":39},{"not_picked":["Coolheaded+1","Reprogram+1","Sweeping Beam"],"picked":"SKIP","floor":40},{"not_picked":["Steam+1","Coolheaded","Conserve Battery"],"picked":"Singing Bowl","floor":44},{"not_picked":["Rebound+1","Reprogram+1","Leap"],"picked":"Singing Bowl","floor":45},{"not_picked":["Electrodynamics","Compile Driver+1","Self Repair+1"],"picked":"Singing Bowl","floor":47},{"not_picked":["Turbo","Stack","Barrage"],"picked":"Singing Bowl","floor":48}],"player_experience":588549,"relics_obtained":[{"floor":5.0,"key":"MawBank"},{"floor":6.0,"key":"Anchor"},{"floor":8.0,"key":"Pen Nib"},{"floor":9.0,"key":"Blood Vial"},{"floor":20.0,"key":"Art of War"},{"floor":26.0,"key":"Gremlin Horn"},{"floor":40,"key":"Ginger"},{"floor":44,"key":"Singing Bowl"},{"floor":47,"key":"Ancient Tea Set"}],"event_choices":[{"damage_healed":0.0,"max_hp_gain":0.0,"max_hp_loss":0.0,"gold_gain":0.0,"event_name":"Shining Light","player_choice":"Entered Light","floor":2.0,"gold_loss":0.0,"damage_taken":14.0,"cards_upgraded":["Defend_B","Dualcast"]},{"damage_healed":0.0,"max_hp_gain":0.0,"max_hp_loss":0.0,"gold_gain":75.0,"event_name":"World of Goop","player_choice":"Gather Gold","floor":3.0,"gold_loss":0.0,"damage_taken":11.0},{"damage_healed":0.0,"max_hp_gain":0.0,"max_hp_loss":0.0,"gold_gain":0.0,"event_name":"Wheel of Change","player_choice":"Relic","floor":5.0,"gold_loss":0.0,"damage_taken":0.0},{"damage_healed":0.0,"max_hp_gain":0.0,"max_hp_loss":0.0,"gold_gain":0.0,"event_name":"Vampires","player_choice":"Ignored","floor":19.0,"gold_loss":0.0,"damage_taken":0.0},{"damage_healed":0,"gold_gain":0,"player_choice":"Became a Ghost","damage_taken":0,"max_hp_gain":0,"max_hp_loss":34,"event_name":"Ghosts","floor":29,"gold_loss":0,"cards_obtained":["Ghostly","Ghostly","Ghostly","Ghostly","Ghostly"]},{"damage_healed":0,"gold_gain":0,"player_choice":"Leave","damage_taken":0,"max_hp_gain":0,"max_hp_loss":0,"event_name":"FaceTrader","floor":36,"gold_loss":0},{"damage_healed":0,"gold_gain":0,"player_choice":"Gave Potion","damage_taken":0,"relics_obtained":["Potion Belt"],"max_hp_gain":0,"max_hp_loss":0,"event_name":"WeMeetAgain","floor":42,"gold_loss":0}],"is_beta":false,"boss_relics":[{"not_picked":["Coffee Dripper","Cursed Key"],"picked":"Pandora\u0027s Box"},{"not_picked":["Empty Cage","Calling Bell"],"picked":"Philosopher\u0027s Stone"}],"items_purged_floors":[12,31,37],"is_endless":false,"potions_floor_spawned":[6,7,8,14,16,18,24,28,38,39,40,45],"ascension_level":11}