{"gold_per_floor":[110,128,203,223,223,251,271,116,116,116,136,66,93,106,106,203,203,220,145,156,156,168,168,168],"floor_reached":24,"playtime":1341,"items_purged":["Strike_B"],"score":218,"play_id":"5d4c5a33-68e9-43aa-aeae-41488861d879","local_time":"20180629132517","is_ascension_mode":true,"campfire_choices":[{"floor":10,"key":"REST"},{"floor":15,"key":"REST"},{"data":"Defragment","floor":23,"key":"SMITH"}],"neow_cost":"","seed_source_timestamp":29575138871062,"circlet_count":0,"master_deck":["Strike_B","Strike_B","Strike_B","Defend_B","Defend_B","Defend_B","Defend_B","Zap","Dualcast","White Noise","Redo","Streamline","Cold Snap","Defragment+1","FTL","BootSequence","Self Repair","Echo Form","Hologram","Cold Snap","Amplify","Loop+1","Redo+1","Double Energy+1","Chaos+1","Conserve Battery+1"],"relics":["Cracked Core","Pen Nib","Toolbox","Prayer Wheel","Inserter"],"potions_floor_usage":[14,16,20],"damage_taken":[{"damage":0,"enemies":"Small Slimes","floor":1,"turns":3},{"damage":0,"enemies":"2 Louse","floor":2,"turns":3},{"damage":5,"enemies":"Jaw Worm","floor":4,"turns":4},{"damage":26,"enemies":"Lagavulin","floor":6,"turns":6},{"damage":7,"enemies":"Blue Slaver","floor":7,"turns":4},{"damage":16,"enemies":"2 Fungi Beasts","floor":11,"turns":4},{"damage":14,"enemies":"3 Sentries","floor":13,"turns":6},{"damage":11,"enemies":"3 Louse","floor":14,"turns":4},{"damage":35,"enemies":"Slime Boss","floor":16,"turns":5},{"damage":3,"enemies":"Shell Parasite","floor":18,"turns":6},{"damage":25,"enemies":"2 Thieves","floor":19,"turns":5},{"damage":15,"enemies":"Centurion and Healer","floor":20,"turns":14},{"damage":4,"enemies":"Snecko","floor":22,"turns":7},{"damage":65,"enemies":"Book of Stabbing","floor":24,"turns":5}],"seed_played":"-1463818136061201985","potions_obtained":[{"floor":1,"key":"Fire Potion"},{"floor":7,"key":"SpeedPotion"},{"floor":11,"key":"FearPotion"},{"floor":14,"key":"PowerPotion"},{"floor":16,"key":"LiquidBronze"},{"floor":18,"key":"Block Potion"}],"is_trial":false,"path_per_floor":["M","M","?","M","?","E","M","$","T","R","M","$","E","M","R","B",null,"M","M","M","?","M","R"],"character_chosen":"DEFECT","items_purchased":["FTL","Self Repair"],"campfire_rested":2,"item_purchase_floors":[8,12],"current_hp_per_floor":[75,75,64,59,59,33,26,26,26,48,32,32,25,28,50,15,75,75,50,56,56,59,59,0],"gold":168,"neow_bonus":"","is_prod":false,"is_daily":false,"chose_seed":false,"campfire_upgraded":1,"win_rate":0,"timestamp":1530242717,"path_taken":["M","M","?","M","?","E","M","$","T","R","M","?","E","M","R","BOSS","M","M","M","?","M","R","E"],"build_version":"2018-06-28","purchased_purges":1,"victory":false,"max_hp_per_floor":[75,75,75,75,75,75,75,75,75,75,75,75,75,75,75,75,75,75,75,75,75,75,75,75],"card_choices":[{"not_picked":["Loop","Turbo"],"picked":"White Noise","floor":1},{"not_picked":["Rebound","Leap"],"picked":"Redo","floor":2},{"not_picked":["Turbo","Barrage"],"picked":"Streamline","floor":4},{"not_picked":["Rebound","Turbo"],"picked":"Cold Snap","floor":6},{"not_picked":["Ball Lightning","Gash"],"picked":"Defragment","floor":7},{"not_picked":["Compile Driver","Cold Snap"],"picked":"BootSequence","floor":11},{"not_picked":["Go for the Eyes","White Noise"],"picked":"Echo Form","floor":13},{"not_picked":["Coolheaded","Sweeping Beam"],"picked":"Hologram","floor":14},{"not_picked":["Streamline","Reprogram"],"picked":"Cold Snap","floor":14},{"not_picked":["Core Surge","Meteor Strike"],"picked":"Amplify","floor":16},{"not_picked":["Hologram","Streamline+1"],"picked":"Loop+1","floor":18},{"not_picked":["Compile Driver","Gash+1","Redo"],"picked":"SKIP","floor":18},{"not_picked":["Barrage","Turbo"],"picked":"Redo+1","floor":19},{"not_picked":["Aggregate+1","Cold Snap","Genetic Algorithm"],"picked":"SKIP","floor":19},{"not_picked":["Chill","Ball Lightning"],"picked":"Double Energy+1","floor":20},{"not_picked":["Cold Snap","Go for the Eyes+1"],"picked":"Chaos+1","floor":20},{"not_picked":["Skim","BootSequence"],"picked":"Conserve Battery+1","floor":22},{"not_picked":["Streamline+1","Sunder","Reinforced Body"],"picked":"SKIP","floor":22}],"player_experience":73803,"relics_obtained":[{"floor":6,"key":"Pen Nib"},{"floor":9,"key":"Toolbox"},{"floor":13,"key":"Prayer Wheel"}],"event_choices":[{"event_name":"World of Goop","player_choice":"Gather Gold","floor":3,"damage_taken":0},{"event_name":"Liars Game","player_choice":"disagreed","floor":5,"damage_taken":0},{"event_name":"Vampires","player_choice":"Ignored","floor":21,"damage_taken":0}],"boss_relics":[{"not_picked":["Orrery","Runic Dome"],"picked":"Inserter"}],"items_purged_floors":[8],"is_endless":false,"potions_floor_spawned":[1,7,11,13,14,16,18],"killed_by":"Book of Stabbing","ascension_level":1}