{"gold_per_floor":[114,124,134,209,228,260,260,3,29,29,94,125,140,156,156,156],"floor_reached":16,"playtime":618,"items_purged":["Strike_G"],"score":218,"play_id":"08979592-101a-44f6-9560-563a954a9ef2","local_time":"20190330113222","is_ascension_mode":true,"campfire_choices":[{"floor":7,"key":"REST"},{"data":"Die Die Die","floor":10,"key":"SMITH"},{"data":"Dash","floor":15,"key":"SMITH"}],"neow_cost":"TEN_PERCENT_HP_LOSS","seed_source_timestamp":138244808151565,"circlet_count":0,"master_deck":["AscendersBane","Defend_G","Defend_G","Defend_G","Defend_G","Defend_G","Strike_G","Strike_G","Strike_G","Strike_G","Survivor","Neutralize","Die Die Die+1","Dagger Spray","Sucker Punch","Endless Agony","Dash+1","Swift Strike","Cloak And Dagger","Endless Agony"],"relics":["Ring of the Snake","Blood Vial","Bronze Scales","Art of War","Bag of Preparation"],"potions_floor_usage":[6,6,12],"damage_taken":[{"damage":6,"enemies":"Jaw Worm","floor":1,"turns":5},{"damage":2,"enemies":"Small Slimes","floor":2,"turns":5},{"damage":1,"enemies":"Cultist","floor":3,"turns":4},{"damage":10,"enemies":"Blue Slaver","floor":5,"turns":4},{"damage":25,"enemies":"Lagavulin","floor":6,"turns":5},{"damage":2,"enemies":"3 Sentries","floor":11,"turns":4},{"damage":19,"enemies":"Gremlin Nob","floor":12,"turns":4},{"damage":0,"enemies":"Exordium Wildlife","floor":13,"turns":1},{"damage":0,"enemies":"3 Louse","floor":14,"turns":1},{"damage":13,"enemies":"Hexaghost","floor":16,"turns":9}],"seed_played":"2883017828009156854","potions_obtained":[{"floor":3,"key":"Fire Potion"},{"floor":5,"key":"AttackPotion"},{"floor":11,"key":"Ancient Potion"}],"is_trial":false,"path_per_floor":["M","M","M","?","M","E","R","$","T","R","?","E","M","M","R","B"],"character_chosen":"THE_SILENT","items_purchased":["Dash","Swift Strike"],"campfire_rested":1,"item_purchase_floors":[8,8],"current_hp_per_floor":[53,51,50,39,29,4,22,22,22,22,22,5,7,9,9,0],"gold":156,"neow_bonus":"THREE_RARE_CARDS","is_prod":false,"is_daily":false,"chose_seed":false,"campfire_upgraded":2,"win_rate":0,"timestamp":1553967142,"path_taken":["M","M","M","?","M","E","R","$","T","R","?","E","M","M","R","BOSS"],"build_version":"2019-01-23","purchased_purges":1,"victory":false,"max_hp_per_floor":[60,60,60,60,60,60,60,60,60,60,60,60,60,60,60,60],"card_choices":[{"not_picked":["Adrenaline","Glass Knife"],"picked":"Die Die Die","floor":0},{"not_picked":["Outmaneuver","Reflex","Bane"],"picked":"SKIP","floor":1},{"not_picked":["Caltrops","Blade Dance"],"picked":"Dagger Spray","floor":2},{"not_picked":["Tactician","Poisoned Stab"],"picked":"Sucker Punch","floor":3},{"not_picked":["Quick Slash","Underhanded Strike","Deadly Poison"],"picked":"SKIP","floor":5},{"not_picked":["PiercingWail","Prepared"],"picked":"Endless Agony","floor":6},{"not_picked":["Tactician","Choke"],"picked":"Cloak And Dagger","floor":11},{"not_picked":["Prepared","Eviscerate"],"picked":"Endless Agony","floor":12},{"not_picked":["Deadly Poison","Dagger Throw","Terror"],"picked":"SKIP","floor":13},{"not_picked":["Blade Dance","All Out Attack","Concentrate"],"picked":"SKIP","floor":14}],"player_experience":357759,"relics_obtained":[{"floor":6,"key":"Blood Vial"},{"floor":9,"key":"Bronze Scales"},{"floor":11,"key":"Art of War"},{"floor":12,"key":"Bag of Preparation"}],"event_choices":[{"damage_healed":0,"gold_gain":75,"player_choice":"Gather Gold","damage_taken":11,"max_hp_gain":0,"max_hp_loss":0,"event_name":"World of Goop","floor":4,"gold_loss":0},{"damage_healed":0,"gold_gain":0,"player_choice":"Searched \u00272\u0027 times","damage_taken":0,"max_hp_gain":0,"max_hp_loss":0,"event_name":"Dead Adventurer","floor":11,"gold_loss":0}],"is_beta":false,"boss_relics":[],"items_purged_floors":[8],"is_endless":false,"potions_floor_spawned":[3,5,11],"killed_by":"Hexaghost","ascension_level":19}