{"gold_per_floor":[114,114,132,49,63,63,28,28,28,28,53,53,53,103,103,174,174,193,193,209,134,144,144,144],"floor_reached":24,"playtime":886,"items_purged":["Writhe"],"score":384,"play_id":"e3451c32-4ca9-438a-8c5a-84766473147b","local_time":"20190403003948","is_ascension_mode":true,"campfire_choices":[{"data":"Noxious Fumes","floor":6,"key":"SMITH"},{"data":"Poisoned Stab","floor":8,"key":"SMITH"},{"data":"Neutralize","floor":10,"key":"SMITH"},{"data":"PiercingWail","floor":13,"key":"SMITH"},{"data":"Blur","floor":15,"key":"SMITH"},{"data":"Catalyst","floor":23,"key":"SMITH"}],"neow_cost":"NONE","seed_source_timestamp":444424709814402,"circlet_count":0,"master_deck":["AscendersBane","Defend_G","Defend_G","Defend_G","Defend_G","Defend_G","Strike_G","Strike_G","Strike_G","Strike_G","Strike_G","Survivor+1","Neutralize+1","Poisoned Stab+1","Poisoned Stab+1","Noxious Fumes+1","PiercingWail+1","Blur+1","Malaise","Crippling Poison","Catalyst+1"],"relics":["Ring of the Snake","NeowsBlessing","Gremlin Horn","Oddly Smooth Stone","Vajra","Coffee Dripper","Molten Egg 2"],"potions_floor_usage":[11],"damage_taken":[{"damage":0,"enemies":"Jaw Worm","floor":1,"turns":1},{"damage":0,"enemies":"Cultist","floor":3,"turns":1},{"damage":0,"enemies":"Small Slimes","floor":5,"turns":1},{"damage":11,"enemies":"3 Sentries","floor":11,"turns":7},{"damage":45,"enemies":"Hexaghost","floor":16,"turns":11},{"damage":0,"enemies":"Chosen","floor":18,"turns":6},{"damage":0,"enemies":"3 Byrds","floor":20,"turns":4},{"damage":0,"enemies":"Centurion and Healer","floor":22,"turns":6},{"damage":54,"enemies":"Masked Bandits","floor":24,"turns":4}],"seed_played":"8154633016693097332","potions_obtained":[{"floor":1,"key":"FearPotion"},{"floor":3,"key":"SkillPotion"},{"floor":11,"key":"Energy Potion"}],"is_trial":false,"path_per_floor":["M","?","M","$","M","R","?","R","T","R","E","?","R","T","R","B",null,"M","?","M","$","M","R","?"],"character_chosen":"THE_SILENT","items_purchased":["Noxious Fumes"],"campfire_rested":0,"item_purchase_floors":[4],"current_hp_per_floor":[59,59,59,59,59,59,66,66,66,66,55,55,55,55,55,10,52,52,52,52,52,52,52,0],"gold":144,"neow_bonus":"THREE_ENEMY_KILL","is_prod":false,"is_daily":false,"chose_seed":false,"campfire_upgraded":6,"win_rate":0,"timestamp":1554273588,"path_taken":["M","?","?","$","M","R","?","R","T","R","E","?","R","?","R","BOSS","M","?","M","$","M","R","?"],"build_version":"2019-01-23","purchased_purges":1,"victory":false,"max_hp_per_floor":[66,66,66,66,66,66,66,66,66,66,66,66,66,66,66,66,66,66,66,66,66,66,66,66],"card_choices":[{"not_picked":["Setup","Backflip"],"picked":"Poisoned Stab","floor":1},{"not_picked":["Underhanded Strike","Expertise"],"picked":"Poisoned Stab","floor":3},{"not_picked":["Masterful Stab","Flying Knee"],"picked":"PiercingWail","floor":5},{"not_picked":["Slice","Poisoned Stab"],"picked":"Blur","floor":11},{"not_picked":["Wraith Form v2","Storm of Steel"],"picked":"Malaise","floor":16},{"not_picked":["Acrobatics","Deflect"],"picked":"Crippling Poison","floor":18},{"not_picked":["Quick Slash+1","Calculated Gamble","Dagger Throw+1"],"picked":"SKIP","floor":20},{"not_picked":["Escape Plan+1","Predator+1"],"picked":"Catalyst","floor":22}],"player_experience":428777,"relics_obtained":[{"floor":9,"key":"Gremlin Horn"},{"floor":11,"key":"Oddly Smooth Stone"},{"floor":14,"key":"Vajra"}],"event_choices":[{"damage_healed":0,"gold_gain":0,"player_choice":"Upgraded","damage_taken":0,"max_hp_gain":0,"max_hp_loss":0,"event_name":"Upgrade Shrine","floor":2,"gold_loss":0,"cards_upgraded":["Poisoned Stab"]},{"damage_healed":16,"gold_gain":0,"player_choice":"Healed","damage_taken":0,"max_hp_gain":0,"max_hp_loss":0,"event_name":"The Cleric","floor":7,"gold_loss":35},{"damage_healed":0,"gold_gain":0,"player_choice":"Grow","damage_taken":0,"max_hp_gain":0,"max_hp_loss":0,"event_name":"Living Wall","floor":12,"gold_loss":0,"cards_upgraded":["Survivor"]},{"damage_healed":0,"gold_gain":0,"player_choice":"Opened","damage_taken":0,"relics_obtained":["Molten Egg 2"],"max_hp_gain":0,"max_hp_loss":0,"event_name":"The Mausoleum","floor":19,"gold_loss":0,"cards_obtained":["Writhe"]},{"damage_healed":0,"gold_gain":0,"player_choice":"Fought Bandits","damage_taken":0,"max_hp_gain":0,"max_hp_loss":0,"event_name":"Masked Bandits","floor":24,"gold_loss":0}],"is_beta":false,"boss_relics":[{"not_picked":["Tiny House","Runic Dome"],"picked":"Coffee Dripper"}],"items_purged_floors":[21],"is_endless":false,"potions_floor_spawned":[1,3,11],"killed_by":"Masked Bandits","ascension_level":20}