{"path_per_floor":["M","?","M","M","M","R","E","M","T","R","M","M","E","$","R","B",null,"M","M","M","$","M","R","M","M","T","?","R","E","?","?","R","B",null,"M","M","?","?","M","E","R","M","T","M","M"],"character_chosen":"IRONCLAD","items_purchased":["Molten Egg 2","Heavy Blade","Whetstone"],"gold_per_floor":[115,115,133,150,161,161,192,206,276,276,296,307,342,65,65,166,166,183,203,221,74,84,84,98,111,138,63,63,90,90,5,5,101,101,113,123,123,123,134,167,167,182,182,194,205,205],"floor_reached":46,"campfire_rested":2,"playtime":3657,"current_hp_per_floor":[80,80,76,68,56,56,60,48,48,48,48,49,37,37,37,22,80,80,61,35,35,14,38,42,33,33,33,33,26,26,26,50,53,80,80,84,84,84,55,45,45,45,45,38,7,0],"items_purged":[],"gold":205,"score":538,"play_id":"9524cbb2-36b0-45b3-821a-6e317f246012","local_time":"20180521235607","is_prod":false,"is_daily":false,"chose_seed":false,"is_ascension_mode":false,"campfire_upgraded":5,"timestamp":1526910967,"campfire_choices":[{"data":"Inflame","floor":6.0,"key":"SMITH"},{"data":"Bash","floor":10.0,"key":"SMITH"},{"data":"Twin Strike","floor":15.0,"key":"SMITH"},{"floor":23,"key":"REST"},{"data":"Limit Break","floor":28,"key":"SMITH"},{"floor":32,"key":"REST"},{"data":"Flex","floor":41,"key":"SMITH"}],"path_taken":["M","?","M","M","M","R","E","M","T","R","M","?","E","$","R","BOSS","M","M","M","$","M","R","M","M","T","?","R","E","?","?","R","BOSS","M","M","?","?","M","E","R","?","T","M","M","M"],"build_version":"2018-05-17","seed_source_timestamp":0,"purchased_purges":0,"victory":false,"master_deck":["Strike_R","Strike_R+1","Strike_R","Defend_R","Defend_R","Defend_R","Bash+1","Twin Strike","Pommel Strike+1","Inflame+1","Spot Weakness","Sword Boomerang","Metallicize","Twin Strike+1","Shrug It Off","Heavy Blade+1","Limit Break+1","Flex+1","Pommel Strike+1","Iron Wave+1","Headbutt+1","Searing Blow+1","Spot Weakness","Bash+1","Feed+1","Feed+1","Barricade+1","Impervious+1","Anger+1","Carnage+1","Flex+1","Cleave+1","Entrench","Body Slam+1","Warcry"],"max_hp_per_floor":[80,80,80,80,80,80,80,80,80,80,80,80,80,80,80,80,80,80,80,80,80,80,80,80,80,80,80,80,80,80,80,80,80,80,80,84,84,84,88,88,88,88,88,88,88,88],"relics":["Burning Blood","Bag of Preparation","Shuriken","Ginger","Molten Egg 2","Mark of Pain","Whetstone","Potion Belt","Oddly Smooth Stone","Blood Vial","Astrolabe","Boot","Peace Pipe"],"card_choices":[{"not_picked":["Warcry","Headbutt"],"picked":"Twin Strike","floor":1.0},{"not_picked":["Ghostly Armor","Hemokinesis"],"picked":"Pommel Strike","floor":3.0},{"not_picked":["Reckless Charge","Offering"],"picked":"Anger","floor":4.0},{"not_picked":["Armaments","Feel No Pain"],"picked":"Inflame","floor":5.0},{"not_picked":["Carnage","Bludgeon"],"picked":"Spot Weakness","floor":7.0},{"not_picked":["Dropkick","Armaments"],"picked":"Sword Boomerang","floor":8.0},{"not_picked":["Disarm","Seeing Red"],"picked":"Metallicize","floor":11.0},{"not_picked":["Seeing Red","Clash"],"picked":"Twin Strike","floor":12.0},{"not_picked":["Infernal Blade","Second Wind"],"picked":"Shrug It Off","floor":13.0},{"not_picked":["Reaper+1","Impervious"],"picked":"Limit Break","floor":16.0},{"not_picked":["Sword Boomerang+1","Clothesline+1"],"picked":"Flex+1","floor":18},{"not_picked":["Disarm","Ghostly Armor"],"picked":"Pommel Strike+1","floor":19},{"not_picked":["Seeing Red","Shrug It Off"],"picked":"Iron Wave+1","floor":20},{"not_picked":["Thunderclap+1","True Grit"],"picked":"Headbutt+1","floor":22},{"not_picked":["Reckless Charge+1","Corruption"],"picked":"Searing Blow+1","floor":24},{"not_picked":["Feel No Pain","Body Slam+1"],"picked":"Clash+1","floor":25},{"not_picked":["Perfected Strike+1","Clash+1"],"picked":"Spot Weakness","floor":29},{"not_picked":["Brutality","Juggernaut"],"picked":"Feed+1","floor":33},{"not_picked":["Searing Blow+1","Blood for Blood+1"],"picked":"Carnage+1","floor":35},{"not_picked":["Iron Wave+1","Clothesline+1"],"picked":"Flex","floor":36},{"not_picked":["Perfected Strike+1","Flame Barrier"],"picked":"Cleave+1","floor":39},{"not_picked":["Dropkick+1","Twin Strike+1"],"picked":"Entrench","floor":40},{"not_picked":["Flex+1","True Grit"],"picked":"Body Slam+1","floor":42},{"not_picked":["Body Slam+1","Searing Blow+1"],"picked":"Warcry","floor":44},{"not_picked":["Clash+1","Second Wind+1","Perfected Strike+1"],"picked":"SKIP","floor":45}],"player_experience":15968,"potions_floor_usage":[],"damage_taken":[{"damage":0.0,"enemies":"Small Slimes","floor":1.0,"turns":3.0},{"damage":10.0,"enemies":"Cultist","floor":3.0,"turns":4.0},{"damage":14.0,"enemies":"2 Louse","floor":4.0,"turns":3.0},{"damage":18.0,"enemies":"Lots of Slimes","floor":5.0,"turns":4.0},{"damage":11.0,"enemies":"Gremlin Nob","floor":7.0,"turns":3.0},{"damage":18.0,"enemies":"Exordium Wildlife","floor":8.0,"turns":3.0},{"damage":6.0,"enemies":"Red Slaver","floor":11.0,"turns":3.0},{"damage":5.0,"enemies":"Looter","floor":12.0,"turns":2.0},{"damage":18.0,"enemies":"3 Sentries","floor":13.0,"turns":5.0},{"damage":21.0,"enemies":"The Guardian","floor":16.0,"turns":6.0},{"damage":3.0,"enemies":"Shell Parasite","floor":18.0,"turns":3.0},{"damage":25,"enemies":"3 Cultists","floor":19,"turns":4},{"damage":32,"enemies":"Snake Plant","floor":20,"turns":3},{"damage":27,"enemies":"Centurion and Healer","floor":22,"turns":5},{"damage":2,"enemies":"3 Cultists","floor":24,"turns":4},{"damage":15,"enemies":"Snecko","floor":25,"turns":3},{"damage":13,"enemies":"Book of Stabbing","floor":29,"turns":3},{"damage":5,"enemies":"Collector","floor":33,"turns":5},{"damage":6,"enemies":"Orb Walker","floor":35,"turns":3},{"damage":0,"enemies":"3 Shapes","floor":36,"turns":4},{"damage":39,"enemies":"Sphere and 2 Shapes","floor":39,"turns":4},{"damage":18,"enemies":"Giant Head","floor":40,"turns":5},{"damage":8,"enemies":"3 Darklings","floor":42,"turns":4},{"damage":15,"enemies":"Maw","floor":44,"turns":5},{"damage":39,"enemies":"Sphere and 2 Shapes","floor":45,"turns":4},{"damage":10,"enemies":"3 Darklings","floor":46,"turns":2}],"relics_obtained":[{"floor":7.0,"key":"Bag of Preparation"},{"floor":9.0,"key":"Shuriken"},{"floor":13.0,"key":"Ginger"},{"floor":26,"key":"Potion Belt"},{"floor":29,"key":"Oddly Smooth Stone"},{"floor":40,"key":"Boot"},{"floor":43,"key":"Peace Pipe"}],"event_choices":[{"event_name":"The Cleric","player_choice":"Leave","floor":2.0,"damage_taken":0.0},{"event_name":"Beggar","player_choice":"Gave Gold","floor":27,"damage_taken":0},{"event_name":"Match and Keep!","player_choice":"2 cards matched","floor":30,"damage_taken":0},{"event_name":"Addict","player_choice":"Obtained Relic","floor":31,"damage_taken":0},{"event_name":"SecretPortal","player_choice":"Rejected Portal.","floor":37,"damage_taken":0}],"boss_relics":[{"not_picked":["White Beast Statue","Runic Dome"],"picked":"Astrolabe"}],"potions_floor_spawned":[4,7,8,11,16,18,19,24,29,35,44,45],"seed_played":"4606104111176094687","killed_by":"3 Darklings","ascension_level":0,"potions_obtained":[{"floor":4.0,"key":"Regen Potion"},{"floor":7.0,"key":"PowerPotion"},{"floor":8.0,"key":"SteroidPotion"},{"floor":11.0,"key":"Block Potion"},{"floor":16.0,"key":"LiquidBronze"},{"floor":18,"key":"Energy Potion"},{"floor":19,"key":"Ancient Potion"},{"floor":35,"key":"FearPotion"},{"floor":44,"key":"Block Potion"}],"is_trial":false}