{"gold_per_floor":[118,137,137,156,170,199,199,225,276,276,291,291,291,306,306,306],"floor_reached":16,"playtime":788,"items_purged":[],"score":224,"play_id":"3c86f143-41de-474e-b4f3-8ca50044f738","local_time":"20190331204821","is_ascension_mode":true,"campfire_choices":[{"data":"Neutralize","floor":7,"key":"SMITH"},{"data":"Caltrops","floor":10,"key":"SMITH"},{"floor":13,"key":"REST"},{"data":"Footwork","floor":15,"key":"SMITH"}],"neow_cost":"NONE","seed_source_timestamp":257835481104465,"circlet_count":0,"master_deck":["AscendersBane","Defend_G","Defend_G","Defend_G","Defend_G","Defend_G","Strike_G","Strike_G","Strike_G","Strike_G","Strike_G","Survivor","Neutralize+1","A Thousand Cuts+1","Endless Agony","Caltrops+1","Blur","PiercingWail","Footwork+1"],"relics":["Ring of the Snake","Blood Vial","Sundial","Regal Pillow"],"potions_floor_usage":[6,8],"damage_taken":[{"damage":2,"enemies":"Small Slimes","floor":1,"turns":5},{"damage":3,"enemies":"2 Louse","floor":2,"turns":4},{"damage":0,"enemies":"Jaw Worm","floor":4,"turns":5},{"damage":11,"enemies":"Looter","floor":5,"turns":4},{"damage":16,"enemies":"3 Sentries","floor":6,"turns":7},{"damage":7,"enemies":"Lagavulin","floor":8,"turns":6},{"damage":16,"enemies":"2 Fungi Beasts","floor":11,"turns":3},{"damage":4,"enemies":"Exordium Wildlife","floor":14,"turns":4},{"damage":42,"enemies":"The Guardian","floor":16,"turns":12}],"seed_played":"2652387968053188441","potions_obtained":[{"floor":1,"key":"SpeedPotion"},{"floor":2,"key":"PowerPotion"},{"floor":8,"key":"Dexterity Potion"}],"is_trial":false,"path_per_floor":["M","M","?","M","M","E","R","E","T","R","M","?","R","M","R","B"],"character_chosen":"THE_SILENT","items_purchased":[],"campfire_rested":1,"item_purchase_floors":[],"current_hp_per_floor":[57,54,54,54,43,27,27,22,22,22,8,8,42,40,40,0],"gold":306,"neow_bonus":"ONE_RANDOM_RARE_CARD","is_prod":false,"is_daily":false,"chose_seed":false,"campfire_upgraded":3,"win_rate":0,"timestamp":1554086901,"path_taken":["M","M","?","M","M","E","R","E","T","R","M","?","R","M","R","BOSS"],"build_version":"2019-01-23","purchased_purges":0,"victory":false,"max_hp_per_floor":[66,66,66,66,66,66,66,66,66,66,66,66,66,66,66,66],"card_choices":[{"not_picked":["Poisoned Stab","Underhanded Strike"],"picked":"Endless Agony","floor":1},{"not_picked":["Terror","Dodge and Roll"],"picked":"Caltrops","floor":2},{"not_picked":["Underhanded Strike","Distraction"],"picked":"Blur","floor":4},{"not_picked":["Underhanded Strike","Tactician"],"picked":"PiercingWail","floor":5},{"not_picked":["Heel Hook","Sucker Punch","Eviscerate"],"picked":"SKIP","floor":6},{"not_picked":["Die Die Die","Acrobatics","Flying Knee"],"picked":"SKIP","floor":8},{"not_picked":["Sucker Punch","Dagger Spray","All Out Attack"],"picked":"SKIP","floor":11},{"not_picked":["Slice","All Out Attack"],"picked":"Footwork","floor":14}],"player_experience":393475,"relics_obtained":[{"floor":6,"key":"Blood Vial"},{"floor":8,"key":"Sundial"},{"floor":9,"key":"Regal Pillow"}],"event_choices":[{"damage_healed":0,"gold_gain":0,"player_choice":"Grow","damage_taken":0,"max_hp_gain":0,"max_hp_loss":0,"event_name":"Living Wall","floor":3,"gold_loss":0,"cards_upgraded":["A Thousand Cuts"]},{"damage_healed":0,"gold_gain":0,"player_choice":"Ignored","damage_taken":0,"max_hp_gain":0,"max_hp_loss":0,"event_name":"Shining Light","floor":12,"gold_loss":0}],"is_beta":false,"boss_relics":[],"items_purged_floors":[],"is_endless":false,"potions_floor_spawned":[1,2,8],"killed_by":"The Guardian","ascension_level":20}