{"gold_per_floor":[118,134,153,165,165,165,165,245,272,272,299,299,309,336,336,435,435,446,465,203,203,148,176,176,196,196,246,246,246,246,263,263,360,360,372,387,287,287,287,287,287,33,33,33,45,45,61,77,77,77],"floor_reached":51,"playtime":2712,"items_purged":["Strike_G","Strike_G"],"score":968,"play_id":"05527ff5-6b47-4809-b889-c185583cdb8a","local_time":"20180629141152","is_ascension_mode":true,"campfire_choices":[{"data":"Backstab","floor":6,"key":"SMITH"},{"data":"Neutralize","floor":10,"key":"SMITH"},{"data":"Outmaneuver","floor":15,"key":"SMITH"},{"floor":24,"key":"REST"},{"data":"Noxious Fumes","floor":30,"key":"SMITH"},{"data":"Footwork","floor":32,"key":"SMITH"},{"data":"Crippling Poison","floor":40,"key":"SMITH"},{"data":"Dodge and Roll","floor":44,"key":"SMITH"},{"data":"Dash","floor":49,"key":"SMITH"}],"neow_cost":"NONE","seed_source_timestamp":30967697725068,"circlet_count":0,"master_deck":["Defend_G","Defend_G","Defend_G","Defend_G","Strike_G","Strike_G","Survivor","Neutralize+1","Deflect","Slice","Backflip+1","Backstab+1","Dagger Spray","Flying Knee","Outmaneuver+1","Doppelganger","Acrobatics","Noxious Fumes+1","Crippling Poison+1","Dash+1","Footwork+1","Slice+1","Backstab+1","Dodge and Roll+1","Bane+1","Writhe"],"relics":["Ring of the Snake","Vajra","Oddly Smooth Stone","Regal Pillow","Lantern","White Beast Statue","Enchiridion","Tiny Chest","Juzu Bracelet","Letter Opener","Dodecahedron","Pear","Runic Pyramid","Torii","Ornamental Fan","Toxic Egg 2"],"potions_floor_usage":[16,33,48,50,50,50],"damage_taken":[{"damage":0,"enemies":"Cultist","floor":1,"turns":4},{"damage":0,"enemies":"2 Louse","floor":2,"turns":3},{"damage":0,"enemies":"Jaw Worm","floor":3,"turns":3},{"damage":4,"enemies":"Red Slaver","floor":4,"turns":5},{"damage":8,"enemies":"3 Sentries","floor":11,"turns":9},{"damage":1,"enemies":"Looter","floor":13,"turns":2},{"damage":0,"enemies":"Gremlin Nob","floor":14,"turns":3},{"damage":22,"enemies":"The Guardian","floor":16,"turns":14},{"damage":2,"enemies":"Shell Parasite","floor":18,"turns":5},{"damage":20,"enemies":"Spheric Guardian","floor":19,"turns":4},{"damage":8,"enemies":"Slavers","floor":23,"turns":5},{"damage":14,"enemies":"Slaver and Parasite","floor":25,"turns":7},{"damage":9,"enemies":"Snecko","floor":31,"turns":7},{"damage":41,"enemies":"Automaton","floor":33,"turns":14},{"damage":5,"enemies":"3 Shapes","floor":35,"turns":5},{"damage":6,"enemies":"Flame Bruiser 1 Orb","floor":36,"turns":7},{"damage":0,"floor":39,"turns":7},{"damage":9,"enemies":"Spire Growth","floor":45,"turns":5},{"damage":0,"enemies":"3 Darklings","floor":47,"turns":3},{"damage":0,"enemies":"Maw","floor":48,"turns":8},{"damage":13,"enemies":"Awakened One","floor":50,"turns":18}],"seed_played":"-7227492125775199576","potions_obtained":[{"floor":3,"key":"LiquidBronze"},{"floor":11,"key":"Swift Potion"},{"floor":16,"key":"GhostInAJar"},{"floor":18,"key":"Fire Potion"},{"floor":23,"key":"Block Potion"},{"floor":25,"key":"EntropicBrew"},{"floor":33,"key":"Block Potion"},{"floor":36,"key":"AttackPotion"},{"floor":39,"key":"Dexterity Potion"},{"floor":48,"key":"SkillPotion"}],"is_trial":false,"path_per_floor":["M","M","M","M","$","R","?","?","T","R","E","?","M","E","R","B",null,"M","M","$","?","?","E","R","M","T","?","T","?","R","M","R","B",null,"M","M","$","?","?","R","?","$","T","R","M","?","M","M","R","B"],"character_chosen":"THE_SILENT","items_purchased":["Noxious Fumes","Crippling Poison","Dash","Ornamental Fan"],"campfire_rested":1,"item_purchase_floors":[20,20,20,42],"current_hp_per_floor":[70,70,70,66,66,66,52,52,52,52,44,44,43,43,43,21,70,68,48,48,32,32,24,60,46,46,46,46,56,56,47,47,6,80,75,69,69,69,69,69,69,69,69,69,60,80,80,80,80,67],"gold":77,"neow_bonus":"RANDOM_COMMON_RELIC","is_prod":false,"is_daily":false,"chose_seed":false,"campfire_upgraded":8,"win_rate":0,"timestamp":1530245512,"path_taken":["M","M","M","?","?","R","?","?","T","R","E","?","M","E","R","BOSS","M","M","$","?","?","E","R","M","T","?","?","?","R","M","R","BOSS","M","M","$","?","?","R","?","$","T","R","M","?","M","M","R","BOSS"],"build_version":"2018-06-28","purchased_purges":2,"victory":true,"max_hp_per_floor":[70,70,70,70,70,70,70,70,70,70,70,70,70,70,70,70,70,70,70,70,70,70,70,70,70,70,70,70,80,80,80,80,80,80,80,80,80,80,80,80,80,80,80,80,80,80,80,80,80,80],"card_choices":[{"not_picked":["Underhanded Strike","Dagger Throw"],"picked":"Deflect","floor":1},{"not_picked":["Dagger Throw","Deadly Poison"],"picked":"Slice","floor":2},{"not_picked":["Predator","Acrobatics"],"picked":"Backflip","floor":3},{"not_picked":["Acrobatics","Slice"],"picked":"Backstab","floor":4},{"not_picked":["Blade Dance","Glass Knife"],"picked":"Dagger Spray","floor":11},{"not_picked":["Quick Slash","Deadly Poison"],"picked":"Flying Knee","floor":13},{"not_picked":["Poisoned Stab","Predator"],"picked":"Outmaneuver","floor":14},{"not_picked":["Envenom","Phantasmal Killer"],"picked":"Doppelganger","floor":16},{"not_picked":["Riddle With Holes","All Out Attack","Dagger Throw"],"picked":"SKIP","floor":18},{"not_picked":["Dagger Spray","Expertise"],"picked":"Acrobatics","floor":19},{"not_picked":["Venomology","Well Laid Plans"],"picked":"Footwork","floor":23},{"not_picked":["Eviscerate+1","Heel Hook"],"picked":"Slice+1","floor":25},{"not_picked":["Sucker Punch","Leg Sweep","Choke"],"picked":"SKIP","floor":31},{"not_picked":["Slice","Quick Slash"],"picked":"Backstab+1","floor":35},{"not_picked":["Deflect+1","Outmaneuver"],"picked":"Dodge and Roll","floor":36},{"not_picked":["Deflect","Heel Hook"],"picked":"Bane+1","floor":39},{"not_picked":["Flying Knee","Slice+1","Quick Slash"],"picked":"SKIP","floor":45},{"not_picked":["Flying Knee","Dagger Throw","Sucker Punch+1"],"picked":"SKIP","floor":47},{"not_picked":["Flying Knee","Outmaneuver+1","Eviscerate"],"picked":"SKIP","floor":48}],"player_experience":75144,"relics_obtained":[{"floor":9,"key":"Oddly Smooth Stone"},{"floor":11,"key":"Regal Pillow"},{"floor":14,"key":"Lantern"},{"floor":21,"key":"Enchiridion"},{"floor":23,"key":"Juzu Bracelet"},{"floor":26,"key":"Letter Opener"},{"floor":28,"key":"Dodecahedron"},{"floor":39,"key":"Torii"},{"floor":43,"key":"Toxic Egg 2"}],"event_choices":[{"event_name":"Shining Light","player_choice":"Entered Light","floor":7,"damage_taken":0},{"event_name":"Golden Wing","player_choice":"Gained Gold","floor":8,"damage_taken":0},{"event_name":"Liars Game","player_choice":"disagreed","floor":12,"damage_taken":0},{"event_name":"Cursed Tome","player_choice":"Obtained Book","floor":21,"damage_taken":0},{"event_name":"Addict","player_choice":"Obtained Relic","floor":22,"damage_taken":0},{"event_name":"The Joust","player_choice":"Bet on Murderer","floor":27,"damage_taken":0},{"event_name":"The Mausoleum","player_choice":"Yes","floor":29,"damage_taken":0},{"event_name":"Purifier","player_choice":"One Purge","floor":38,"damage_taken":0},{"event_name":"MindBloom","player_choice":"Fight","floor":39,"damage_taken":0},{"event_name":"Falling","player_choice":"Removed Attack","floor":41,"damage_taken":0},{"event_name":"Winding Halls","player_choice":"Writhe","floor":46,"damage_taken":0}],"boss_relics":[{"not_picked":["Empty Cage","Black Star"],"picked":"White Beast Statue"},{"not_picked":["Orrery","Tiny House"],"picked":"Runic Pyramid"}],"items_purged_floors":[20,37],"is_endless":false,"potions_floor_spawned":[3,11,16,18,19,23,25,31,33,35,36,39,45,47,48],"ascension_level":1}