{"gold_per_floor":[119,129,143,143,163,163,177,212,212,212,163,88,88,48,48,123,123,136,155,80,100,114,114,126,126],"floor_reached":25,"playtime":2153,"items_purged":["Strike_G"],"score":414,"play_id":"173a8702-a4b1-43b2-a2d4-e4c3b12f7727","local_time":"20190401225916","is_ascension_mode":true,"campfire_choices":[{"data":"Predator","floor":6,"key":"SMITH"},{"data":"After Image","floor":10,"key":"SMITH"},{"floor":13,"key":"REST"},{"data":"Skewer","floor":15,"key":"SMITH"},{"floor":23,"key":"REST"}],"neow_cost":"PERCENT_DAMAGE","seed_source_timestamp":350724193070978,"circlet_count":0,"master_deck":["AscendersBane","Defend_G","Defend_G","Defend_G","Defend_G","Defend_G","Strike_G","Strike_G","Strike_G","Survivor","Neutralize","After Image+1","Predator+1","Well Laid Plans","Deadly Poison","Blur","Footwork","Adrenaline","Skewer+1","Leg Sweep","PiercingWail","Corpse Explosion","Dagger Spray","Caltrops","Backflip"],"relics":["Ring of the Snake","Bronze Scales","Darkstone Periapt","Velvet Choker"],"potions_floor_usage":[7,8,16,25],"damage_taken":[{"damage":0,"enemies":"2 Louse","floor":1,"turns":2},{"damage":3,"enemies":"Cultist","floor":2,"turns":6},{"damage":0,"enemies":"Jaw Worm","floor":3,"turns":5},{"damage":4,"enemies":"2 Fungi Beasts","floor":5,"turns":5},{"damage":5,"enemies":"Exordium Wildlife","floor":7,"turns":6},{"damage":3,"enemies":"3 Sentries","floor":8,"turns":12},{"damage":14,"enemies":"Exordium Thugs","floor":11,"turns":5},{"damage":0,"enemies":"Looter","floor":14,"turns":4},{"damage":30,"enemies":"Slime Boss","floor":16,"turns":14},{"damage":0,"enemies":"3 Byrds","floor":18,"turns":2},{"damage":11,"enemies":"2 Thieves","floor":19,"turns":3},{"damage":25,"enemies":"Cultist and Chosen","floor":21,"turns":5},{"damage":6,"enemies":"Sentry and Sphere","floor":22,"turns":5},{"damage":0,"enemies":"3 Cultists","floor":24,"turns":3},{"damage":33,"enemies":"Gremlin Leader","floor":25,"turns":4}],"seed_played":"2992888388695870131","potions_obtained":[{"floor":2,"key":"Swift Potion"},{"floor":3,"key":"SkillPotion"},{"floor":5,"key":"SkillPotion"},{"floor":7,"key":"GamblersBrew"},{"floor":16,"key":"Ancient Potion"},{"floor":18,"key":"Weak Potion"}],"is_trial":false,"path_per_floor":["M","M","M","?","M","R","M","E","T","R","M","$","R","M","R","B",null,"M","M","$","M","M","R","M","E"],"character_chosen":"THE_SILENT","items_purchased":["Leg Sweep"],"campfire_rested":2,"item_purchase_floors":[12],"current_hp_per_floor":[44,41,41,41,37,37,32,29,29,29,15,15,34,34,34,4,51,51,40,40,15,9,28,28,0],"gold":126,"neow_bonus":"THREE_RARE_CARDS","is_prod":false,"is_daily":false,"chose_seed":false,"campfire_upgraded":3,"win_rate":0,"timestamp":1554181156,"path_taken":["M","M","M","?","M","R","M","E","T","R","?","$","R","M","R","BOSS","M","M","$","M","M","R","M","E"],"build_version":"2019-01-23","purchased_purges":1,"victory":false,"max_hp_per_floor":[66,66,66,66,66,66,66,66,66,66,66,66,66,66,66,66,66,66,66,66,66,66,66,66,66],"card_choices":[{"not_picked":["Storm of Steel","Venomology"],"picked":"After Image","floor":0},{"not_picked":["Dagger Spray","Eviscerate"],"picked":"Predator","floor":1},{"not_picked":["Blade Dance","Blur"],"picked":"Well Laid Plans","floor":2},{"not_picked":["Expertise","Acrobatics"],"picked":"Deadly Poison","floor":3},{"not_picked":["Deadly Poison","Prepared"],"picked":"Blur","floor":5},{"not_picked":["Cloak And Dagger","Dodge and Roll"],"picked":"Footwork","floor":7},{"not_picked":["Dagger Throw","Acrobatics"],"picked":"Adrenaline","floor":8},{"not_picked":["Distraction","Bane"],"picked":"Skewer","floor":11},{"not_picked":["Footwork","Slice"],"picked":"PiercingWail","floor":14},{"not_picked":["Die Die Die","Tools of the Trade"],"picked":"Corpse Explosion","floor":16},{"not_picked":["Sucker Punch+1","Quick Slash"],"picked":"Dagger Spray","floor":18},{"not_picked":["Deadly Poison","Outmaneuver","PiercingWail"],"picked":"SKIP","floor":19},{"not_picked":["Predator","PiercingWail"],"picked":"Caltrops","floor":21},{"not_picked":["Underhanded Strike","Slice"],"picked":"Backflip","floor":22},{"not_picked":["All Out Attack","Well Laid Plans","Blur"],"picked":"SKIP","floor":24}],"player_experience":408788,"relics_obtained":[{"floor":8,"key":"Bronze Scales"},{"floor":9,"key":"Darkstone Periapt"}],"event_choices":[{"cards_removed":["Strike_G"],"damage_healed":0,"gold_gain":0,"player_choice":"Purged","damage_taken":0,"max_hp_gain":0,"max_hp_loss":0,"event_name":"Purifier","floor":4,"gold_loss":0}],"is_beta":false,"boss_relics":[{"not_picked":["HoveringKite","Tiny House"],"picked":"Velvet Choker"}],"items_purged_floors":[20],"is_endless":false,"potions_floor_spawned":[2,3,5,7,16,18],"killed_by":"Gremlin Leader","ascension_level":20}