{"gold_per_floor":[112,112,126,147,162,162,205,205,205,224,31,31,31,31,31,161,161,182,197,49,49,49],"floor_reached":22,"playtime":663,"items_purged":["Strike_B"],"score":285,"play_id":"2680a101-58f6-48ef-8593-695453687739","local_time":"20180831153547","is_ascension_mode":true,"campfire_choices":[{"floor":6.0,"key":"REST"},{"floor":8.0,"key":"REST"},{"data":"Defragment","floor":12.0,"key":"SMITH"},{"data":"Zap","floor":15.0,"key":"SMITH"}],"neow_cost":"NONE","seed_source_timestamp":1441104400773470,"circlet_count":0,"master_deck":["Strike_B","Strike_B","Strike_B","Defend_B","Defend_B+1","Defend_B","Defend_B+1","Zap+1","Dualcast","AscendersBane","Streamline","Defragment+1","Ball Lightning","Compile Driver","Coolheaded","Cold Snap","Leap","Blind","Core Surge","Lockon","Ball Lightning"],"special_seed":0,"relics":["FrozenCore","Golden Idol","War Paint","Centennial Puzzle","Pear"],"potions_floor_usage":[22],"damage_taken":[{"damage":4.0,"enemies":"Jaw Worm","floor":1.0,"turns":3.0},{"damage":1.0,"enemies":"Cultist","floor":3.0,"turns":3.0},{"damage":3.0,"enemies":"2 Louse","floor":4.0,"turns":2.0},{"damage":12.0,"enemies":"Looter","floor":5.0,"turns":3.0},{"damage":28.0,"enemies":"Gremlin Nob","floor":7.0,"turns":4.0},{"damage":3.0,"enemies":"Blue Slaver","floor":10.0,"turns":4.0},{"damage":3.0,"enemies":"Hexaghost","floor":16.0,"turns":7.0},{"damage":2.0,"enemies":"Chosen","floor":18.0,"turns":4.0},{"damage":18.0,"enemies":"2 Thieves","floor":19.0,"turns":3.0},{"damage":33,"enemies":"Colosseum Slavers","floor":22,"turns":5},{"damage":43,"enemies":"Colosseum Nobs","floor":22,"turns":4}],"seed_played":"158252150222303323","potions_obtained":[{"floor":5.0,"key":"Dexterity Potion"},{"floor":7.0,"key":"FocusPotion"},{"floor":18.0,"key":"PowerPotion"},{"floor":19.0,"key":"FairyPotion"}],"is_trial":false,"path_per_floor":["M","?","M","M","M","R","E","R","T","M","$","R","$","?","R","B",null,"M","M","$","?"],"character_chosen":"DEFECT","items_purchased":["Cold Snap","Leap","Blind","FocusPotion"],"campfire_rested":2,"item_purchase_floors":[11,11,11,20],"current_hp_per_floor":[64,46,45,42,30,52,24,46,46,43,43,43,43,46,46,43,75,73,55,55,55,0],"gold":49,"neow_bonus":"THREE_CARDS","is_prod":false,"is_daily":false,"chose_seed":false,"campfire_upgraded":2,"win_rate":0,"timestamp":1535744147,"path_taken":["M","?","M","M","M","R","E","R","T","M","$","R","$","?","R","BOSS","M","M","$","?","?"],"build_version":"2018-08-30","purchased_purges":1,"victory":false,"max_hp_per_floor":[75,75,75,75,75,75,75,75,75,75,75,75,75,85,85,85,85,85,85,85,85,85],"card_choices":[{"not_picked":["Barrage","Conserve Battery"],"picked":"Streamline","floor":0.0},{"not_picked":["Stack","Rebound"],"picked":"Defragment","floor":1.0},{"not_picked":["Streamline","Rebound"],"picked":"Ball Lightning","floor":3.0},{"not_picked":["Steam","Blizzard"],"picked":"Compile Driver","floor":4.0},{"not_picked":["Static Discharge","Sweeping Beam"],"picked":"Coolheaded","floor":5.0},{"not_picked":["Rebound","Redo","Steam Power"],"picked":"SKIP","floor":7.0},{"not_picked":["Reboot","Turbo","Redo"],"picked":"SKIP","floor":10.0},{"not_picked":["Rainbow","Meteor Strike"],"picked":"Core Surge","floor":16.0},{"not_picked":["Cold Snap+1","Conserve Battery+1"],"picked":"Lockon","floor":18.0},{"not_picked":["Streamline","Tempest"],"picked":"Ball Lightning","floor":19.0}],"player_experience":132985,"relics_obtained":[{"floor":7.0,"key":"War Paint"},{"floor":9.0,"key":"Centennial Puzzle"}],"event_choices":[{"event_name":"Golden Idol","player_choice":"Take Damage","floor":2.0,"damage_taken":0.0},{"event_name":"Scrap Ooze","player_choice":"success","floor":14.0,"damage_taken":7.0},{"event_name":"Colosseum","player_choice":"Fight","floor":22,"damage_taken":0},{"event_name":"Colosseum","player_choice":"Fought Nobs","floor":22,"damage_taken":0}],"is_beta":false,"boss_relics":[{"not_picked":["Coffee Dripper","Fusion Hammer"],"picked":"FrozenCore"}],"items_purged_floors":[20],"is_endless":false,"potions_floor_spawned":[5,7,18,19,22],"killed_by":"Colosseum Nobs","ascension_level":11}