{"gold_per_floor":[112,112,112,123,139,165,191,224,248,276,292,292,303,319,319,423,423,443,453,453,468,468,468,484,499,552,552,651,324,341,263,263,263],"floor_reached":33,"playtime":1231,"items_purged":[],"score":294,"play_id":"3491407b-ff67-4ad6-a377-3475bcfd01ad","local_time":"20181103072059","is_ascension_mode":false,"campfire_choices":[{"data":"Searing Blow","floor":12,"key":"SMITH"},{"data":"Searing Blow+1","floor":15,"key":"SMITH"},{"data":"Searing Blow+2","floor":23,"key":"SMITH"},{"data":"Searing Blow+3","floor":27,"key":"SMITH"},{"floor":32,"key":"REST"}],"neow_cost":"NONE","seed_source_timestamp":8697946977676,"circlet_count":0,"master_deck":["Defend_R","Defend_R","Defend_R","Defend_R","Bash","Headbutt","Searing Blow+4","Feed","Pummel","Anger","Power Through","Exhume","Blood for Blood","Shrug It Off","Bite","Bite","Bite","Bite","Bite","Sword Boomerang+1","Thunderclap","Inflame","Iron Wave+1"],"relics":["Burning Blood","Omamori","Potion Belt","Red Skull","Lantern","Happy Flower","Boot","Empty Cage","Smiling Mask","Membership Card","Ornamental Fan","Orichalcum"],"potions_floor_usage":[6,10,33],"damage_taken":[{"damage":1,"enemies":"Jaw Worm","floor":1,"turns":5},{"damage":5,"enemies":"Cultist","floor":4,"turns":4},{"damage":4,"enemies":"2 Louse","floor":5,"turns":3},{"damage":15,"enemies":"Gremlin Nob","floor":6,"turns":4},{"damage":36,"enemies":"Lagavulin","floor":8,"turns":7},{"damage":9,"enemies":"3 Sentries","floor":10,"turns":5},{"damage":7,"enemies":"Blue Slaver","floor":11,"turns":2},{"damage":11,"enemies":"Exordium Wildlife","floor":13,"turns":5},{"damage":5,"enemies":"Looter","floor":14,"turns":3},{"damage":35,"enemies":"Slime Boss","floor":16,"turns":5},{"damage":27,"enemies":"Chosen","floor":18,"turns":5},{"damage":22,"enemies":"Shell Parasite","floor":19,"turns":6},{"damage":37,"enemies":"Snecko","floor":21,"turns":6},{"damage":21,"enemies":"Shelled Parasite and Fungi","floor":24,"turns":5},{"damage":18,"enemies":"Snake Plant","floor":25,"turns":4},{"damage":11,"enemies":"Chosen and Byrds","floor":30,"turns":6},{"damage":91,"enemies":"Champ","floor":33,"turns":11}],"seed_played":"2108388306157320628","potions_obtained":[{"floor":4,"key":"Explosive Potion"},{"floor":5,"key":"LiquidBronze"},{"floor":11,"key":"EssenceOfSteel"},{"floor":13,"key":"FearPotion"},{"floor":19,"key":"LiquidBronze"}],"is_trial":false,"path_per_floor":["M","?","$","M","M","E","T","E","T","E","M","R","M","M","R","B",null,"M","M","?","M","$","R","M","M","T","R","?","$","M","$","R","B"],"character_chosen":"IRONCLAD","items_purchased":["Membership Card","Ornamental Fan","Orichalcum"],"campfire_rested":1,"item_purchase_floors":[29,29,31],"current_hp_per_floor":[80,80,80,80,80,71,71,44,44,44,43,43,41,45,45,16,92,74,61,61,41,41,41,39,38,38,38,38,38,39,39,61,0],"gold":263,"neow_bonus":"RANDOM_COMMON_RELIC","is_prod":false,"is_daily":false,"chose_seed":false,"campfire_upgraded":4,"win_rate":0,"timestamp":1541190059,"path_taken":["M","?","?","M","?","E","?","E","T","E","M","R","?","M","R","BOSS","M","?","?","M","$","R","M","M","T","R","?","$","M","?","R","BOSS"],"build_version":"2018-11-01v2","purchased_purges":0,"victory":false,"max_hp_per_floor":[80,80,80,80,80,80,80,83,83,86,86,86,89,92,92,92,92,95,98,68,68,68,68,71,74,74,74,74,74,74,74,74,74],"card_choices":[{"not_picked":["Wild Strike","Evolve"],"picked":"Headbutt","floor":1},{"not_picked":["Rage","Clothesline"],"picked":"Searing Blow","floor":4},{"not_picked":["Warcry","True Grit","Havoc"],"picked":"SKIP","floor":5},{"not_picked":["Infernal Blade","Carnage"],"picked":"Feed","floor":6},{"not_picked":["Dual Wield","Havoc","Heavy Blade"],"picked":"SKIP","floor":8},{"not_picked":["Seeing Red","Rupture","Warcry"],"picked":"SKIP","floor":10},{"not_picked":["Entrench","Warcry"],"picked":"Pummel","floor":11},{"not_picked":["Heavy Blade","Feel No Pain"],"picked":"Anger","floor":13},{"not_picked":["Sword Boomerang","Fire Breathing"],"picked":"Power Through","floor":14},{"not_picked":["Limit Break","Fiend Fire"],"picked":"Exhume","floor":16},{"not_picked":["Anger","Carnage"],"picked":"Blood for Blood","floor":18},{"not_picked":["True Grit","Searing Blow"],"picked":"Shrug It Off","floor":19},{"not_picked":["Warcry","Clothesline"],"picked":"Sword Boomerang+1","floor":21},{"not_picked":["Havoc","Battle Trance"],"picked":"Thunderclap","floor":24},{"not_picked":["Dark Embrace","Clothesline"],"picked":"Inflame","floor":25},{"not_picked":["Havoc","Dropkick"],"picked":"Iron Wave+1","floor":30}],"player_experience":154398,"relics_obtained":[{"floor":6,"key":"Potion Belt"},{"floor":7,"key":"Red Skull"},{"floor":8,"key":"Lantern"},{"floor":9,"key":"Happy Flower"},{"floor":10,"key":"Boot"},{"floor":26,"key":"Smiling Mask"}],"event_choices":[{"cards_removed":["Strike_R"],"damage_healed":0,"gold_gain":0,"player_choice":"Purged","damage_taken":0,"max_hp_gain":0,"max_hp_loss":0,"event_name":"Purifier","floor":2,"gold_loss":0},{"damage_healed":0,"gold_gain":0,"player_choice":"Became a vampire","damage_taken":0,"max_hp_gain":0,"max_hp_loss":30,"event_name":"Vampires","floor":20,"gold_loss":0,"cards_obtained":["Bite","Bite","Bite","Bite","Bite"]},{"damage_healed":0,"gold_gain":99,"player_choice":"Stole From Cult","damage_taken":0,"max_hp_gain":0,"max_hp_loss":0,"event_name":"Nest","floor":28,"gold_loss":0}],"is_beta":true,"boss_relics":[{"not_picked":["Lizard Tail","Runic Cube"],"picked":"Empty Cage"}],"items_purged_floors":[],"is_endless":false,"potions_floor_spawned":[4,5,11,13,19],"killed_by":"Champ","ascension_level":0}