{"gold_per_floor":[114,39,52,65,215,215,249,249,249,78,109,121,178,178,178,253,253,271,287,287,302,58,58,58,58,58,77,103,51,51,66,66,142,142,154,154,181,191,46,75,86,86,109,161,172,188,199,219,219,219],"floor_reached":51,"playtime":2101,"items_purged":["Pain","Doubt"],"score":1165,"play_id":"4fc41e83-cb0d-4df5-b7e2-3ddb1844cc1a","local_time":"20190524194757","is_ascension_mode":true,"campfire_choices":[{"data":"Cleave","floor":6.0,"key":"SMITH"},{"floor":8.0,"key":"REST"},{"data":"Inflame","floor":15.0,"key":"SMITH"},{"data":"Shrug It Off","floor":23.0,"key":"SMITH"},{"data":"Impervious","floor":25.0,"key":"SMITH"},{"floor":32.0,"key":"REST"},{"data":"Barricade","floor":42,"key":"SMITH"},{"data":"Impervious","floor":49,"key":"SMITH"}],"neow_cost":"CURSE","seed_source_timestamp":292680556803604,"circlet_count":0,"master_deck":["AscendersBane","Strike_R","Strike_R","Strike_R","Strike_R","Strike_R","Defend_R+1","Defend_R","Defend_R+1","Defend_R","Bash+1","Cleave+1","Inflame+1","Impervious+1","Battle Trance","Shrug It Off+1","Impervious+1","Barricade+1","Disarm+1","Master of Strategy","Shrug It Off+1","Shockwave+1"],"special_seed":0,"relics":["Burning Blood","Ice Cream","Matryoshka","Dodecahedron","Red Skull","Paper Frog","Thread and Needle","Velvet Choker","Gremlin Horn","Boot","Ornamental Fan","Red Mask","Coffee Dripper","War Paint","Bronze Scales","Bag of Preparation","Vajra","Incense Burner"],"potions_floor_usage":[50,50],"damage_taken":[{"damage":18.0,"enemies":"Small Slimes","floor":1.0,"turns":4.0},{"damage":1.0,"enemies":"2 Louse","floor":3.0,"turns":3.0},{"damage":1.0,"enemies":"Cultist","floor":4.0,"turns":3.0},{"damage":65.0,"enemies":"Lagavulin","floor":7.0,"turns":8.0},{"damage":8.0,"enemies":"Gremlin Nob","floor":11.0,"turns":3.0},{"damage":0.0,"enemies":"Large Slime","floor":12.0,"turns":3.0},{"damage":16.0,"enemies":"Lagavulin Event","floor":13.0,"turns":5.0},{"damage":20.0,"enemies":"Slime Boss","floor":16.0,"turns":9.0},{"damage":9.0,"enemies":"Shell Parasite","floor":18.0,"turns":7.0},{"damage":2.0,"enemies":"Spheric Guardian","floor":19.0,"turns":4.0},{"damage":9.0,"enemies":"Centurion and Healer","floor":21.0,"turns":6.0},{"damage":31.0,"enemies":"Shelled Parasite and Fungi","floor":27.0,"turns":8.0},{"damage":12.0,"enemies":"Masked Bandits","floor":28.0,"turns":4.0},{"damage":0.0,"enemies":"Snake Plant","floor":31.0,"turns":2.0},{"damage":40,"enemies":"Champ","floor":33,"turns":15},{"damage":0,"enemies":"Orb Walker","floor":35,"turns":5},{"damage":0,"enemies":"3 Shapes","floor":38,"turns":5},{"damage":51,"enemies":"Giant Head","floor":40,"turns":11},{"damage":0,"enemies":"Maw","floor":41,"turns":8},{"damage":15,"enemies":"2 Orb Walkers","floor":44,"turns":5},{"damage":0,"enemies":"Jaw Worm Horde","floor":45,"turns":4},{"damage":0,"enemies":"3 Darklings","floor":46,"turns":3},{"damage":3,"enemies":"Sphere and 2 Shapes","floor":47,"turns":3},{"damage":0,"enemies":"Jaw Worm Horde","floor":48,"turns":5},{"damage":1,"enemies":"Time Eater","floor":50,"turns":15}],"seed_played":"655471669120946719","potions_obtained":[{"floor":3.0,"key":"SpeedPotion"},{"floor":7.0,"key":"Poison Potion"},{"floor":11.0,"key":"AttackPotion"},{"floor":18.0,"key":"LiquidBronze"},{"floor":21.0,"key":"SteroidPotion"},{"floor":35,"key":"Energy Potion"},{"floor":40,"key":"Block Potion"},{"floor":44,"key":"Block Potion"},{"floor":47,"key":"Dexterity Potion"}],"is_trial":false,"path_per_floor":["M","$","M","M","?","R","E","R","T","$","E","M","?","?","R","B",null,"M","M","?","M","$","R","?","R","T","M","?","$","?","M","R","B",null,"M","?","T","M","$","E","M","R","T","?","M","M","M","M","R","B",null],"character_chosen":"IRONCLAD","items_purchased":["Inflame","Gremlin Horn","Strength Potion","Bronze Scales"],"campfire_rested":2,"item_purchase_floors":[10,22,29,39],"current_hp_per_floor":[56,56,61,66,66,66,7,29,29,29,27,33,23,48,48,34,65,62,66,66,63,63,63,63,63,63,38,32,32,11,17,41,7,62,68,68,68,74,74,29,35,35,35,26,32,38,41,47,47,52],"gold":219,"neow_bonus":"ONE_RARE_RELIC","is_prod":false,"is_daily":false,"chose_seed":false,"campfire_upgraded":6,"win_rate":0,"timestamp":1558748877,"path_taken":["M","$","M","M","?","R","E","R","T","$","E","M","?","?","R","BOSS","M","M","?","?","$","R","?","R","T","M","?","$","?","M","R","BOSS","M","?","?","?","$","E","M","R","T","?","M","M","M","M","R","BOSS"],"build_version":"2019-01-23","purchased_purges":2,"victory":true,"max_hp_per_floor":[75,75,75,75,75,75,75,75,75,75,75,75,75,75,75,75,75,75,75,75,75,75,75,75,75,75,75,75,75,80,80,80,80,80,80,80,80,80,80,80,80,80,80,80,80,80,80,80,80,80],"card_choices":[{"not_picked":["Pommel Strike","Havoc"],"picked":"Cleave","floor":1.0},{"not_picked":["Pummel","Heavy Blade","Rampage"],"picked":"SKIP","floor":3.0},{"not_picked":["Fire Breathing","Dropkick","Cleave"],"picked":"SKIP","floor":4.0},{"not_picked":["Carnage","Clothesline","Perfected Strike"],"picked":"SKIP","floor":7.0},{"not_picked":["True Grit","Anger"],"picked":"Impervious","floor":11.0},{"not_picked":["Sword Boomerang","Whirlwind","Searing Blow"],"picked":"SKIP","floor":12.0},{"not_picked":["Sentinel","Iron Wave"],"picked":"Battle Trance","floor":13.0},{"not_picked":["Clothesline","Clash","Iron Wave"],"picked":"SKIP","floor":18.0},{"not_picked":["Thunderclap","Hemokinesis","Dropkick"],"picked":"SKIP","floor":19.0},{"not_picked":["Dropkick","Headbutt"],"picked":"Shrug It Off","floor":21.0},{"not_picked":["True Grit","Cleave","Sword Boomerang+1"],"picked":"SKIP","floor":27.0},{"not_picked":["Heavy Blade","True Grit","Spot Weakness"],"picked":"SKIP","floor":31.0},{"not_picked":["Offering","Fiend Fire"],"picked":"Barricade","floor":33},{"not_picked":["Clash","Headbutt+1"],"picked":"Disarm+1","floor":35},{"not_picked":["Jack Of All Trades","Purity"],"picked":"Master of Strategy","floor":36},{"not_picked":["Cleave+1","Inflame","Dropkick"],"picked":"SKIP","floor":38},{"not_picked":["Searing Blow+1","Shrug It Off","Carnage+1"],"picked":"SKIP","floor":40},{"not_picked":["Wild Strike","Perfected Strike+1","Carnage"],"picked":"SKIP","floor":41},{"not_picked":["Disarm","Seeing Red"],"picked":"Shrug It Off+1","floor":44},{"not_picked":["Shrug It Off","Armaments"],"picked":"Shockwave+1","floor":45},{"not_picked":["Heavy Blade+1","Inflame","Infernal Blade"],"picked":"SKIP","floor":46},{"not_picked":["True Grit","Armaments","Warcry"],"picked":"SKIP","floor":47},{"not_picked":["Dual Wield","Armaments","Wild Strike"],"picked":"SKIP","floor":48}],"player_experience":596096,"relics_obtained":[{"floor":7.0,"key":"Matryoshka"},{"floor":9.0,"key":"Dodecahedron"},{"floor":9.0,"key":"Red Skull"},{"floor":11.0,"key":"Paper Frog"},{"floor":13.0,"key":"Thread and Needle"},{"floor":26.0,"key":"Boot"},{"floor":26.0,"key":"Ornamental Fan"},{"floor":28.0,"key":"Red Mask"},{"floor":37,"key":"War Paint"},{"floor":40,"key":"Bag of Preparation"},{"floor":43,"key":"Vajra"},{"floor":44,"key":"Incense Burner"}],"event_choices":[{"damage_healed":0.0,"max_hp_gain":0.0,"max_hp_loss":0.0,"gold_gain":150.0,"event_name":"Liars Game","player_choice":"AGREE","floor":5.0,"gold_loss":0.0,"damage_taken":0.0,"cards_obtained":["Doubt"]},{"damage_healed":0.0,"max_hp_gain":0.0,"max_hp_loss":0.0,"gold_gain":30.0,"event_name":"Dead Adventurer","player_choice":"Searched \u00272\u0027 times","floor":13.0,"gold_loss":0.0,"damage_taken":0.0},{"damage_healed":25.0,"max_hp_gain":0.0,"max_hp_loss":0.0,"gold_gain":0.0,"event_name":"Big Fish","player_choice":"Banana","floor":14.0,"gold_loss":0.0,"damage_taken":0.0},{"damage_healed":0.0,"max_hp_gain":0.0,"max_hp_loss":0.0,"gold_gain":0.0,"event_name":"Upgrade Shrine","player_choice":"Upgraded","floor":20.0,"gold_loss":0.0,"damage_taken":0.0,"cards_upgraded":["Bash"]},{"damage_healed":0.0,"max_hp_gain":0.0,"max_hp_loss":0.0,"gold_gain":0.0,"event_name":"The Library","player_choice":"Read","floor":24.0,"gold_loss":0.0,"damage_taken":0.0,"cards_obtained":["Impervious"]},{"damage_healed":0.0,"max_hp_gain":0.0,"max_hp_loss":0.0,"gold_gain":0.0,"event_name":"Masked Bandits","player_choice":"Fought Bandits","floor":28.0,"gold_loss":0.0,"damage_taken":0.0},{"damage_healed":0.0,"max_hp_gain":5.0,"max_hp_loss":0.0,"gold_gain":0.0,"event_name":"Forgotten Altar","player_choice":"Shed Blood","floor":30.0,"gold_loss":0.0,"damage_taken":26.0},{"damage_healed":0,"gold_gain":0,"player_choice":"Memory 1","damage_taken":0,"max_hp_gain":0,"max_hp_loss":0,"event_name":"SensoryStone","floor":36,"gold_loss":0},{"damage_healed":0,"gold_gain":0,"player_choice":"Fight","damage_taken":0,"max_hp_gain":0,"max_hp_loss":0,"event_name":"Mysterious Sphere","floor":44,"gold_loss":0}],"is_beta":false,"boss_relics":[{"not_picked":["Empty Cage","Runic Cube"],"picked":"Velvet Choker"},{"not_picked":["Eternal Feather","Runic Dome"],"picked":"Coffee Dripper"}],"items_purged_floors":[2,10],"is_endless":false,"potions_floor_spawned":[3,7,11,12,18,21,35,40,44,47],"ascension_level":15}