{"gold_per_floor":[119,194,194,211,211,211,221,80,126,142,142,160,160,160,160,160],"floor_reached":16,"playtime":398,"items_purged":[],"score":180,"play_id":"acdb8ec7-d530-4fb1-bffa-eb77742639ae","local_time":"20190421112354","is_ascension_mode":true,"campfire_choices":[{"data":"Neutralize","floor":6,"key":"SMITH"},{"floor":11,"key":"REST"},{"data":"Survivor","floor":13,"key":"SMITH"},{"floor":15,"key":"REST"}],"neow_cost":"NONE","seed_source_timestamp":651970512840402,"circlet_count":0,"master_deck":["AscendersBane","Defend_G+1","Defend_G","Defend_G","Defend_G","Defend_G","Strike_G","Strike_G","Strike_G","Strike_G","Strike_G","Survivor+1","Neutralize+1","Noxious Fumes+1","Backflip+1","Noxious Fumes","PiercingWail"],"relics":["Ring of the Snake","NeowsBlessing","Regal Pillow","Art of War"],"potions_floor_usage":[10,10],"damage_taken":[{"damage":0,"enemies":"Jaw Worm","floor":1,"turns":1},{"damage":0,"enemies":"Small Slimes","floor":4,"turns":1},{"damage":0,"enemies":"2 Louse","floor":7,"turns":1},{"damage":23,"enemies":"Large Slime","floor":10,"turns":9},{"damage":2,"enemies":"Looter","floor":12,"turns":5},{"damage":68,"enemies":"Hexaghost","floor":16,"turns":11}],"seed_played":"-7407533489242208137","potions_obtained":[{"floor":1,"key":"Ancient Potion"},{"floor":7,"key":"GamblersBrew"}],"is_trial":false,"path_per_floor":["M","?","?","M","?","R","M","$","T","M","R","M","R","?","R","B"],"character_chosen":"THE_SILENT","items_purchased":["Noxious Fumes","PiercingWail"],"campfire_rested":2,"item_purchase_floors":[8,8],"current_hp_per_floor":[59,48,48,48,28,28,28,28,28,5,39,37,37,26,60,0],"gold":160,"neow_bonus":"THREE_ENEMY_KILL","is_prod":false,"is_daily":false,"chose_seed":false,"campfire_upgraded":2,"win_rate":0,"timestamp":1555867434,"path_taken":["M","?","?","M","?","R","M","$","T","M","R","M","R","?","R","BOSS"],"build_version":"2019-01-23","purchased_purges":0,"victory":false,"max_hp_per_floor":[66,66,66,66,66,66,66,66,66,66,66,66,66,66,66,66],"card_choices":[{"not_picked":["Poisoned Stab","Catalyst"],"picked":"Noxious Fumes","floor":1},{"not_picked":["Underhanded Strike","PiercingWail"],"picked":"Backflip","floor":4},{"not_picked":["Poisoned Stab","Riddle With Holes","Choke"],"picked":"SKIP","floor":7},{"not_picked":["Blade Dance","Poisoned Stab","Dagger Throw"],"picked":"SKIP","floor":10},{"not_picked":["Flying Knee","Blade Dance","Outmaneuver"],"picked":"SKIP","floor":12}],"player_experience":481891,"relics_obtained":[{"floor":9,"key":"Regal Pillow"}],"event_choices":[{"damage_healed":0,"gold_gain":75,"player_choice":"Gather Gold","damage_taken":11,"max_hp_gain":0,"max_hp_loss":0,"event_name":"World of Goop","floor":2,"gold_loss":0},{"damage_healed":0,"gold_gain":0,"player_choice":"Grow","damage_taken":0,"max_hp_gain":0,"max_hp_loss":0,"event_name":"Living Wall","floor":3,"gold_loss":0,"cards_upgraded":["Noxious Fumes"]},{"damage_healed":0,"gold_gain":0,"player_choice":"Entered Light","damage_taken":20,"max_hp_gain":0,"max_hp_loss":0,"event_name":"Shining Light","floor":5,"gold_loss":0,"cards_upgraded":["Defend_G","Backflip"]},{"damage_healed":0,"gold_gain":0,"player_choice":"Success","damage_taken":11,"relics_obtained":["Art of War"],"max_hp_gain":0,"max_hp_loss":0,"event_name":"Scrap Ooze","floor":14,"gold_loss":0}],"is_beta":false,"boss_relics":[],"items_purged_floors":[],"is_endless":false,"potions_floor_spawned":[1,7],"killed_by":"Hexaghost","ascension_level":20}