{"gold_per_floor":[116,136,147,147,166,166,181,181,261,261],"floor_reached":10,"playtime":265,"items_purged":[],"score":120,"play_id":"3165186b-560b-4ebd-9f42-f1e19ab75c65","local_time":"20190404003525","is_ascension_mode":true,"campfire_choices":[{"data":"Well Laid Plans","floor":6,"key":"SMITH"},{"floor":8,"key":"REST"}],"neow_cost":"NONE","seed_source_timestamp":531182506674926,"circlet_count":0,"master_deck":["AscendersBane","Defend_G","Defend_G","Defend_G","Defend_G","Defend_G","Strike_G","Strike_G","Strike_G","Strike_G","Survivor","Neutralize","Bouncing Flask","Choke","Well Laid Plans+1","Dash","Dagger Spray"],"relics":["Ring of the Snake","NeowsBlessing","Frozen Egg 2"],"potions_floor_usage":[10],"damage_taken":[{"damage":0,"enemies":"Jaw Worm","floor":1,"turns":1},{"damage":0,"enemies":"2 Louse","floor":2,"turns":1},{"damage":0,"enemies":"Cultist","floor":3,"turns":1},{"damage":30,"enemies":"Exordium Thugs","floor":5,"turns":6},{"damage":6,"enemies":"2 Fungi Beasts","floor":7,"turns":3},{"damage":39,"enemies":"Lagavulin","floor":10,"turns":6}],"seed_played":"6699956926325872926","potions_obtained":[{"floor":1,"key":"AttackPotion"},{"floor":2,"key":"LiquidBronze"}],"is_trial":false,"path_per_floor":["M","M","M","?","M","R","M","R","T","E"],"character_chosen":"THE_SILENT","items_purchased":[],"campfire_rested":1,"item_purchase_floors":[],"current_hp_per_floor":[59,59,59,52,22,22,16,35,35,0],"gold":261,"neow_bonus":"THREE_ENEMY_KILL","is_prod":false,"is_daily":false,"chose_seed":false,"campfire_upgraded":1,"win_rate":0,"timestamp":1554359725,"path_taken":["M","M","M","?","M","R","M","R","T","E"],"build_version":"2019-01-23","purchased_purges":0,"victory":false,"max_hp_per_floor":[66,66,66,66,66,66,66,66,66,66],"card_choices":[{"not_picked":["Riddle With Holes","Dodge and Roll"],"picked":"Bouncing Flask","floor":1},{"not_picked":["Accuracy","PiercingWail"],"picked":"Choke","floor":2},{"not_picked":["Blade Dance","Backflip"],"picked":"Well Laid Plans","floor":3},{"not_picked":["Cloak And Dagger","Expertise"],"picked":"Dash","floor":5},{"not_picked":["Prepared","Bane"],"picked":"Dagger Spray","floor":7}],"player_experience":436045,"relics_obtained":[{"floor":9,"key":"Frozen Egg 2"}],"event_choices":[{"cards_removed":["Strike_G"],"damage_healed":0,"gold_gain":0,"player_choice":"Card Removal","damage_taken":7,"max_hp_gain":0,"max_hp_loss":0,"event_name":"Golden Wing","floor":4,"gold_loss":0}],"is_beta":false,"boss_relics":[],"items_purged_floors":[],"is_endless":false,"potions_floor_spawned":[1,2],"killed_by":"Lagavulin","ascension_level":20}