{"gold_per_floor":[116,116,133,150,74,109,89,89,89,89,108,125,125,200,200,277,277,294,294,294],"floor_reached":20,"playtime":611,"items_purged":[],"score":318,"play_id":"3a887d70-fdf8-4744-8f0c-b5c3cd78d199","local_time":"20190524234148","is_ascension_mode":true,"campfire_choices":[{"data":"Inflame","floor":8.0,"key":"SMITH"},{"data":"Pommel Strike","floor":10.0,"key":"SMITH"},{"floor":15.0,"key":"REST"}],"neow_cost":"NONE","seed_source_timestamp":308582077304954,"circlet_count":0,"master_deck":["AscendersBane","Strike_R","Strike_R","Strike_R","Strike_R","Defend_R","Defend_R","Defend_R","Defend_R","Bash+1","Battle Trance","Inflame+1","Pommel Strike+1","Uppercut+1","Shrug It Off","Impervious"],"special_seed":0,"relics":["Burning Blood","Bird Faced Urn","WingedGreaves","Runic Pyramid","Strawberry"],"potions_floor_usage":[16],"damage_taken":[{"damage":10.0,"enemies":"2 Louse","floor":1.0,"turns":3.0},{"damage":2.0,"enemies":"Cultist","floor":3.0,"turns":4.0},{"damage":7.0,"enemies":"Jaw Worm","floor":4.0,"turns":3.0},{"damage":16.0,"enemies":"Gremlin Nob","floor":6.0,"turns":3.0},{"damage":28.0,"enemies":"Lots of Slimes","floor":11.0,"turns":5.0},{"damage":18.0,"enemies":"Exordium Wildlife","floor":12.0,"turns":4.0},{"damage":36,"enemies":"The Guardian","floor":16,"turns":14},{"damage":56,"enemies":"Shell Parasite","floor":18,"turns":10},{"damage":21,"enemies":"Spheric Guardian","floor":20,"turns":5}],"seed_played":"-4643324816969089922","potions_obtained":[{"floor":3.0,"key":"SteroidPotion"},{"floor":4.0,"key":"Weak Potion"},{"floor":6.0,"key":"Fire Potion"},{"floor":7.0,"key":"SteroidPotion"}],"is_trial":false,"path_per_floor":["M","?","M","M","$","E","?","R","T","R","M","M","?","?","R","B",null,"M","?","M"],"character_chosen":"IRONCLAD","items_purchased":["Inflame"],"campfire_rested":1,"item_purchase_floors":[5],"current_hp_per_floor":[64,64,68,67,67,57,57,57,57,57,37,27,27,16,38,10,59,11,18,0],"gold":294,"neow_bonus":"UPGRADE_CARD","is_prod":false,"is_daily":false,"chose_seed":false,"campfire_upgraded":2,"win_rate":0,"timestamp":1558762908,"path_taken":["M","?","?","M","?","E","?","R","T","R","?","M","?","?","R","BOSS","M","?","?"],"build_version":"2019-01-23","purchased_purges":0,"victory":false,"max_hp_per_floor":[75,75,75,75,75,75,75,75,75,75,75,75,75,75,75,75,75,75,82,82],"card_choices":[{"not_picked":["Clothesline","Infernal Blade","Clash"],"picked":"SKIP","floor":1.0},{"not_picked":["Armaments","Sword Boomerang"],"picked":"Battle Trance","floor":3.0},{"not_picked":["Clothesline","Burning Pact","Rupture"],"picked":"SKIP","floor":4.0},{"not_picked":["Clothesline","Corruption"],"picked":"Pommel Strike","floor":6.0},{"not_picked":["Iron Wave","Reaper"],"picked":"Uppercut","floor":11.0},{"not_picked":["Armaments","Corruption"],"picked":"Shrug It Off","floor":12.0},{"not_picked":["Exhume","Fiend Fire"],"picked":"Impervious","floor":16},{"not_picked":["Infernal Blade+1","Metallicize","Reckless Charge"],"picked":"SKIP","floor":18}],"player_experience":602316,"relics_obtained":[{"floor":6.0,"key":"Bird Faced Urn"},{"floor":9.0,"key":"WingedGreaves"},{"floor":19,"key":"Strawberry"}],"event_choices":[{"cards_removed":["Strike_R"],"damage_healed":0.0,"max_hp_gain":0.0,"max_hp_loss":0.0,"gold_gain":0.0,"event_name":"Purifier","player_choice":"Purged","floor":2.0,"gold_loss":0.0,"damage_taken":0.0},{"damage_healed":0.0,"max_hp_gain":0.0,"max_hp_loss":0.0,"gold_gain":0.0,"event_name":"The Woman in Blue","player_choice":"Bought 1 Potion","floor":7.0,"gold_loss":0.0,"damage_taken":0.0},{"damage_healed":0.0,"max_hp_gain":0.0,"max_hp_loss":0.0,"gold_gain":0.0,"event_name":"Living Wall","player_choice":"Grow","floor":13.0,"gold_loss":0.0,"damage_taken":0.0,"cards_upgraded":["Uppercut"]},{"damage_healed":0.0,"max_hp_gain":0.0,"max_hp_loss":0.0,"gold_gain":75.0,"event_name":"World of Goop","player_choice":"Gather Gold","floor":14.0,"gold_loss":0.0,"damage_taken":11.0},{"damage_healed":0,"gold_gain":0,"player_choice":"Relic","damage_taken":0,"max_hp_gain":0,"max_hp_loss":0,"event_name":"Wheel of Change","floor":19,"gold_loss":0}],"is_beta":false,"boss_relics":[{"not_picked":["White Beast Statue","Tiny House"],"picked":"Runic Pyramid"}],"items_purged_floors":[],"is_endless":false,"potions_floor_spawned":[3,4,6],"killed_by":"Spheric Guardian","ascension_level":17}