{"gold_per_floor":[118,135,148,166,177,177,207,217,217,217,217,232,266,266,266,359,359,379,404,404,454,49,49,49],"floor_reached":24,"playtime":846,"items_purged":["Writhe"],"score":406,"play_id":"2464be49-adcf-40ad-be74-db67a2e48b15","local_time":"20190526134613","is_ascension_mode":true,"campfire_choices":[{"data":"Hemokinesis","floor":6.0,"key":"SMITH"},{"data":"Pommel Strike","floor":11.0,"key":"SMITH"},{"data":"Disarm","floor":15.0,"key":"SMITH"},{"data":"Defend_R","floor":23,"key":"SMITH"}],"neow_cost":"NONE","seed_source_timestamp":80385644847584,"circlet_count":0,"master_deck":["AscendersBane","Strike_R","Strike_R","Strike_R","Strike_R","Defend_R","Defend_R","Defend_R","Defend_R+1","Bash+1","Cleave","Clash","Pommel Strike+1","Hemokinesis+1","Disarm+1","Impervious"],"special_seed":0,"relics":["Burning Blood","Juzu Bracelet","Pen Nib","Golden Idol","Mercury Hourglass","Runic Pyramid","Omamori","Nunchaku"],"potions_floor_usage":[24],"damage_taken":[{"damage":9.0,"enemies":"Jaw Worm","floor":1.0,"turns":4.0},{"damage":10.0,"enemies":"2 Louse","floor":2.0,"turns":2.0},{"damage":1.0,"enemies":"Cultist","floor":3.0,"turns":3.0},{"damage":9.0,"enemies":"2 Fungi Beasts","floor":4.0,"turns":3.0},{"damage":15.0,"enemies":"Large Slime","floor":5.0,"turns":5.0},{"damage":25.0,"enemies":"Lagavulin","floor":7.0,"turns":6.0},{"damage":9.0,"enemies":"3 Louse","floor":8.0,"turns":3.0},{"damage":4.0,"enemies":"2 Fungi Beasts","floor":12.0,"turns":3.0},{"damage":10.0,"enemies":"Gremlin Nob","floor":13.0,"turns":3.0},{"damage":15,"enemies":"The Guardian","floor":16,"turns":15},{"damage":18,"enemies":"Shell Parasite","floor":18,"turns":7},{"damage":7,"enemies":"Spheric Guardian","floor":19,"turns":5},{"damage":45,"enemies":"Gremlin Leader","floor":24,"turns":7}],"seed_played":"6770350819906981032","potions_obtained":[{"floor":1.0,"key":"Fire Potion"},{"floor":4.0,"key":"EssenceOfSteel"},{"floor":7.0,"key":"Fire Potion"}],"is_trial":false,"path_per_floor":["M","M","M","M","M","R","E","M","T","?","R","M","E","?","R","B",null,"M","M","?","?","$","R","E"],"character_chosen":"IRONCLAD","items_purchased":["Nunchaku"],"campfire_rested":0,"item_purchase_floors":[22],"current_hp_per_floor":[65,61,66,63,54,54,35,32,32,32,32,34,30,23,23,14,55,43,42,42,42,42,42,0],"gold":49,"neow_bonus":"UPGRADE_CARD","is_prod":false,"is_daily":false,"chose_seed":false,"campfire_upgraded":4,"win_rate":0,"timestamp":1558899973,"path_taken":["M","M","M","M","M","R","E","M","T","?","R","M","E","?","R","BOSS","M","M","?","?","$","R","E"],"build_version":"2019-01-23","purchased_purges":1,"victory":false,"max_hp_per_floor":[75,75,75,75,75,75,75,75,75,68,68,68,68,68,68,68,68,68,68,68,68,68,68,68],"card_choices":[{"not_picked":["Sentinel","Flex"],"picked":"Cleave","floor":1.0},{"not_picked":["Armaments","Whirlwind"],"picked":"Clash","floor":2.0},{"not_picked":["Body Slam","Clothesline"],"picked":"Pommel Strike","floor":3.0},{"not_picked":["Warcry","Fiend Fire","Wild Strike"],"picked":"SKIP","floor":4.0},{"not_picked":["Combust","Dual Wield"],"picked":"Hemokinesis","floor":5.0},{"not_picked":["Perfected Strike","Armaments","Reckless Charge"],"picked":"SKIP","floor":7.0},{"not_picked":["Armaments","True Grit","Power Through"],"picked":"SKIP","floor":8.0},{"not_picked":["Feel No Pain","Reckless Charge","Wild Strike"],"picked":"SKIP","floor":12.0},{"not_picked":["Exhume","Armaments"],"picked":"Disarm","floor":13.0},{"not_picked":["Brutality","Offering"],"picked":"Impervious","floor":16},{"not_picked":["Rupture","Sword Boomerang","Twin Strike"],"picked":"SKIP","floor":18},{"not_picked":["Sword Boomerang","Perfected Strike","Burning Pact"],"picked":"SKIP","floor":19}],"player_experience":615252,"relics_obtained":[{"floor":7.0,"key":"Juzu Bracelet"},{"floor":9.0,"key":"Pen Nib"},{"floor":13.0,"key":"Mercury Hourglass"}],"event_choices":[{"damage_healed":0.0,"max_hp_gain":0.0,"max_hp_loss":7.0,"gold_gain":0.0,"event_name":"Golden Idol","player_choice":"Lose Max HP","floor":10.0,"gold_loss":0.0,"damage_taken":0.0,"relics_obtained":["Golden Idol"]},{"cards_removed":["Strike_R"],"damage_healed":0.0,"max_hp_gain":0.0,"max_hp_loss":0.0,"gold_gain":0.0,"event_name":"Golden Wing","player_choice":"Card Removal","floor":14.0,"gold_loss":0.0,"damage_taken":7.0},{"damage_healed":0,"gold_gain":0,"player_choice":"Opened","damage_taken":0,"relics_obtained":["Omamori"],"max_hp_gain":0,"max_hp_loss":0,"event_name":"The Mausoleum","floor":20,"gold_loss":0,"cards_obtained":["Writhe"]},{"damage_healed":0,"gold_gain":50,"player_choice":"Stole From Cult","damage_taken":0,"max_hp_gain":0,"max_hp_loss":0,"event_name":"Nest","floor":21,"gold_loss":0}],"is_beta":false,"boss_relics":[{"not_picked":["Busted Crown","Runic Dome"],"picked":"Runic Pyramid"}],"items_purged_floors":[22],"is_endless":false,"potions_floor_spawned":[1,4,7],"killed_by":"Gremlin Leader","ascension_level":19}