{"gold_per_floor":[113,113,113,113,133,168,168,193,245,264,292,312,312],"floor_reached":13,"playtime":390,"items_purged":[],"score":250,"play_id":"7900785b-10d6-4a5b-87ea-78d6d54fb3b0","local_time":"20190330225315","is_ascension_mode":true,"campfire_choices":[{"data":"Neutralize","floor":7,"key":"SMITH"}],"neow_cost":"NONE","seed_source_timestamp":179327356876555,"circlet_count":0,"master_deck":["AscendersBane","Defend_G","Defend_G","Defend_G","Defend_G","Defend_G","Strike_G","Strike_G","Strike_G","Strike_G","Survivor","Neutralize+1","Sucker Punch","Backflip"],"relics":["Ring of the Snake","NeowsBlessing","Happy Flower","Mummified Hand","Orichalcum","Bag of Marbles","Potion Belt"],"potions_floor_usage":[8,8,11],"damage_taken":[{"damage":0,"enemies":"Small Slimes","floor":1,"turns":1},{"damage":0,"enemies":"2 Louse","floor":5,"turns":1},{"damage":0,"enemies":"Lagavulin","floor":6,"turns":1},{"damage":25,"enemies":"Gremlin Nob","floor":8,"turns":6},{"damage":0,"enemies":"Cultist","floor":10,"turns":3},{"damage":17,"enemies":"3 Sentries","floor":11,"turns":10},{"damage":1,"enemies":"Blue Slaver","floor":12,"turns":5},{"damage":5,"enemies":"Large Slime","floor":13,"turns":3}],"seed_played":"-368232994784737386","potions_obtained":[{"floor":1,"key":"SkillPotion"},{"floor":6,"key":"GhostInAJar"},{"floor":8,"key":"Strength Potion"},{"floor":12,"key":"Explosive Potion"}],"is_trial":false,"path_per_floor":["M","?","$","?","M","E","R","E","T","M","E","M","M"],"character_chosen":"THE_SILENT","items_purchased":[],"campfire_rested":0,"item_purchase_floors":[],"current_hp_per_floor":[59,48,48,48,48,48,48,23,23,23,6,5,0],"gold":312,"neow_bonus":"THREE_ENEMY_KILL","is_prod":false,"is_daily":false,"chose_seed":false,"campfire_upgraded":1,"win_rate":0,"timestamp":1554007995,"path_taken":["M","?","$","?","M","E","R","E","T","M","E","M","M"],"build_version":"2019-01-23","purchased_purges":0,"victory":false,"max_hp_per_floor":[66,66,66,66,66,66,66,66,66,66,66,66,66],"card_choices":[{"not_picked":["Eviscerate","Underhanded Strike","Dodge and Roll"],"picked":"SKIP","floor":1},{"not_picked":["Flying Knee","Setup","Terror"],"picked":"SKIP","floor":5},{"not_picked":["Quick Slash","Reflex"],"picked":"Sucker Punch","floor":6},{"not_picked":["Tactician","Outmaneuver","Poisoned Stab"],"picked":"SKIP","floor":8},{"not_picked":["PiercingWail","Bane"],"picked":"Backflip","floor":10},{"not_picked":["Blade Dance","Envenom","Dodge and Roll"],"picked":"SKIP","floor":11},{"not_picked":["Deadly Poison","Dagger Throw","Backflip"],"picked":"SKIP","floor":12}],"player_experience":372000,"relics_obtained":[{"floor":6,"key":"Mummified Hand"},{"floor":8,"key":"Orichalcum"},{"floor":9,"key":"Bag of Marbles"},{"floor":11,"key":"Potion Belt"}],"event_choices":[{"damage_healed":0,"gold_gain":0,"player_choice":"Success","damage_taken":11,"relics_obtained":["Happy Flower"],"max_hp_gain":0,"max_hp_loss":0,"event_name":"Scrap Ooze","floor":2,"gold_loss":0},{"cards_removed":["Strike_G"],"damage_healed":0,"gold_gain":0,"player_choice":"Purged","damage_taken":0,"max_hp_gain":0,"max_hp_loss":0,"event_name":"Purifier","floor":4,"gold_loss":0}],"is_beta":false,"boss_relics":[],"items_purged_floors":[],"is_endless":false,"potions_floor_spawned":[1,6,8,12],"killed_by":"Large Slime","ascension_level":19}