{"gold_per_floor":[113,124,135,85,160,160,191,191,221,247,247,105,105,125,125,125],"floor_reached":16,"playtime":426,"items_purged":[],"score":171,"play_id":"6451e735-53b3-459a-84fd-3402b4001b0c","local_time":"20190426002409","is_ascension_mode":true,"campfire_choices":[{"data":"Iron Wave","floor":6,"key":"SMITH"},{"data":"Whirlwind","floor":8,"key":"SMITH"},{"data":"Bandage Up","floor":13,"key":"SMITH"},{"data":"Heavy Blade","floor":15,"key":"SMITH"}],"neow_cost":"TEN_PERCENT_HP_LOSS","seed_source_timestamp":30632349156034,"circlet_count":0,"master_deck":["AscendersBane","Strike_R","Strike_R","Strike_R","Defend_R","Defend_R","Defend_R","Defend_R","Bash","Heavy Blade+1","Iron Wave+1","Metallicize","Whirlwind+1","Twin Strike","Bandage Up+1","Inflame"],"relics":["Burning Blood","Mummified Hand","Tiny Chest","Pen Nib"],"potions_floor_usage":[7,10,11],"damage_taken":[{"damage":1,"enemies":"Cultist","floor":1,"turns":4},{"damage":3,"enemies":"Small Slimes","floor":2,"turns":3},{"damage":6,"enemies":"2 Louse","floor":3,"turns":3},{"damage":37,"enemies":"Lagavulin","floor":7,"turns":7},{"damage":18,"enemies":"Gremlin Nob","floor":10,"turns":5},{"damage":0,"enemies":"Large Slime","floor":11,"turns":1},{"damage":2,"enemies":"Exordium Wildlife","floor":14,"turns":3},{"damage":43,"enemies":"Hexaghost","floor":16,"turns":9}],"seed_played":"-3443139113987148548","potions_obtained":[{"floor":1,"key":"Weak Potion"},{"floor":2,"key":"Ancient Potion"},{"floor":10,"key":"SmokeBomb"}],"is_trial":false,"path_per_floor":["M","M","M","?","?","R","E","R","T","E","M","$","R","M","R","B"],"character_chosen":"IRONCLAD","items_purchased":["Twin Strike","Bandage Up"],"campfire_rested":0,"item_purchase_floors":[12,12],"current_hp_per_floor":[72,72,72,72,61,61,30,30,30,18,24,24,24,34,34,0],"gold":125,"neow_bonus":"TRANSFORM_TWO_CARDS","is_prod":false,"is_daily":false,"chose_seed":false,"campfire_upgraded":4,"win_rate":0,"timestamp":1556259849,"path_taken":["M","M","M","?","?","R","E","R","T","E","M","$","R","M","R","BOSS"],"build_version":"2019-01-23","purchased_purges":0,"victory":false,"max_hp_per_floor":[72,72,72,72,72,72,72,72,72,72,72,72,72,72,72,72],"card_choices":[{"not_picked":["Headbutt","Rampage"],"picked":"Iron Wave","floor":1},{"not_picked":["Havoc","Searing Blow","Pummel"],"picked":"SKIP","floor":2},{"not_picked":["Clothesline","Seeing Red"],"picked":"Metallicize","floor":3},{"not_picked":["Flex","Shrug It Off"],"picked":"Whirlwind","floor":7},{"not_picked":["Rupture","Sword Boomerang","Fire Breathing"],"picked":"SKIP","floor":10},{"not_picked":["Corruption","Sword Boomerang"],"picked":"Inflame","floor":14}],"player_experience":539432,"relics_obtained":[{"floor":7,"key":"Mummified Hand"},{"floor":9,"key":"Tiny Chest"},{"floor":10,"key":"Pen Nib"}],"event_choices":[{"cards_removed":["Havoc"],"damage_healed":0,"gold_gain":0,"player_choice":"Card Removal","damage_taken":0,"max_hp_gain":0,"max_hp_loss":0,"event_name":"The Cleric","floor":4,"gold_loss":50},{"damage_healed":0,"gold_gain":75,"player_choice":"Gather Gold","damage_taken":11,"max_hp_gain":0,"max_hp_loss":0,"event_name":"World of Goop","floor":5,"gold_loss":0}],"is_beta":false,"boss_relics":[],"items_purged_floors":[],"is_endless":false,"potions_floor_spawned":[1,2,10,11],"killed_by":"Hexaghost","ascension_level":11}