{"gold_per_floor":[113,123,141,151,165,165,199,199,222,222,255,71,71,88,88,159,159,171,188,188,188,188,188,199,20,20,20,40,40,40,40,40,117,117,134,134,134,145,161,161,3,3,3,3,3,20,32,132,132,132,132],"floor_reached":51,"playtime":3307,"items_purged":["Strike_G"],"score":1210,"play_id":"3aef9322-7a92-4b1d-ab4f-aaa850a0713b","local_time":"20190405221952","is_ascension_mode":true,"campfire_choices":[{"data":"Skewer","floor":6.0,"key":"SMITH"},{"data":"Footwork","floor":8.0,"key":"SMITH"},{"data":"Well Laid Plans","floor":13.0,"key":"SMITH"},{"data":"Neutralize","floor":15.0,"key":"SMITH"},{"data":"Survivor","floor":23.0,"key":"SMITH"},{"data":"PiercingWail","floor":30.0,"key":"SMITH"},{"data":"Leg Sweep","floor":32.0,"key":"SMITH"},{"data":"Noxious Fumes","floor":40.0,"key":"SMITH"},{"data":"Noxious Fumes","floor":44.0,"key":"SMITH"},{"floor":49.0,"key":"REST"}],"neow_cost":"NONE","seed_source_timestamp":692305212639367,"circlet_count":0,"master_deck":["AscendersBane","Defend_G","Defend_G+1","Defend_G","Defend_G","Defend_G","Strike_G+1","Strike_G","Strike_G","Survivor+1","Neutralize+1","Dash+1","Noxious Fumes+1","Skewer+1","Footwork+1","Well Laid Plans+1","Noxious Fumes+1","Deflect","PiercingWail+1","Adrenaline+1","Backflip+1","Leg Sweep+1","Adrenaline","Blur+1","Adrenaline","Backstab+1","Acrobatics","PiercingWail+1"],"special_seed":0,"relics":["Ring of the Snake","NeowsBlessing","Whetstone","Snake Skull","Juzu Bracelet","Velvet Choker","Bag of Preparation","Shuriken","Bottled Flame","MutagenicStrength","Cursed Key","War Paint","Du-Vu Doll"],"potions_floor_usage":[],"damage_taken":[{"damage":0.0,"enemies":"Cultist","floor":1.0,"turns":1.0},{"damage":0.0,"enemies":"Jaw Worm","floor":2.0,"turns":1.0},{"damage":0.0,"enemies":"2 Louse","floor":3.0,"turns":1.0},{"damage":1.0,"enemies":"Large Slime","floor":4.0,"turns":8.0},{"damage":0.0,"enemies":"Blue Slaver","floor":5.0,"turns":5.0},{"damage":36.0,"enemies":"Gremlin Nob","floor":7.0,"turns":5.0},{"damage":2.0,"enemies":"3 Sentries","floor":11.0,"turns":6.0},{"damage":17.0,"enemies":"3 Louse","floor":14.0,"turns":4.0},{"damage":1.0,"enemies":"The Guardian","floor":16.0,"turns":10.0},{"damage":0.0,"enemies":"Spheric Guardian","floor":18.0,"turns":6.0},{"damage":6.0,"enemies":"3 Byrds","floor":19.0,"turns":5.0},{"damage":4.0,"enemies":"Snecko","floor":24.0,"turns":5.0},{"damage":5.0,"enemies":"3 Cultists","floor":28.0,"turns":6.0},{"damage":7.0,"enemies":"Collector","floor":33.0,"turns":12.0},{"damage":5.0,"enemies":"3 Darklings","floor":35.0,"turns":6.0},{"damage":9.0,"enemies":"3 Shapes","floor":38.0,"turns":7.0},{"damage":0.0,"enemies":"Sphere and 2 Shapes","floor":39.0,"turns":6.0},{"damage":0.0,"enemies":"Maw","floor":46.0,"turns":8.0},{"damage":12.0,"enemies":"Transient","floor":47.0,"turns":6.0},{"damage":12.0,"enemies":"Mind Bloom Boss Battle","floor":48.0,"turns":6.0},{"damage":14.0,"enemies":"Awakened One","floor":50.0,"turns":23.0},{"damage":25,"enemies":"Time Eater","floor":51,"turns":3}],"seed_played":"1046330991401865323","potions_obtained":[{"floor":1.0,"key":"PowerPotion"},{"floor":2.0,"key":"Explosive Potion"},{"floor":7.0,"key":"GhostInAJar"},{"floor":18.0,"key":"GhostInAJar"},{"floor":33.0,"key":"GhostInAJar"}],"is_trial":false,"path_per_floor":["M","M","M","M","M","R","E","R","T","?","E","$","R","M","R","B",null,"M","M","?","?","T","R","M","$","T","?","M","$","R","?","R","B",null,"M","?","?","M","M","R","$","?","T","R","$","M","M","?","R","B","B"],"character_chosen":"THE_SILENT","items_purchased":["Noxious Fumes","Deflect","Adrenaline","War Paint"],"campfire_rested":1,"item_purchase_floors":[12,12,25,41],"current_hp_per_floor":[59,59,59,58,58,58,22,22,22,44,42,42,42,25,25,24,56,56,50,50,50,50,50,46,46,46,46,41,41,41,41,41,34,58,53,53,53,44,44,44,44,35,35,35,35,35,23,11,30,16,0],"gold":132,"neow_bonus":"THREE_ENEMY_KILL","is_prod":false,"is_daily":false,"chose_seed":false,"campfire_upgraded":9,"win_rate":0,"timestamp":1554524392,"path_taken":["M","M","M","?","M","R","E","R","T","?","E","$","R","M","R","BOSS","M","M","?","?","?","R","M","$","T","?","M","$","R","?","R","BOSS","M","?","?","M","M","R","$","?","T","R","$","M","M","?","R","BOSS","BOSS"],"build_version":"2019-01-23","purchased_purges":1,"victory":false,"max_hp_per_floor":[66,66,66,66,66,66,66,66,66,66,66,66,66,66,66,66,66,66,66,66,66,66,66,66,66,66,66,66,66,66,66,66,66,66,66,66,66,66,66,66,66,66,66,66,66,66,66,66,66,66,66],"card_choices":[{"not_picked":["Outmaneuver","Sucker Punch"],"picked":"Dash","floor":1.0},{"not_picked":["Dagger Throw","Endless Agony"],"picked":"Noxious Fumes","floor":2.0},{"not_picked":["Quick Slash","Deflect","Underhanded Strike"],"picked":"SKIP","floor":3.0},{"not_picked":["Well Laid Plans","Dodge and Roll"],"picked":"Skewer","floor":4.0},{"not_picked":["Setup","Quick Slash","Night Terror"],"picked":"SKIP","floor":5.0},{"not_picked":["Riddle With Holes","Poisoned Stab"],"picked":"Footwork","floor":7.0},{"not_picked":["Outmaneuver","Night Terror"],"picked":"Well Laid Plans","floor":11.0},{"not_picked":["Flying Knee","Predator"],"picked":"PiercingWail","floor":14.0},{"not_picked":["Grand Finale","Tools of the Trade"],"picked":"Adrenaline","floor":16.0},{"not_picked":["Dagger Throw","Caltrops"],"picked":"Backflip+1","floor":18.0},{"not_picked":["Prepared","Slice","Flechettes+1"],"picked":"SKIP","floor":19.0},{"not_picked":["Blade Dance","Noxious Fumes","PiercingWail"],"picked":"SKIP","floor":24.0},{"not_picked":["Outmaneuver","Poisoned Stab"],"picked":"Blur+1","floor":28.0},{"not_picked":["Storm of Steel","A Thousand Cuts"],"picked":"Adrenaline","floor":33.0},{"not_picked":["Underhanded Strike","Bane"],"picked":"Backstab+1","floor":35.0},{"not_picked":["Heel Hook+1","Catalyst","Distraction"],"picked":"SKIP","floor":38.0},{"not_picked":["Deflect","Riddle With Holes"],"picked":"Acrobatics","floor":39.0},{"not_picked":["Blade Dance+1","Deadly Poison","Outmaneuver+1"],"picked":"SKIP","floor":46.0},{"not_picked":["Flying Knee","Poisoned Stab","All Out Attack+1"],"picked":"SKIP","floor":47.0},{"not_picked":["All Out Attack","Outmaneuver"],"picked":"PiercingWail+1","floor":48.0}],"player_experience":452939,"relics_obtained":[{"floor":7.0,"key":"Whetstone"},{"floor":9.0,"key":"Snake Skull"},{"floor":11.0,"key":"Juzu Bracelet"},{"floor":22.0,"key":"Shuriken"},{"floor":26.0,"key":"Bottled Flame"},{"floor":48.0,"key":"Du-Vu Doll"}],"event_choices":[{"damage_healed":22.0,"max_hp_gain":0.0,"max_hp_loss":0.0,"gold_gain":0.0,"event_name":"Big Fish","player_choice":"Banana","floor":10.0,"gold_loss":0.0,"damage_taken":0.0},{"damage_healed":0.0,"max_hp_gain":0.0,"max_hp_loss":0.0,"gold_gain":0.0,"event_name":"The Mausoleum","player_choice":"Opened","floor":20.0,"gold_loss":0.0,"damage_taken":0.0,"relics_obtained":["Bag of Preparation"],"cards_obtained":["Writhe"]},{"damage_healed":0.0,"max_hp_gain":0.0,"max_hp_loss":0.0,"gold_gain":0.0,"event_name":"The Library","player_choice":"Read","floor":21.0,"gold_loss":0.0,"damage_taken":0.0,"cards_obtained":["Leg Sweep"]},{"damage_healed":0.0,"max_hp_gain":0.0,"max_hp_loss":0.0,"gold_gain":0.0,"event_name":"Drug Dealer","player_choice":"Inject Mutagens","floor":27.0,"gold_loss":0.0,"damage_taken":0.0,"relics_obtained":["MutagenicStrength"]},{"cards_removed":["Writhe"],"damage_healed":0.0,"max_hp_gain":0.0,"max_hp_loss":0.0,"gold_gain":0.0,"event_name":"Fountain of Cleansing","player_choice":"Removed Curses","floor":31.0,"gold_loss":0.0,"damage_taken":0.0},{"damage_healed":0.0,"max_hp_gain":0.0,"max_hp_loss":0.0,"gold_gain":0.0,"event_name":"SecretPortal","player_choice":"Ignored","floor":36.0,"gold_loss":0.0,"damage_taken":0.0},{"cards_removed":["Strike_G"],"damage_healed":0.0,"max_hp_gain":0.0,"max_hp_loss":0.0,"gold_gain":0.0,"event_name":"Falling","player_choice":"Removed Attack","floor":37.0,"gold_loss":0.0,"damage_taken":0.0},{"damage_healed":0.0,"max_hp_gain":0.0,"max_hp_loss":0.0,"gold_gain":0.0,"event_name":"Wheel of Change","player_choice":"Damaged","floor":42.0,"gold_loss":0.0,"damage_taken":9.0},{"damage_healed":0.0,"max_hp_gain":0.0,"max_hp_loss":0.0,"gold_gain":0.0,"event_name":"MindBloom","player_choice":"Fight","floor":48.0,"gold_loss":0.0,"damage_taken":0.0}],"is_beta":false,"boss_relics":[{"not_picked":["WristBlade","Coffee Dripper"],"picked":"Velvet Choker"},{"not_picked":["Tiny House","Philosopher\u0027s Stone"],"picked":"Cursed Key"}],"items_purged_floors":[12],"is_endless":false,"potions_floor_spawned":[1,2,5,7,18,24,28,33,38,46,47],"killed_by":"Time Eater","ascension_level":20}