{"gold_per_floor":[217,235,235,235,251,276,208,225,301,301,319,333,367,367,367,471,471,487,487,282,267,283,283,283,283,283,283,298,317,317,342,342,439,439,459,477,477,488,488,518,518,537,537,537],"floor_reached":44,"playtime":1556,"items_purged":[],"score":450,"play_id":"1c211bf4-934c-4bd2-b027-e12cdc9aa853","local_time":"20181104135203","is_ascension_mode":false,"campfire_choices":[{"data":"Armaments","floor":10,"key":"SMITH"},{"floor":15,"key":"REST"},{"floor":23,"key":"RECALL"},{"floor":25,"key":"REST"},{"data":"Whirlwind","floor":32,"key":"SMITH"},{"data":"Flex","floor":41,"key":"SMITH"}],"neow_cost":"NONE","seed_source_timestamp":15598574565791,"circlet_count":0,"master_deck":["Strike_R+1","Strike_R+1","Strike_R+1","Strike_R+1","Defend_R+1","Defend_R+1","Defend_R+1","Defend_R+1","Bash","Thunderclap","Demon Form","Armaments+1","Twin Strike","Ghostly Armor","Sword Boomerang","Shockwave","Flex+1","Whirlwind+1","Demon Form+1","Metallicize+1","Metallicize+1","Headbutt+1","Second Wind+1","Madness","Madness","Inflame+1","Rage"],"relics":["Black Blood","Magic Flower","Frozen Egg 2","Pen Nib","Chemical X","Sundial","Matryoshka","MutagenicStrength","Red Mask","Runic Pyramid","Vajra","Juzu Bracelet"],"potions_floor_usage":[6,11,28,33],"damage_taken":[{"damage":5,"enemies":"Cultist","floor":1,"turns":4},{"damage":0,"enemies":"2 Louse","floor":2,"turns":3},{"damage":0,"enemies":"Small Slimes","floor":5,"turns":3},{"damage":18,"enemies":"3 Sentries","floor":6,"turns":8},{"damage":9,"enemies":"Blue Slaver","floor":8,"turns":3},{"damage":8,"enemies":"Gremlin Gang","floor":11,"turns":5},{"damage":6,"enemies":"Lots of Slimes","floor":12,"turns":5},{"damage":69,"enemies":"Gremlin Nob","floor":13,"turns":7},{"damage":30,"enemies":"Slime Boss","floor":16,"turns":7},{"damage":10,"enemies":"Chosen","floor":18,"turns":4},{"damage":39,"enemies":"2 Thieves","floor":21,"turns":5},{"damage":34,"enemies":"Shelled Parasite and Fungi","floor":22,"turns":3},{"damage":24,"enemies":"Sentry and Sphere","floor":28,"turns":6},{"damage":17,"enemies":"Snake Plant","floor":29,"turns":5},{"damage":0,"enemies":"Masked Bandits","floor":31,"turns":1},{"damage":54,"enemies":"Automaton","floor":33,"turns":7},{"damage":12,"enemies":"3 Shapes","floor":35,"turns":1},{"damage":11,"enemies":"Orb Walker","floor":36,"turns":2},{"damage":17,"enemies":"Maw","floor":38,"turns":8},{"damage":31,"enemies":"Giant Head","floor":40,"turns":7},{"damage":7,"enemies":"Jaw Worm Horde","floor":42,"turns":2},{"damage":75,"enemies":"2 Orb Walkers","floor":44,"turns":4}],"seed_played":"1294863223852913909","potions_obtained":[{"floor":1,"key":"Dexterity Potion"},{"floor":5,"key":"Explosive Potion"},{"floor":6,"key":"Fire Potion"},{"floor":11,"key":"SpeedPotion"},{"floor":28,"key":"Fire Potion"},{"floor":29,"key":"SkillPotion"},{"floor":33,"key":"Strength Potion"}],"is_trial":false,"path_per_floor":["M","M","$","$","M","E","$","M","T","R","M","M","E","?","R","B",null,"M","?","$","M","M","R","?","R","T","?","M","M","?","?","R","B",null,"M","M","?","M","?","E","R","M","T","?"],"character_chosen":"IRONCLAD","items_purchased":["Ghostly Armor","Chemical X"],"campfire_rested":2,"item_purchase_floors":[7,20],"current_hp_per_floor":[80,80,80,80,80,68,68,68,68,68,69,72,12,38,62,41,80,80,80,80,56,37,37,37,61,61,61,52,50,50,65,65,26,80,80,80,70,68,68,52,52,60,60,0],"gold":537,"neow_bonus":"HUNDRED_GOLD","is_prod":false,"is_daily":false,"chose_seed":false,"campfire_upgraded":3,"win_rate":0,"timestamp":1541299923,"path_taken":["M","M","?","$","M","E","$","M","T","R","M","M","E","?","R","BOSS","M","?","$","M","M","R","?","R","T","?","?","?","?","?","R","BOSS","M","M","?","M","?","E","R","M","T","?"],"build_version":"2018-11-02","purchased_purges":0,"victory":false,"max_hp_per_floor":[80,80,80,80,80,80,80,80,80,80,80,80,80,80,80,80,80,80,80,80,80,80,80,80,80,80,80,80,80,80,80,80,80,80,80,80,80,80,80,80,80,80,80,80],"card_choices":[{"not_picked":["Feel No Pain","Havoc"],"picked":"Thunderclap","floor":1},{"not_picked":["Wild Strike","Pommel Strike"],"picked":"Demon Form","floor":2},{"not_picked":["Heavy Blade","Battle Trance"],"picked":"Armaments","floor":5},{"not_picked":["Clash","Carnage"],"picked":"Twin Strike","floor":6},{"not_picked":["Flame Barrier","Sentinel"],"picked":"Sword Boomerang","floor":8},{"not_picked":["Dropkick","Seeing Red"],"picked":"Shockwave","floor":11},{"not_picked":["Uppercut","Body Slam"],"picked":"Flex","floor":12},{"not_picked":["Sword Boomerang","Dual Wield"],"picked":"Whirlwind","floor":13},{"not_picked":["Fiend Fire","Juggernaut+1"],"picked":"Demon Form+1","floor":16},{"not_picked":["Seeing Red","Headbutt+1"],"picked":"Metallicize+1","floor":18},{"not_picked":["True Grit","Intimidate","Armaments"],"picked":"SKIP","floor":21},{"not_picked":["Body Slam","Flex","Second Wind"],"picked":"SKIP","floor":22},{"not_picked":["Thunderclap","Pommel Strike"],"picked":"Headbutt+1","floor":28},{"not_picked":["True Grit","Perfected Strike","Body Slam"],"picked":"SKIP","floor":29},{"not_picked":["Dual Wield+1","Twin Strike+1","Seeing Red"],"picked":"SKIP","floor":35},{"not_picked":["Cleave","Carnage"],"picked":"Second Wind+1","floor":36},{"not_picked":["Rupture+1","Havoc"],"picked":"Inflame+1","floor":38},{"not_picked":["Headbutt","Corruption+1"],"picked":"Rage","floor":40},{"not_picked":["Inflame+1","Anger","Cleave"],"picked":"SKIP","floor":42}],"player_experience":176945,"relics_obtained":[{"floor":6,"key":"Magic Flower"},{"floor":9,"key":"Frozen Egg 2"},{"floor":13,"key":"Pen Nib"},{"floor":26,"key":"Matryoshka"},{"floor":31,"key":"Red Mask"},{"floor":40,"key":"Vajra"},{"floor":43,"key":"Juzu Bracelet"}],"event_choices":[{"damage_healed":26,"gold_gain":0,"player_choice":"Banana","damage_taken":0,"max_hp_gain":0,"max_hp_loss":0,"event_name":"Big Fish","floor":14,"gold_loss":0},{"damage_healed":0,"gold_gain":0,"player_choice":"Simplicity","damage_taken":0,"max_hp_gain":0,"max_hp_loss":0,"event_name":"Back to Basics","floor":19,"gold_loss":0,"cards_upgraded":["Strike_R","Strike_R","Strike_R","Strike_R","Strike_R","Defend_R","Defend_R","Defend_R","Defend_R"]},{"damage_healed":0,"gold_gain":0,"player_choice":"Opened","damage_taken":0,"relics_obtained":["Sundial"],"max_hp_gain":0,"max_hp_loss":0,"event_name":"The Mausoleum","floor":24,"gold_loss":0},{"damage_healed":0,"gold_gain":0,"player_choice":"Copied","damage_taken":0,"max_hp_gain":0,"max_hp_loss":0,"event_name":"Duplicator","floor":27,"gold_loss":0,"cards_obtained":["Metallicize"]},{"damage_healed":0,"gold_gain":0,"player_choice":"Inject Mutagens","damage_taken":0,"relics_obtained":["MutagenicStrength"],"max_hp_gain":0,"max_hp_loss":0,"event_name":"Drug Dealer","floor":30,"gold_loss":0},{"damage_healed":0,"gold_gain":0,"player_choice":"Fought Bandits","damage_taken":0,"max_hp_gain":0,"max_hp_loss":0,"event_name":"Masked Bandits","floor":31,"gold_loss":0},{"damage_healed":0,"gold_gain":0,"player_choice":"Embrace Madness","damage_taken":10,"max_hp_gain":0,"max_hp_loss":0,"event_name":"Winding Halls","floor":37,"gold_loss":0,"cards_obtained":["Madness","Madness"]},{"cards_removed":["Strike_R"],"damage_healed":0,"gold_gain":0,"player_choice":"Removed Attack","damage_taken":0,"max_hp_gain":0,"max_hp_loss":0,"event_name":"Falling","floor":39,"gold_loss":0},{"damage_healed":0,"gold_gain":0,"player_choice":"Fight","damage_taken":0,"max_hp_gain":0,"max_hp_loss":0,"event_name":"Mysterious Sphere","floor":44,"gold_loss":0}],"is_beta":true,"boss_relics":[{"not_picked":["Sozu","Empty Cage"],"picked":"Black Blood"},{"not_picked":["Snecko Eye","Tiny House"],"picked":"Runic Pyramid"}],"items_purged_floors":[],"is_endless":false,"potions_floor_spawned":[1,5,6,11,28,29,31,33,35,38,40],"killed_by":"2 Orb Walkers","ascension_level":0}