{"gold_per_floor":[114,132,51,51,13,13,13,40,40,40,70,70,86,119,119,223,223,242,342,342,354,67,67,80,97,97,22,22,42,42,42,42,143,143,155,169,129,54,65,65,77,77,77,104,115,115,131,131,131,131],"floor_reached":51,"playtime":6268,"items_purged":["Strike_B"],"score":1153,"play_id":"b56dc916-fcd4-41cc-81dd-b040036fbdbc","local_time":"20190331225407","is_ascension_mode":true,"campfire_choices":[{"data":"Defragment","floor":7.0,"key":"SMITH"},{"data":"Zap","floor":10.0,"key":"SMITH"},{"floor":12.0,"key":"REST"},{"data":"Blizzard","floor":15.0,"key":"SMITH"},{"floor":23.0,"key":"REST"},{"floor":28.0,"key":"REST"},{"data":"Strike_B","floor":30,"key":"PURGE"},{"data":"Writhe","floor":32,"key":"PURGE"},{"data":"Defend_B","floor":40,"key":"PURGE"},{"data":"Defend_B","floor":42,"key":"PURGE"},{"data":"Strike_B+1","floor":46,"key":"PURGE"},{"data":"Consume","floor":49,"key":"SMITH"}],"neow_cost":"NONE","seed_source_timestamp":784137225645500,"circlet_count":0,"master_deck":["Defend_B","Defend_B+1","Zap+1","Dualcast","Amplify","Steam","Glacier+1","Defragment+1","Capacitor","Rainbow","Skim","Double Energy","Blizzard+1","Echo Form","Consume+1","Static Discharge+1","Chill","Ghostly+1","Ghostly","Ghostly","Ghostly","Ghostly","Creative AI","Defragment+1"],"special_seed":0,"relics":["Cracked Core","Vajra","Du-Vu Doll","Bag of Preparation","Philosopher\u0027s Stone","Nunchaku","Question Card","Centennial Puzzle","Peace Pipe","Kunai","Inserter","Toxic Egg 2","Smiling Mask"],"potions_floor_usage":[29,39],"damage_taken":[{"damage":10.0,"enemies":"2 Louse","floor":1.0,"turns":2.0},{"damage":1.0,"enemies":"Jaw Worm","floor":2.0,"turns":4.0},{"damage":0.0,"enemies":"Gremlin Nob","floor":6.0,"turns":1.0},{"damage":7.0,"enemies":"Lagavulin","floor":8.0,"turns":10.0},{"damage":19.0,"enemies":"Gremlin Nob","floor":11.0,"turns":5.0},{"damage":0.0,"enemies":"Small Slimes","floor":13.0,"turns":3.0},{"damage":0.0,"enemies":"Lagavulin","floor":14.0,"turns":8.0},{"damage":12.0,"enemies":"Slime Boss","floor":16.0,"turns":10.0},{"damage":3.0,"enemies":"Shell Parasite","floor":18.0,"turns":7.0},{"damage":25.0,"enemies":"Colosseum Slavers","floor":19.0,"turns":6.0},{"damage":21.0,"enemies":"Colosseum Nobs","floor":19.0,"turns":6.0},{"damage":3.0,"enemies":"Spheric Guardian","floor":21.0,"turns":3.0},{"damage":12.0,"enemies":"Snecko","floor":24.0,"turns":4.0},{"damage":9.0,"enemies":"Cultist and Chosen","floor":25.0,"turns":7.0},{"damage":3,"enemies":"Snake Plant","floor":29,"turns":4},{"damage":0,"enemies":"Collector","floor":33,"turns":13},{"damage":0,"enemies":"3 Shapes","floor":35,"turns":5},{"damage":2,"enemies":"3 Darklings","floor":36,"turns":6},{"damage":0,"enemies":"Transient","floor":39,"turns":5},{"damage":0,"enemies":"Spire Growth","floor":41,"turns":7},{"damage":2,"enemies":"Reptomancer","floor":44,"turns":7},{"damage":6,"enemies":"4 Shapes","floor":45,"turns":9},{"damage":0,"enemies":"Transient","floor":47,"turns":5},{"damage":0,"enemies":"Awakened One","floor":50,"turns":14}],"seed_played":"2172102940861406336","potions_obtained":[{"floor":2.0,"key":"SmokeBomb"},{"floor":11.0,"key":"FocusPotion"},{"floor":13.0,"key":"Poison Potion"},{"floor":14.0,"key":"Weak Potion"},{"floor":18.0,"key":"Block Potion"},{"floor":24.0,"key":"Block Potion"},{"floor":25.0,"key":"SpeedPotion"},{"floor":33,"key":"Explosive Potion"},{"floor":39,"key":"SkillPotion"},{"floor":41,"key":"FocusPotion"},{"floor":44,"key":"Regen Potion"},{"floor":45,"key":"PowerPotion"}],"is_trial":false,"path_per_floor":["M","M","$","?","$","E","R","E","T","R","E","R","M","E","R","B",null,"M","?","?","M","$","R","M","M","T","?","R","M","R","?","R","B",null,"M","M","?","$","M","R","M","R","T","E","M","R","M","?","R","B",null],"character_chosen":"DEFECT","items_purchased":["Defragment","Capacitor","Peace Pipe"],"campfire_rested":3,"item_purchase_floors":[3,5,22],"current_hp_per_floor":[58,57,57,42,42,42,42,35,35,35,16,38,38,38,38,26,63,60,14,14,11,11,33,21,12,12,12,34,31,31,31,31,31,36,36,34,34,34,34,34,34,34,34,32,26,26,26,26,26,26],"gold":131,"neow_bonus":"ONE_RANDOM_RARE_CARD","is_prod":false,"is_daily":false,"chose_seed":false,"campfire_upgraded":4,"win_rate":0,"timestamp":1554094447,"path_taken":["M","M","$","?","$","E","R","E","T","R","E","R","M","E","R","BOSS","M","?","?","M","$","R","M","M","T","?","R","M","R","?","R","BOSS","M","M","?","$","?","R","?","R","T","E","M","R","M","?","R","BOSS"],"build_version":"2019-01-23","purchased_purges":1,"victory":true,"max_hp_per_floor":[75,75,75,75,75,75,75,75,75,75,75,75,75,75,75,75,75,75,75,75,75,75,75,75,75,75,75,75,75,75,37,37,37,37,37,37,37,37,37,37,37,37,37,37,37,37,37,35,35,35],"card_choices":[{"not_picked":["Beam Cell","Compile Driver"],"picked":"Steam","floor":1.0},{"not_picked":["Tempest","Darkness"],"picked":"Glacier","floor":2.0},{"not_picked":["Loop","Recycle"],"picked":"Rainbow","floor":8.0},{"not_picked":["Conserve Battery","Sweeping Beam"],"picked":"Skim","floor":11.0},{"not_picked":["Streamline","Blizzard"],"picked":"Double Energy","floor":13.0},{"not_picked":["Double Energy","Sweeping Beam"],"picked":"Blizzard","floor":14.0},{"not_picked":["Core Surge","Hyperbeam"],"picked":"Echo Form","floor":16.0},{"not_picked":["Glacier","Rebound+1"],"picked":"Consume","floor":18.0},{"not_picked":["Ball Lightning+1","Gash"],"picked":"Static Discharge+1","floor":19.0},{"not_picked":["Streamline+1","Skim","Cold Snap"],"picked":"Chill","floor":21.0},{"not_picked":["Rebound","Genetic Algorithm","Rip and Tear","Barrage"],"picked":"SKIP","floor":24.0},{"not_picked":["Hello World","Leap+1","Steam","Chill"],"picked":"SKIP","floor":25.0},{"not_picked":["Doom and Gloom","Gash","Skim+1","Cold Snap"],"picked":"SKIP","floor":29},{"not_picked":["Amplify","Reboot","Machine Learning"],"picked":"Creative AI","floor":33},{"not_picked":["Sweeping Beam+1","Conserve Battery","Rebound"],"picked":"Defragment+1","floor":35},{"not_picked":["Rainbow","Lockon","Stack+1","Ball Lightning+1"],"picked":"SKIP","floor":36},{"not_picked":["Scrape+1","Rebound+1","Hyperbeam","Go for the Eyes"],"picked":"SKIP","floor":39},{"not_picked":["Go for the Eyes+1","Gash+1","BootSequence","Skim+1"],"picked":"SKIP","floor":41},{"not_picked":["Go for the Eyes","Hello World+1","Streamline","Coolheaded+1"],"picked":"SKIP","floor":44},{"not_picked":["Reinforced Body+1","Rainbow+1","Skim+1","Redo+1"],"picked":"SKIP","floor":45},{"not_picked":["Rebound","FTL","Hologram+1","Hello World"],"picked":"SKIP","floor":47}],"player_experience":515719,"relics_obtained":[{"floor":8.0,"key":"Vajra"},{"floor":11.0,"key":"Du-Vu Doll"},{"floor":14.0,"key":"Bag of Preparation"},{"floor":19.0,"key":"Nunchaku"},{"floor":19.0,"key":"Question Card"},{"floor":26.0,"key":"Kunai"},{"floor":43,"key":"Toxic Egg 2"},{"floor":44,"key":"Smiling Mask"}],"event_choices":[{"damage_healed":0.0,"max_hp_gain":0.0,"max_hp_loss":0.0,"gold_gain":0.0,"event_name":"Shining Light","player_choice":"Entered Light","floor":4.0,"gold_loss":0.0,"damage_taken":15.0,"cards_upgraded":["Glacier","Defend_B"]},{"damage_healed":0.0,"max_hp_gain":0.0,"max_hp_loss":0.0,"gold_gain":0.0,"event_name":"Colosseum","player_choice":"Fight","floor":19.0,"gold_loss":0.0,"damage_taken":0.0},{"damage_healed":0.0,"max_hp_gain":0.0,"max_hp_loss":0.0,"gold_gain":0.0,"event_name":"Colosseum","player_choice":"Fought Nobs","floor":19.0,"gold_loss":0.0,"damage_taken":0.0},{"damage_healed":0.0,"max_hp_gain":0.0,"max_hp_loss":0.0,"gold_gain":0.0,"event_name":"The Mausoleum","player_choice":"Opened","floor":20.0,"gold_loss":0.0,"damage_taken":0.0,"relics_obtained":["Centennial Puzzle"],"cards_obtained":["Writhe"]},{"cards_removed":["Strike_B"],"damage_healed":0.0,"max_hp_gain":0.0,"max_hp_loss":0.0,"gold_gain":0.0,"event_name":"Beggar","player_choice":"Gave Gold","floor":27.0,"gold_loss":75.0,"damage_taken":0.0},{"damage_healed":0,"gold_gain":0,"player_choice":"Became a Ghost","damage_taken":0,"max_hp_gain":0,"max_hp_loss":38,"event_name":"Ghosts","floor":31,"gold_loss":0,"cards_obtained":["Ghostly","Ghostly","Ghostly","Ghostly","Ghostly"]},{"damage_healed":0,"gold_gain":0,"player_choice":"Upgraded Two","damage_taken":0,"max_hp_gain":0,"max_hp_loss":0,"event_name":"Designer","floor":37,"gold_loss":40,"cards_upgraded":["Ghostly","Strike_B"]},{"damage_healed":0,"gold_gain":0,"player_choice":"Max HP","damage_taken":0,"max_hp_gain":0,"max_hp_loss":2,"event_name":"Winding Halls","floor":48,"gold_loss":0}],"is_beta":false,"boss_relics":[{"not_picked":["Velvet Choker","Calling Bell"],"picked":"Philosopher\u0027s Stone"},{"not_picked":["Empty Cage","Snecko Eye"],"picked":"Inserter"}],"items_purged_floors":[38],"is_endless":false,"potions_floor_spawned":[2,6,11,13,14,18,24,25,33,39,41,44,45,47],"ascension_level":9}