{"gold_per_floor":[109,109,34,52,127,127,154,154,178,28,28,43,43,68,68,68],"floor_reached":16,"playtime":972,"items_purged":["Strike_G"],"score":122,"play_id":"40293ee1-6f9c-415b-9ecc-187111406011","local_time":"20190604135358","is_ascension_mode":true,"campfire_choices":[{"data":"Neutralize","floor":6,"key":"SMITH"},{"floor":11,"key":"REST"},{"floor":13,"key":"REST"},{"floor":15,"key":"REST"}],"neow_cost":"NONE","seed_source_timestamp":494021603745305,"circlet_count":0,"master_deck":["Defend_G","Defend_G","Defend_G","Defend_G","Defend_G","Strike_G","Strike_G","Strike_G","Survivor","Neutralize+1","Escape Plan","Dagger Throw","PiercingWail","Outmaneuver","Blur"],"relics":["Ring of the Snake","Art of War","Anchor","Ancient Tea Set","Happy Flower","Tough Bandages"],"potions_floor_usage":[14],"damage_taken":[{"damage":1,"enemies":"Cultist","floor":1,"turns":4},{"damage":0,"enemies":"2 Louse","floor":4,"turns":4},{"damage":37,"enemies":"3 Sentries","floor":7,"turns":13},{"damage":0,"enemies":"Jaw Worm","floor":12,"turns":4},{"damage":33,"enemies":"Gremlin Nob","floor":14,"turns":5},{"damage":66,"enemies":"Slime Boss","floor":16,"turns":13}],"seed_played":"-212774401971542455","potions_obtained":[{"floor":1,"key":"Ancient Potion"},{"floor":7,"key":"FearPotion"}],"is_trial":false,"path_per_floor":["?","$","M","?","?","$"],"character_chosen":"THE_SILENT","items_purchased":["Happy Flower"],"campfire_rested":3,"item_purchase_floors":[10],"current_hp_per_floor":[76,76,76,76,65,65,28,21,21,21,44,44,67,34,57,0],"gold":68,"neow_bonus":"TEN_PERCENT_HP_BONUS","is_prod":false,"is_daily":false,"chose_seed":false,"campfire_upgraded":1,"win_rate":0,"timestamp":1559685238,"path_taken":["M","?","?","?","?","R","E","?","T","?","R","M","R","E","R","BOSS"],"build_version":"2019-01-23","purchased_purges":1,"victory":false,"max_hp_per_floor":[77,77,77,77,77,77,77,77,77,77,77,77,77,77,77,77],"card_choices":[{"not_picked":["Infinite Blades","Flying Knee"],"picked":"Escape Plan","floor":1},{"not_picked":["Masterful Stab","Finisher"],"picked":"Dagger Throw","floor":4},{"not_picked":["Dodge and Roll","Underhanded Strike"],"picked":"PiercingWail","floor":7},{"not_picked":["Calculated Gamble","Sucker Punch"],"picked":"Outmaneuver","floor":12},{"not_picked":["Eviscerate","Calculated Gamble"],"picked":"Blur","floor":14}],"player_experience":173460,"relics_obtained":[{"floor":7,"key":"Anchor"},{"floor":9,"key":"Ancient Tea Set"},{"floor":14,"key":"Tough Bandages"}],"event_choices":[{"damage_healed":0,"gold_gain":0,"player_choice":"Gave Potion","damage_taken":0,"relics_obtained":["Art of War"],"max_hp_gain":0,"max_hp_loss":0,"event_name":"WeMeetAgain","floor":2,"gold_loss":0},{"damage_healed":0,"gold_gain":75,"player_choice":"Gather Gold","damage_taken":11,"max_hp_gain":0,"max_hp_loss":0,"event_name":"World of Goop","floor":5,"gold_loss":0},{"cards_removed":["Strike_G"],"damage_healed":0,"gold_gain":0,"player_choice":"Card Removal","damage_taken":7,"max_hp_gain":0,"max_hp_loss":0,"event_name":"Golden Wing","floor":8,"gold_loss":0}],"is_beta":false,"boss_relics":[],"items_purged_floors":[3],"is_endless":false,"potions_floor_spawned":[1,7],"killed_by":"Slime Boss","ascension_level":3}