{"gold_per_floor":[115,134,209,227,227,257,257,292,340,340,370,370,335,355,355,453,453,473,74,84,103,103,103,103],"floor_reached":24,"playtime":828,"items_purged":["Strike_R"],"score":235,"play_id":"8fe5d78f-f690-4ec9-8271-9bda8efe8807","local_time":"20180627214315","is_ascension_mode":true,"campfire_choices":[{"data":"Hemokinesis","floor":7,"key":"SMITH"},{"floor":10,"key":"REST"},{"data":"Cleave","floor":12,"key":"SMITH"},{"data":"Barricade","floor":15,"key":"SMITH"},{"data":"Whirlwind","floor":23,"key":"SMITH"}],"neow_cost":"TEN_PERCENT_HP_LOSS","seed_source_timestamp":38260942308355,"circlet_count":0,"master_deck":["Strike_R","Strike_R","Defend_R","Defend_R","Defend_R","Defend_R","Bash","Cleave+1","Twin Strike","Cleave+1","Hemokinesis+1","Headbutt","Intimidate","Barricade+1","Limit Break","Inflame+1","Whirlwind+1","Pommel Strike","Writhe"],"relics":["Burning Blood","Dead Branch","Blue Candle","Vajra","Singing Bowl","Anchor","Empty Cage","Bottled Lightning","Thread and Needle"],"potions_floor_usage":[8],"damage_taken":[{"damage":1,"enemies":"2 Louse","floor":1,"turns":5},{"damage":7,"enemies":"Small Slimes","floor":2,"turns":3},{"damage":6,"enemies":"Cultist","floor":4,"turns":4},{"damage":20,"enemies":"Gremlin Nob","floor":6,"turns":4},{"damage":33,"enemies":"Lagavulin","floor":8,"turns":5},{"damage":8,"enemies":"3 Sentries","floor":11,"turns":4},{"damage":0,"enemies":"Exordium Wildlife","floor":14,"turns":1},{"damage":44,"enemies":"Slime Boss","floor":16,"turns":7},{"damage":13,"enemies":"Spheric Guardian","floor":18,"turns":3},{"damage":17,"enemies":"2 Thieves","floor":20,"turns":4},{"damage":22,"enemies":"3 Cultists","floor":21,"turns":4},{"damage":40,"enemies":"Gremlin Leader","floor":24,"turns":4}],"seed_played":"-4209731706707637341","potions_obtained":[{"floor":1,"key":"Dexterity Potion"},{"floor":8,"key":"Explosive Potion"},{"floor":11,"key":"Fire Potion"},{"floor":14,"key":"Poison Potion"}],"is_trial":false,"path_per_floor":["M","M","?","M","?","E","R","E","T","R","E","R","?","M","R","B",null,"M","$","M","M","?","R"],"character_chosen":"IRONCLAD","items_purchased":["Whirlwind","Bottled Lightning"],"campfire_rested":1,"item_purchase_floors":[19,19],"current_hp_per_floor":[72,71,60,60,60,46,46,19,19,40,38,38,56,62,62,24,72,65,65,56,40,40,40,0],"gold":103,"neow_bonus":"ONE_RARE_RELIC","is_prod":false,"is_daily":false,"chose_seed":false,"campfire_upgraded":4,"win_rate":0,"timestamp":1530099795,"path_taken":["M","M","?","M","?","E","R","E","T","R","E","R","?","M","R","BOSS","M","$","M","M","?","R","E"],"build_version":"2018-06-26","purchased_purges":1,"victory":false,"max_hp_per_floor":[72,72,72,72,72,72,72,72,72,72,72,72,72,72,72,72,72,72,72,74,74,74,74,74],"card_choices":[{"not_picked":["Rampage","Armaments"],"picked":"Cleave","floor":1},{"not_picked":["Hemokinesis","Combust"],"picked":"Twin Strike","floor":2},{"not_picked":["Clothesline","Sever Soul"],"picked":"Cleave","floor":4},{"not_picked":["Anger","Entrench"],"picked":"Hemokinesis","floor":6},{"not_picked":["Reckless Charge","Combust"],"picked":"Headbutt","floor":8},{"not_picked":["Infernal Blade","Fire Breathing"],"picked":"Intimidate","floor":11},{"not_picked":["Clash","Perfected Strike"],"picked":"Barricade","floor":14},{"not_picked":["Dark Embrace","Barricade"],"picked":"Limit Break","floor":16},{"not_picked":["Headbutt","Warcry"],"picked":"Inflame+1","floor":18},{"not_picked":["Sever Soul","Bloodletting","Iron Wave"],"picked":"Singing Bowl","floor":20},{"not_picked":["Power Through","Shockwave"],"picked":"Pommel Strike","floor":21}],"player_experience":63547,"relics_obtained":[{"floor":6,"key":"Blue Candle"},{"floor":8,"key":"Vajra"},{"floor":9,"key":"Singing Bowl"},{"floor":11,"key":"Anchor"}],"event_choices":[{"event_name":"World of Goop","player_choice":"Gather Gold","floor":3,"damage_taken":0},{"event_name":"Living Wall","player_choice":"Grow","floor":5,"damage_taken":0},{"event_name":"The Cleric","player_choice":"Healed","floor":13,"damage_taken":0},{"event_name":"The Mausoleum","player_choice":"Yes","floor":22,"damage_taken":0}],"boss_relics":[{"not_picked":["Fusion Hammer","Philosopher\u0027s Stone"],"picked":"Empty Cage"}],"items_purged_floors":[19],"is_endless":false,"potions_floor_spawned":[1,8,11,14,20,21],"killed_by":"Gremlin Leader","ascension_level":2}