{"gold_per_floor":[110,210,226,237,22,53,66,66,93,93,120,131,163,163,163,263,263,273,273,273,293,304,304,79,112,112,130,163,163,181,206,206,206],"floor_reached":33,"playtime":2179,"items_purged":["Strike_G","Accuracy+1"],"score":525,"play_id":"68d485f7-7b05-4cb8-b2db-072301241e81","local_time":"20190606141049","is_ascension_mode":true,"campfire_choices":[{"floor":8,"key":"REST"},{"floor":15,"key":"REST"},{"data":"Crippling Poison","floor":23,"key":"SMITH"},{"data":"Noxious Fumes","floor":29,"key":"SMITH"},{"floor":32,"key":"REST"}],"neow_cost":"NONE","seed_source_timestamp":4367840871141314,"circlet_count":0,"master_deck":["AscendersBane","Defend_G","Defend_G","Defend_G","Defend_G","Defend_G","Strike_G","Survivor","Neutralize","Quick Slash+1","Crippling Poison+1","Slice","After Image","Terror","Dagger Spray","Backflip","Corpse Explosion","Backflip","Malaise","Dagger Spray+1","Bane+1","Noxious Fumes+1","Deadly Poison","Deadly Poison","PiercingWail","Dodge and Roll","Noxious Fumes+1"],"special_seed":0,"relics":["Ring of the Snake","Bag of Preparation","Anchor","Happy Flower","PreservedInsect","Dodecahedron","Astrolabe","Thread and Needle","Meat on the Bone","Oddly Smooth Stone","Kunai"],"potions_floor_usage":[16,16,18,18,22,28,31],"damage_taken":[{"damage":4.0,"enemies":"Small Slimes","floor":1.0,"turns":7.0},{"damage":1.0,"enemies":"Cultist","floor":3.0,"turns":4.0},{"damage":2,"enemies":"Jaw Worm","floor":4,"turns":6},{"damage":32,"enemies":"Gremlin Nob","floor":6,"turns":5},{"damage":0,"enemies":"3 Louse","floor":7,"turns":3},{"damage":18,"enemies":"3 Sentries","floor":11,"turns":9},{"damage":0,"enemies":"Red Slaver","floor":12,"turns":4},{"damage":12,"enemies":"Lagavulin","floor":13,"turns":6},{"damage":5,"enemies":"The Guardian","floor":16,"turns":13},{"damage":0,"enemies":"Spheric Guardian","floor":18,"turns":5},{"damage":4,"enemies":"Chosen","floor":21,"turns":6},{"damage":1,"enemies":"Snake Plant","floor":22,"turns":6},{"damage":2,"enemies":"Gremlin Leader","floor":25,"turns":4},{"damage":0,"enemies":"Chosen and Byrds","floor":27,"turns":4},{"damage":8,"enemies":"Slavers","floor":28,"turns":3},{"damage":0,"enemies":"Centurion and Healer","floor":30,"turns":6},{"damage":9,"enemies":"Gremlin Leader","floor":31,"turns":5},{"damage":59,"enemies":"Collector","floor":33,"turns":9}],"seed_played":"2745696692905578747","potions_obtained":[{"floor":3.0,"key":"SpeedPotion"},{"floor":7,"key":"GhostInAJar"},{"floor":13,"key":"Fire Potion"},{"floor":16,"key":"GamblersBrew"},{"floor":21,"key":"Block Potion"},{"floor":30,"key":"LiquidBronze"}],"is_trial":false,"path_per_floor":["M","?","M","M","$","E","M","R","T","?","E","M","E","?","R","B",null,"M","?","?","M","M","R","$","E","T","M","E","R","M","E","R","B"],"character_chosen":"THE_SILENT","items_purchased":["After Image","PiercingWail","GhostInAJar"],"campfire_rested":3,"item_purchase_floors":[5,24,24],"current_hp_per_floor":[59,59,58,56,56,24,24,45,45,45,27,27,15,15,36,31,60,60,60,60,56,55,55,55,53,53,53,45,45,45,36,57,0],"gold":206,"neow_bonus":"RANDOM_COMMON_RELIC","is_prod":false,"is_daily":false,"chose_seed":false,"campfire_upgraded":2,"win_rate":0,"timestamp":1559844649,"path_taken":["M","?","?","M","$","E","M","R","T","?","E","M","E","?","R","BOSS","M","?","?","M","M","R","$","E","T","M","E","R","M","E","R","BOSS"],"build_version":"2019-01-23","purchased_purges":2,"victory":false,"max_hp_per_floor":[70,70,70,70,70,70,70,70,70,70,70,70,70,70,70,70,70,70,70,70,70,70,70,70,70,70,70,70,70,70,70,70,70],"card_choices":[{"not_picked":["Blade Dance","Underhanded Strike"],"picked":"Quick Slash","floor":1.0},{"not_picked":["Deflect","Acrobatics"],"picked":"Crippling Poison","floor":3.0},{"not_picked":["Choke","Infinite Blades"],"picked":"Slice","floor":4},{"not_picked":["Acrobatics","Deflect"],"picked":"Terror","floor":6},{"not_picked":["Flying Knee","Prepared"],"picked":"Dagger Spray","floor":7},{"not_picked":["PiercingWail","Slice"],"picked":"Backflip","floor":11},{"not_picked":["Bouncing Flask","Dodge and Roll"],"picked":"Corpse Explosion","floor":12},{"not_picked":["Underhanded Strike","Endless Agony"],"picked":"Backflip","floor":13},{"not_picked":["Tools of the Trade","Doppelganger"],"picked":"Malaise","floor":16},{"not_picked":["Dodge and Roll","Catalyst","Bouncing Flask"],"picked":"SKIP","floor":18},{"not_picked":["Dash","Backflip"],"picked":"Deadly Poison","floor":21},{"not_picked":["Reflex+1","Quick Slash"],"picked":"Deadly Poison","floor":22},{"not_picked":["Poisoned Stab","Dagger Throw"],"picked":"Dodge and Roll","floor":25},{"not_picked":["Masterful Stab+1","Deadly Poison+1","Blade Dance+1"],"picked":"SKIP","floor":27},{"not_picked":["A Thousand Cuts","Finisher","Bane+1"],"picked":"SKIP","floor":28},{"not_picked":["Concentrate","Bane+1","Dagger Spray+1"],"picked":"SKIP","floor":30},{"not_picked":["Endless Agony","Deflect"],"picked":"Noxious Fumes+1","floor":31}],"player_experience":183068,"relics_obtained":[{"floor":6,"key":"Anchor"},{"floor":9,"key":"Happy Flower"},{"floor":11,"key":"PreservedInsect"},{"floor":13,"key":"Dodecahedron"},{"floor":25,"key":"Thread and Needle"},{"floor":26,"key":"Meat on the Bone"},{"floor":28,"key":"Oddly Smooth Stone"},{"floor":31,"key":"Kunai"}],"event_choices":[{"damage_healed":0.0,"max_hp_gain":0.0,"max_hp_loss":0.0,"gold_gain":100.0,"event_name":"Wheel of Change","player_choice":"Gold","floor":2.0,"gold_loss":0.0,"damage_taken":0.0},{"damage_healed":0,"gold_gain":0,"player_choice":"Ignored","damage_taken":0,"max_hp_gain":0,"max_hp_loss":0,"event_name":"Golden Idol","floor":10,"gold_loss":0},{"damage_healed":0,"gold_gain":0,"player_choice":"Upgraded","damage_taken":0,"max_hp_gain":0,"max_hp_loss":0,"event_name":"Upgrade Shrine","floor":14,"gold_loss":0,"cards_upgraded":["Quick Slash"]},{"damage_healed":0,"gold_gain":0,"player_choice":"Ignored","damage_taken":0,"max_hp_gain":0,"max_hp_loss":0,"event_name":"Vampires","floor":19,"gold_loss":0},{"damage_healed":0,"gold_gain":0,"player_choice":"Read","damage_taken":0,"max_hp_gain":0,"max_hp_loss":0,"event_name":"The Library","floor":20,"gold_loss":0,"cards_obtained":["Noxious Fumes"]}],"is_beta":false,"boss_relics":[{"not_picked":["HoveringKite","Calling Bell"],"picked":"Astrolabe"}],"items_purged_floors":[5,24],"is_endless":false,"potions_floor_spawned":[3,7,13,16,21,30],"killed_by":"Collector","ascension_level":10}