{"gold_per_floor":[112,131,206,206,219,219,253,273,352,352,352,378,392,404,404,505,505,524,524,449,42,142,142,173,173,173,204,204,217,54,54,54,158,158,168,188,201,0,0,0,30,30,30,85,99,133,157,184,196,208,220,232,50,80,80],"floor_reached":55,"playtime":5600,"items_purged":[],"score":823,"play_id":"4a7aa17a-cef6-49d4-990e-790dce791608","local_time":"20190602152744","is_ascension_mode":false,"campfire_choices":[{"data":"Pommel Strike","floor":6,"key":"SMITH"},{"floor":10,"key":"REST"},{"floor":15,"key":"REST"},{"floor":23,"key":"REST"},{"data":"Anger","floor":28,"key":"SMITH"},{"floor":32,"key":"REST"},{"floor":40,"key":"RECALL"},{"floor":42,"key":"REST"},{"floor":49,"key":"REST"},{"data":"Seeing Red","floor":52,"key":"SMITH"}],"neow_cost":"NONE","seed_source_timestamp":322209670050470,"circlet_count":0,"master_deck":["Strike_R+1","Strike_R+1","Strike_R+1","Strike_R+1","Defend_R+1","Defend_R+1","Defend_R+1","Defend_R+1","Bash","Pommel Strike+1","Twin Strike","Warcry","Sword Boomerang","Demon Form+1","Flex","Anger+1","Immolate","Impervious","Wild Strike+1","Dropkick","Carnage+1","Sword Boomerang","Seeing Red+1","Impervious","Limit Break","Perfected Strike+1","Sword Boomerang","Limit Break","Sword Boomerang","Evolve+1","Shrug It Off+1","Anger+1","Shrug It Off","Offering","Offering","Clash"],"relics":["Burning Blood","Torii","Bronze Scales","Paper Frog","Oddly Smooth Stone","Lizard Tail","Bottled Tornado","Lantern","Prayer Wheel","Meat on the Bone","Boot","Bottled Flame","Black Star","Red Mask","Centennial Puzzle","Self Forming Clay","Omamori","Bird Faced Urn","MawBank","Bottled Lightning","DollysMirror","Pear","Strawberry"],"potions_floor_usage":[12,14,22,27,41,44,50,55,55],"damage_taken":[{"damage":1,"enemies":"Cultist","floor":1,"turns":3},{"damage":3,"enemies":"Small Slimes","floor":2,"turns":3},{"damage":2,"enemies":"2 Louse","floor":5,"turns":3},{"damage":68,"enemies":"Lagavulin","floor":7,"turns":8},{"damage":6,"enemies":"Exordium Thugs","floor":8,"turns":5},{"damage":31,"enemies":"3 Sentries","floor":12,"turns":4},{"damage":0,"enemies":"Looter","floor":13,"turns":2},{"damage":0,"enemies":"Large Slime","floor":14,"turns":1},{"damage":16,"enemies":"Hexaghost","floor":16,"turns":6},{"damage":32,"enemies":"2 Thieves","floor":18,"turns":5},{"damage":25,"enemies":"Colosseum Slavers","floor":22,"turns":3},{"damage":9,"enemies":"Colosseum Nobs","floor":22,"turns":3},{"damage":18,"enemies":"Gremlin Leader","floor":24,"turns":5},{"damage":49,"enemies":"Slavers","floor":27,"turns":4},{"damage":1,"enemies":"Spheric Guardian","floor":29,"turns":3},{"damage":40,"enemies":"Automaton","floor":33,"turns":8},{"damage":10,"enemies":"Orb Walker","floor":35,"turns":4},{"damage":41,"enemies":"3 Darklings","floor":36,"turns":4},{"damage":25,"enemies":"Jaw Worm Horde","floor":37,"turns":4},{"damage":43,"enemies":"Nemesis","floor":41,"turns":5},{"damage":34,"enemies":"2 Orb Walkers","floor":44,"turns":4},{"damage":21,"enemies":"Writhing Mass","floor":45,"turns":4},{"damage":35,"enemies":"Reptomancer","floor":46,"turns":5},{"damage":17,"enemies":"Maw","floor":47,"turns":6},{"damage":1,"enemies":"Transient","floor":48,"turns":5},{"damage":40,"enemies":"Donu and Deca","floor":50,"turns":6},{"damage":69,"enemies":"Shield and Spear","floor":54,"turns":5},{"damage":50,"enemies":"The Heart","floor":55,"turns":3}],"seed_played":"-713729888196510449","potions_obtained":[{"floor":8,"key":"BloodPotion"},{"floor":12,"key":"SteroidPotion"},{"floor":16,"key":"Swift Potion"},{"floor":18,"key":"PowerPotion"},{"floor":24,"key":"Regen Potion"},{"floor":33,"key":"Energy Potion"},{"floor":36,"key":"LiquidBronze"},{"floor":45,"key":"GamblersBrew"},{"floor":46,"key":"Dexterity Potion"}],"is_trial":false,"path_per_floor":["?","?","?","M","?","?","?","?","M","?","?","?","?"],"character_chosen":"IRONCLAD","items_purchased":["Bottled Tornado","Lantern","Impervious","DollysMirror"],"campfire_rested":6,"item_purchase_floors":[21,21,30,53],"current_hp_per_floor":[80,80,69,69,73,73,11,11,11,35,35,18,24,30,54,44,80,54,54,54,54,32,56,56,56,56,37,37,54,54,54,78,56,80,76,53,46,46,46,46,21,45,45,29,28,58,51,58,80,58,80,80,80,46,0],"gold":80,"neow_bonus":"REMOVE_CARD","is_prod":false,"is_daily":false,"chose_seed":false,"campfire_upgraded":3,"win_rate":0,"timestamp":1559518064,"path_taken":["M","M","?","?","M","R","E","M","T","R","?","E","M","?","R","BOSS","M","?","?","$","?","R","E","?","T","E","R","?","$","?","R","BOSS","M","M","M","?","?","R","E","R","T","?","M","E","M","M","R","BOSS","R","$","E","BOSS"],"build_version":"2019-01-23","purchased_purges":0,"victory":false,"max_hp_per_floor":[80,80,80,80,80,80,80,80,80,80,80,80,80,80,80,80,80,80,80,80,80,80,80,80,80,80,80,80,80,80,80,80,80,80,80,80,80,80,80,80,80,80,80,80,80,80,80,80,80,80,80,80,80,97,97],"card_choices":[{"not_picked":["Clothesline","Burning Pact"],"picked":"Pommel Strike","floor":1},{"not_picked":["Wild Strike","Warcry"],"picked":"Twin Strike","floor":2},{"not_picked":["Cleave","Clothesline"],"picked":"Warcry","floor":5},{"not_picked":["Carnage","Body Slam"],"picked":"Sword Boomerang","floor":7},{"not_picked":["Headbutt","Sever Soul"],"picked":"Demon Form","floor":8},{"not_picked":["Perfected Strike","Pommel Strike"],"picked":"Flex","floor":12},{"not_picked":["Wild Strike","Body Slam"],"picked":"Anger","floor":13},{"not_picked":["Warcry","Carnage"],"picked":"Immolate","floor":14},{"not_picked":["Double Tap","Fiend Fire"],"picked":"Impervious","floor":16},{"not_picked":["Whirlwind","Clothesline+1"],"picked":"Wild Strike+1","floor":18},{"not_picked":["Warcry","Armaments"],"picked":"Dropkick","floor":22},{"not_picked":["Hemokinesis","Clothesline"],"picked":"Shockwave","floor":24},{"not_picked":["Warcry","Wild Strike"],"picked":"Carnage+1","floor":27},{"not_picked":["Twin Strike","Body Slam+1"],"picked":"Sword Boomerang","floor":29},{"not_picked":["True Grit","Wild Strike"],"picked":"Seeing Red","floor":29},{"not_picked":["Immolate","Brutality"],"picked":"Limit Break","floor":33},{"not_picked":["Armaments+1","True Grit"],"picked":"Perfected Strike+1","floor":35},{"not_picked":["Armaments","Ghostly Armor"],"picked":"Sword Boomerang","floor":35},{"not_picked":["Pommel Strike+1","Headbutt+1"],"picked":"Limit Break","floor":36},{"not_picked":["Body Slam","Rampage"],"picked":"Sword Boomerang","floor":36},{"not_picked":["Cleave+1","Headbutt","Armaments"],"picked":"SKIP","floor":37},{"not_picked":["Body Slam","Wild Strike","Carnage"],"picked":"SKIP","floor":37},{"not_picked":["Carnage+1","Twin Strike"],"picked":"Evolve+1","floor":41},{"not_picked":["Cleave+1","Clash"],"picked":"Shrug It Off+1","floor":45},{"not_picked":["Inflame","True Grit+1","Burning Pact+1"],"picked":"SKIP","floor":45},{"not_picked":["Power Through+1","Sever Soul"],"picked":"Anger+1","floor":46},{"not_picked":["Heavy Blade","Perfected Strike+1","Disarm"],"picked":"SKIP","floor":47},{"not_picked":["Anger","Clothesline+1","Power Through"],"picked":"SKIP","floor":47},{"not_picked":["True Grit","Armaments"],"picked":"Shrug It Off","floor":48},{"not_picked":["Ghostly Armor+1","Warcry+1"],"picked":"Offering","floor":48},{"not_picked":["Heavy Blade+1","Pommel Strike"],"picked":"Clash","floor":54}],"player_experience":82629,"relics_obtained":[{"floor":7,"key":"Bronze Scales"},{"floor":9,"key":"Paper Frog"},{"floor":12,"key":"Oddly Smooth Stone"},{"floor":22,"key":"Prayer Wheel"},{"floor":22,"key":"Meat on the Bone"},{"floor":24,"key":"Boot"},{"floor":27,"key":"Bottled Flame"},{"floor":41,"key":"Centennial Puzzle"},{"floor":41,"key":"Self Forming Clay"},{"floor":43,"key":"Omamori"},{"floor":44,"key":"Bird Faced Urn"},{"floor":46,"key":"MawBank"},{"floor":46,"key":"Bottled Lightning"},{"floor":54,"key":"Pear"},{"floor":54,"key":"Strawberry"}],"event_choices":[{"damage_healed":0,"gold_gain":75,"player_choice":"Gather Gold","damage_taken":11,"max_hp_gain":0,"max_hp_loss":0,"event_name":"World of Goop","floor":3,"gold_loss":0},{"damage_healed":0,"gold_gain":0,"player_choice":"Box","damage_taken":0,"relics_obtained":["Torii"],"max_hp_gain":0,"max_hp_loss":0,"event_name":"Big Fish","floor":4,"gold_loss":0,"cards_obtained":["Regret"]},{"damage_healed":0,"gold_gain":0,"player_choice":"Upgraded","damage_taken":0,"max_hp_gain":0,"max_hp_loss":0,"event_name":"Upgrade Shrine","floor":11,"gold_loss":0,"cards_upgraded":["Demon Form"]},{"damage_healed":0,"gold_gain":0,"player_choice":"Simplicity","damage_taken":0,"max_hp_gain":0,"max_hp_loss":0,"event_name":"Back to Basics","floor":19,"gold_loss":0,"cards_upgraded":["Strike_R","Strike_R","Strike_R","Strike_R","Defend_R","Defend_R","Defend_R","Defend_R"]},{"cards_removed":["Regret"],"damage_healed":0,"gold_gain":0,"player_choice":"Gave Gold","damage_taken":0,"max_hp_gain":0,"max_hp_loss":0,"event_name":"Beggar","floor":20,"gold_loss":75},{"damage_healed":0,"gold_gain":0,"player_choice":"Fight","damage_taken":0,"max_hp_gain":0,"max_hp_loss":0,"event_name":"Colosseum","floor":22,"gold_loss":0},{"damage_healed":0,"gold_gain":0,"player_choice":"Fought Nobs","damage_taken":0,"max_hp_gain":0,"max_hp_loss":0,"event_name":"Colosseum","floor":22,"gold_loss":0},{"damage_healed":0,"gold_gain":0,"player_choice":"Ignored","damage_taken":0,"max_hp_gain":0,"max_hp_loss":0,"event_name":"Ghosts","floor":25,"gold_loss":0},{"damage_healed":0,"gold_gain":0,"player_choice":"Ignored","damage_taken":0,"max_hp_gain":0,"max_hp_loss":0,"event_name":"Vampires","floor":31,"gold_loss":0},{"damage_healed":0,"gold_gain":0,"player_choice":"Paid","damage_taken":0,"relics_obtained":["Red Mask"],"max_hp_gain":0,"max_hp_loss":0,"event_name":"Tomb of Lord Red Mask","floor":38,"gold_loss":201},{"cards_removed":["Shockwave"],"damage_healed":0,"gold_gain":0,"player_choice":"Removed Skill","damage_taken":0,"max_hp_gain":0,"max_hp_loss":0,"event_name":"Falling","floor":39,"gold_loss":0},{"damage_healed":0,"gold_gain":0,"player_choice":"Fight","damage_taken":0,"max_hp_gain":0,"max_hp_loss":0,"event_name":"Mysterious Sphere","floor":44,"gold_loss":0}],"is_beta":false,"boss_relics":[{"not_picked":["Astrolabe","Snecko Eye"],"picked":"Lizard Tail"},{"not_picked":["Black Blood","Velvet Choker"],"picked":"Black Star"}],"items_purged_floors":[],"is_endless":false,"potions_floor_spawned":[8,12,16,18,22,24,33,36,37,45,46],"killed_by":"The Heart","ascension_level":0}