{"gold_per_floor":[115,115,126,126,45,45,45,59,59,59,59,5,28,46,46,46],"floor_reached":16,"playtime":411,"items_purged":[],"score":176,"play_id":"b9b36191-391c-4c5d-ab06-435ea0826170","local_time":"20190330221101","is_ascension_mode":true,"campfire_choices":[{"data":"Catalyst","floor":6,"key":"SMITH"},{"data":"Neutralize","floor":10,"key":"SMITH"},{"data":"Deadly Poison","floor":15,"key":"SMITH"}],"neow_cost":"NONE","seed_source_timestamp":176771987049222,"circlet_count":0,"master_deck":["AscendersBane","Defend_G","Defend_G","Defend_G","Defend_G","Strike_G","Strike_G","Strike_G","Strike_G","Strike_G","Survivor","Neutralize+1","Backflip","Catalyst+1","Blur","Deadly Poison+1"],"relics":["Ring of the Snake","NeowsBlessing","Golden Idol","Ginger"],"potions_floor_usage":[],"damage_taken":[{"damage":0,"enemies":"Small Slimes","floor":1,"turns":1},{"damage":0,"enemies":"Jaw Worm","floor":3,"turns":1},{"damage":0,"enemies":"Cultist","floor":8,"turns":1},{"damage":9,"enemies":"Exordium Thugs","floor":13,"turns":4},{"damage":12,"enemies":"Exordium Wildlife","floor":14,"turns":5},{"damage":45,"enemies":"Slime Boss","floor":16,"turns":6}],"seed_played":"6900644716140393008","potions_obtained":[{"floor":1,"key":"Swift Potion"},{"floor":8,"key":"SteroidPotion"}],"is_trial":false,"path_per_floor":["M","?","M","?","$","R","?","M","T","R","$","$","M","M","R","B"],"character_chosen":"THE_SILENT","items_purchased":["Catalyst","Deadly Poison"],"campfire_rested":0,"item_purchase_floors":[5,12],"current_hp_per_floor":[59,66,66,59,59,59,59,59,59,59,59,59,50,38,38,0],"gold":46,"neow_bonus":"THREE_ENEMY_KILL","is_prod":false,"is_daily":false,"chose_seed":false,"campfire_upgraded":3,"win_rate":0,"timestamp":1554005461,"path_taken":["M","?","M","?","$","R","?","?","T","R","?","$","M","M","R","BOSS"],"build_version":"2019-01-23","purchased_purges":0,"victory":false,"max_hp_per_floor":[66,66,66,66,66,66,60,60,60,60,60,60,60,60,60,60],"card_choices":[{"not_picked":["Backstab","Acrobatics","Poisoned Stab"],"picked":"SKIP","floor":1},{"not_picked":["Endless Agony","Flechettes"],"picked":"Backflip","floor":3},{"not_picked":["Distraction","Setup"],"picked":"Blur","floor":8},{"not_picked":["Expertise","Footwork","Leg Sweep"],"picked":"SKIP","floor":13},{"not_picked":["Dodge and Roll","Dagger Throw","Leg Sweep"],"picked":"SKIP","floor":14}],"player_experience":369507,"relics_obtained":[{"floor":9,"key":"Ginger"}],"event_choices":[{"damage_healed":22,"gold_gain":0,"player_choice":"Banana","damage_taken":0,"max_hp_gain":0,"max_hp_loss":0,"event_name":"Big Fish","floor":2,"gold_loss":0},{"cards_removed":["Defend_G"],"damage_healed":0,"gold_gain":0,"player_choice":"Card Removal","damage_taken":7,"max_hp_gain":0,"max_hp_loss":0,"event_name":"Golden Wing","floor":4,"gold_loss":0},{"damage_healed":0,"gold_gain":0,"player_choice":"Lose Max HP","damage_taken":0,"relics_obtained":["Golden Idol"],"max_hp_gain":0,"max_hp_loss":6,"event_name":"Golden Idol","floor":7,"gold_loss":0}],"is_beta":false,"boss_relics":[],"items_purged_floors":[],"is_endless":false,"potions_floor_spawned":[1,8],"killed_by":"Slime Boss","ascension_level":19}