{"gold_per_floor":[115,131,142,101,201,201,266,266,291,305,99,64,98,125,125,227,227,244,254,254,274,161,161,161,175,252,252,252,252,269,269],"floor_reached":31,"playtime":989,"items_purged":[],"score":255,"play_id":"b895f59d-e8b9-4189-875a-70b6863627e2","local_time":"20180707130529","is_ascension_mode":true,"campfire_choices":[{"data":"Storm","floor":6,"key":"SMITH"},{"data":"Darkness","floor":8,"key":"SMITH"},{"data":"Zap","floor":15,"key":"SMITH"},{"floor":23,"key":"REST"},{"data":"Defragment","floor":27,"key":"SMITH"},{"data":"Tempest","floor":29,"key":"SMITH"}],"neow_cost":"NONE","seed_source_timestamp":26060964265540,"circlet_count":0,"master_deck":["Strike_B","Strike_B","Strike_B","Strike_B","Defend_B","Defend_B+1","Defend_B","Defend_B","Zap+1","Dualcast+1","Heatsinks","Conserve Battery","Darkness+1","Storm+1","Hologram","Beam Cell","Go for the Eyes","Multi-Cast","Fusion","Tempest+1","White Noise+1","Defragment+1","Self Repair","Machine Learning"],"relics":["Cracked Core","Bag of Marbles","Tiny Chest","War Paint","Runic Capacitor","Vajra","Strawberry","Eternal Feather","Darkstone Periapt"],"potions_floor_usage":[7,16,25,31],"damage_taken":[{"damage":1,"enemies":"Cultist","floor":1,"turns":3},{"damage":8,"enemies":"Jaw Worm","floor":2,"turns":3},{"damage":2,"enemies":"Small Slimes","floor":3,"turns":3},{"damage":9,"enemies":"Lagavulin","floor":7,"turns":6},{"damage":3,"enemies":"2 Fungi Beasts","floor":10,"turns":3},{"damage":24,"enemies":"3 Sentries","floor":13,"turns":7},{"damage":11,"enemies":"Hexaghost","floor":16,"turns":9},{"damage":10,"enemies":"Chosen","floor":18,"turns":4},{"damage":22,"enemies":"Spheric Guardian","floor":19,"turns":5},{"damage":31,"enemies":"Snake Plant","floor":21,"turns":5},{"damage":16,"enemies":"Centurion and Healer","floor":25,"turns":6},{"damage":50,"enemies":"Slaver and Parasite","floor":30,"turns":5},{"damage":7,"enemies":"Sentry and Sphere","floor":31,"turns":2}],"seed_played":"252068271976165149","potions_obtained":[{"floor":3,"key":"LiquidBronze"},{"floor":13,"key":"Weak Potion"},{"floor":21,"key":"LiquidBronze"},{"floor":30,"key":"Explosive Potion"}],"is_trial":false,"path_per_floor":["M","M","M","$","?","R","E","R","T","M","$","?","E","T","R","B",null,"M","M","$","M","$","R","?","M","T","R","?","R","M"],"character_chosen":"DEFECT","items_purchased":["Storm","Runic Capacitor","White Noise","Defragment"],"campfire_rested":1,"item_purchase_floors":[4,11,22,22],"current_hp_per_floor":[74,66,64,64,64,64,55,55,55,52,52,70,46,53,53,42,82,72,50,50,19,19,51,51,35,35,43,43,51,1,0],"gold":269,"neow_bonus":"RANDOM_COMMON_RELIC","is_prod":false,"is_daily":false,"chose_seed":false,"campfire_upgraded":5,"win_rate":0,"timestamp":1530932729,"path_taken":["M","M","M","$","?","R","E","R","T","M","$","?","E","?","R","BOSS","M","M","$","M","?","R","?","M","T","R","?","R","M","M"],"build_version":"2018-07-05","purchased_purges":0,"victory":false,"max_hp_per_floor":[75,75,75,75,75,75,75,75,75,75,75,75,75,82,82,82,82,82,82,82,82,82,82,82,82,82,82,82,82,82,82],"card_choices":[{"not_picked":["Turbo","Gash"],"picked":"Heatsinks","floor":1},{"not_picked":["Blizzard","Lockon"],"picked":"Conserve Battery","floor":2},{"not_picked":["Lockon","Steam"],"picked":"Darkness","floor":3},{"not_picked":["Coolheaded","Loop"],"picked":"Hologram","floor":7},{"not_picked":["Streamline","Melter"],"picked":"Beam Cell","floor":10},{"not_picked":["Darkness","Streamline"],"picked":"Go for the Eyes","floor":13},{"not_picked":["Machine Learning","Biased Cognition"],"picked":"Multi-Cast","floor":16},{"not_picked":["Leap+1","Gash"],"picked":"Fusion","floor":18},{"not_picked":["Go for the Eyes+1","Glacier","Streamline"],"picked":"SKIP","floor":19},{"not_picked":["Stack","Reinforced Body"],"picked":"Tempest","floor":21},{"not_picked":["Redo","Skim"],"picked":"Self Repair","floor":25},{"not_picked":["Beam Cell+1","Hologram+1"],"picked":"Machine Learning","floor":30}],"player_experience":88429,"relics_obtained":[{"floor":7,"key":"Tiny Chest"},{"floor":9,"key":"War Paint"},{"floor":13,"key":"Vajra"},{"floor":14,"key":"Strawberry"},{"floor":26,"key":"Darkstone Periapt"}],"event_choices":[{"event_name":"Golden Shrine","player_choice":"Pray","floor":5,"damage_taken":0},{"event_name":"The Cleric","player_choice":"Healed","floor":12,"damage_taken":0},{"event_name":"Accursed Blacksmith","player_choice":"Forge","floor":24,"damage_taken":0},{"event_name":"Vampires","player_choice":"Ignored","floor":28,"damage_taken":0}],"boss_relics":[{"not_picked":["Snecko Eye","Fusion Hammer"],"picked":"Eternal Feather"}],"items_purged_floors":[],"is_endless":false,"potions_floor_spawned":[3,13,21,30],"killed_by":"Sentry and Sphere","ascension_level":1}