{"gold_per_floor":[112,112,127,52,66,66,94,94,148,2,12,31,45,77,77,180,180,194,210,220,231,231,231,246,246],"floor_reached":25,"playtime":2082,"items_purged":["Strike_R","Defend_R"],"score":239,"play_id":"adac2fde-72f0-46c7-b7c4-7c71fe724622","local_time":"20190604112800","is_ascension_mode":true,"campfire_choices":[{"data":"Flame Barrier","floor":6,"key":"SMITH"},{"data":"Flex","floor":8,"key":"SMITH"},{"data":"Double Tap","floor":15,"key":"SMITH"},{"floor":23,"key":"REST"}],"neow_cost":"NONE","seed_source_timestamp":484153165626837,"circlet_count":0,"master_deck":["Strike_R","Strike_R","Strike_R","Strike_R","Defend_R","Defend_R","Defend_R","Bash","Armaments","Flame Barrier+1","Bash","Reaper","Shrug It Off","Flex+1","Limit Break","Shrug It Off","Twin Strike","Headbutt","Metallicize","Double Tap+1","Limit Break","Sword Boomerang+1","Pummel","Spot Weakness","Iron Wave+1","Sword Boomerang+1"],"relics":["Burning Blood","Omamori","Lantern","Strawberry","Philosopher\u0027s Stone"],"potions_floor_usage":[16,21,24],"damage_taken":[{"damage":5,"enemies":"Small Slimes","floor":1,"turns":4},{"damage":6,"enemies":"Cultist","floor":3,"turns":6},{"damage":0,"enemies":"2 Louse","floor":5,"turns":4},{"damage":38,"enemies":"Lagavulin","floor":7,"turns":12},{"damage":8,"enemies":"Blue Slaver","floor":11,"turns":3},{"damage":4,"enemies":"3 Louse","floor":12,"turns":5},{"damage":8,"enemies":"2 Fungi Beasts","floor":13,"turns":3},{"damage":9,"enemies":"Gremlin Nob","floor":14,"turns":4},{"damage":46,"enemies":"Hexaghost","floor":16,"turns":9},{"damage":25,"enemies":"Shell Parasite","floor":18,"turns":5},{"damage":31,"enemies":"3 Byrds","floor":19,"turns":6},{"damage":14,"enemies":"3 Cultists","floor":20,"turns":4},{"damage":40,"enemies":"Snake Plant","floor":21,"turns":4},{"damage":26,"enemies":"Centurion and Healer","floor":24,"turns":5},{"damage":27,"enemies":"Snecko","floor":25,"turns":4}],"seed_played":"-3588295235212275594","potions_obtained":[{"floor":7,"key":"Regen Potion"},{"floor":11,"key":"Swift Potion"},{"floor":14,"key":"Swift Potion"},{"floor":16,"key":"FearPotion"},{"floor":18,"key":"PowerPotion"},{"floor":20,"key":"SkillPotion"}],"is_trial":false,"path_per_floor":["?","M","?"],"character_chosen":"IRONCLAD","items_purchased":["Shrug It Off"],"campfire_rested":1,"item_purchase_floors":[10],"current_hp_per_floor":[80,80,80,80,80,80,50,50,50,50,48,65,70,74,74,61,87,68,55,47,24,7,34,22,0],"gold":246,"neow_bonus":"THREE_CARDS","is_prod":false,"is_daily":false,"chose_seed":false,"campfire_upgraded":3,"win_rate":0,"timestamp":1559676480,"path_taken":["M","?","M","$","M","R","E","R","T","$","?","M","M","E","R","BOSS","M","M","M","M","?","R","M","M"],"build_version":"2019-01-23","purchased_purges":2,"victory":false,"max_hp_per_floor":[80,80,80,80,80,80,80,80,80,80,80,80,80,87,87,87,87,87,87,87,87,92,92,92,92],"card_choices":[{"not_picked":["Burning Pact","Body Slam"],"picked":"Armaments","floor":0},{"not_picked":["Perfected Strike","Clothesline"],"picked":"Flame Barrier","floor":1},{"not_picked":["Rupture","Pommel Strike"],"picked":"Shrug It Off","floor":3},{"not_picked":["Armaments","Headbutt"],"picked":"Flex","floor":5},{"not_picked":["Rage","Perfected Strike"],"picked":"Limit Break","floor":7},{"not_picked":["Rupture","Anger"],"picked":"Twin Strike","floor":11},{"not_picked":["Havoc","Warcry"],"picked":"Headbutt","floor":12},{"not_picked":["Wild Strike","Anger"],"picked":"Metallicize","floor":13},{"not_picked":["Iron Wave","Clash"],"picked":"Double Tap","floor":14},{"not_picked":["Exhume","Immolate"],"picked":"Limit Break","floor":16},{"not_picked":["Wild Strike","Dropkick"],"picked":"Sword Boomerang+1","floor":18},{"not_picked":["Havoc","Cleave"],"picked":"Pummel","floor":19},{"not_picked":["Sword Boomerang","Thunderclap"],"picked":"Spot Weakness","floor":20},{"not_picked":["Wild Strike","Hemokinesis"],"picked":"Iron Wave+1","floor":21},{"not_picked":["Dual Wield","Thunderclap+1"],"picked":"Sword Boomerang+1","floor":24}],"player_experience":167058,"relics_obtained":[{"floor":7,"key":"Omamori"},{"floor":9,"key":"Lantern"},{"floor":14,"key":"Strawberry"}],"event_choices":[{"damage_healed":0,"gold_gain":0,"player_choice":"2 cards matched","damage_taken":0,"max_hp_gain":0,"max_hp_loss":0,"event_name":"Match and Keep!","floor":2,"gold_loss":0,"cards_obtained":["Bash","Reaper"]},{"damage_healed":0,"gold_gain":0,"player_choice":"Shed Blood","damage_taken":22,"max_hp_gain":5,"max_hp_loss":0,"event_name":"Forgotten Altar","floor":22,"gold_loss":0}],"is_beta":false,"boss_relics":[{"not_picked":["Black Blood","Orrery"],"picked":"Philosopher\u0027s Stone"}],"items_purged_floors":[4,10],"is_endless":false,"potions_floor_spawned":[7,11,14,16,18,20],"killed_by":"Snecko","ascension_level":2}