{"gold_per_floor":[111,127,137,150,225,225,1,1,1,1,36,65,96,126],"floor_reached":14,"playtime":291,"items_purged":["Strike_R"],"score":127,"play_id":"6a774f7a-5624-4d26-aa62-3b08ad139949","local_time":"20190422164235","is_ascension_mode":true,"campfire_choices":[{"data":"Inflame","floor":6.0,"key":"SMITH"},{"data":"Heavy Blade","floor":8.0,"key":"SMITH"},{"data":"Bash","floor":10.0,"key":"SMITH"}],"neow_cost":"NONE","seed_source_timestamp":757528391096369,"circlet_count":0,"master_deck":["Strike_R","Strike_R","Strike_R","Strike_R","Defend_R","Defend_R","Defend_R","Defend_R","Bash+1","Heavy Blade+1","Inflame+1","Heavy Blade+1","Twin Strike+1"],"special_seed":0,"relics":["Burning Blood","NeowsBlessing","Lantern","Frozen Egg 2","Molten Egg 2","Odd Mushroom","Art of War"],"potions_floor_usage":[14,14],"damage_taken":[{"damage":0.0,"enemies":"Cultist","floor":1.0,"turns":1.0},{"damage":0.0,"enemies":"Jaw Worm","floor":2.0,"turns":1.0},{"damage":0.0,"enemies":"2 Louse","floor":3.0,"turns":2.0},{"damage":6.0,"enemies":"2 Fungi Beasts","floor":4.0,"turns":4.0},{"damage":16.0,"enemies":"Gremlin Nob","floor":11.0,"turns":3.0},{"damage":13.0,"enemies":"The Mushroom Lair","floor":12.0,"turns":3.0},{"damage":40.0,"enemies":"Lagavulin","floor":13.0,"turns":4.0},{"damage":40,"enemies":"Lagavulin Event","floor":14,"turns":3}],"seed_played":"5801515225316797398","potions_obtained":[{"floor":2.0,"key":"Regen Potion"},{"floor":4.0,"key":"SpeedPotion"},{"floor":11.0,"key":"FearPotion"}],"is_trial":false,"path_per_floor":["M","M","M","M","?","R","$","R","T","R","E","?","E","?"],"character_chosen":"IRONCLAD","items_purchased":["Lantern"],"campfire_rested":0,"item_purchase_floors":[7],"current_hp_per_floor":[78,80,80,80,69,69,69,69,69,69,59,52,18,0],"gold":126,"neow_bonus":"THREE_ENEMY_KILL","is_prod":false,"is_daily":false,"chose_seed":false,"campfire_upgraded":3,"win_rate":0,"timestamp":1555972955,"path_taken":["M","M","?","M","?","R","?","R","T","R","E","?","E","?"],"build_version":"2019-01-23","purchased_purges":1,"victory":false,"max_hp_per_floor":[80,80,80,80,80,80,80,80,80,80,80,80,80,80],"card_choices":[{"not_picked":["Body Slam","Anger"],"picked":"Heavy Blade","floor":1.0},{"not_picked":["Clash","Battle Trance","Sword Boomerang"],"picked":"SKIP","floor":2.0},{"not_picked":["Entrench","Headbutt"],"picked":"Inflame","floor":3.0},{"not_picked":["Sentinel","Iron Wave","Carnage"],"picked":"SKIP","floor":4.0},{"not_picked":["Limit Break","Thunderclap","Second Wind"],"picked":"SKIP","floor":11.0},{"not_picked":["Pommel Strike+1","Perfected Strike+1"],"picked":"Heavy Blade+1","floor":12.0},{"not_picked":["Bludgeon+1","True Grit"],"picked":"Twin Strike+1","floor":13.0}],"player_experience":506696,"relics_obtained":[{"floor":9.0,"key":"Frozen Egg 2"},{"floor":11.0,"key":"Molten Egg 2"},{"floor":12.0,"key":"Odd Mushroom"},{"floor":13.0,"key":"Art of War"}],"event_choices":[{"damage_healed":0.0,"max_hp_gain":0.0,"max_hp_loss":0.0,"gold_gain":75.0,"event_name":"World of Goop","player_choice":"Gather Gold","floor":5.0,"gold_loss":0.0,"damage_taken":11.0},{"damage_healed":0.0,"max_hp_gain":0.0,"max_hp_loss":0.0,"gold_gain":0.0,"event_name":"Mushrooms","player_choice":"Fought Mushrooms","floor":12.0,"gold_loss":0.0,"damage_taken":0.0},{"damage_healed":0,"gold_gain":30,"player_choice":"Searched \u00272\u0027 times","damage_taken":0,"max_hp_gain":0,"max_hp_loss":0,"event_name":"Dead Adventurer","floor":14,"gold_loss":0}],"is_beta":false,"boss_relics":[],"items_purged_floors":[7],"is_endless":false,"potions_floor_spawned":[2,4,11],"killed_by":"Lagavulin Event","ascension_level":6}