{"gold_per_floor":[109,121,132,132,132,160,160,192,243,243,261,275,20,20,20,116,116,134,134,146,157,157,168,168,193,243,342,342,342,342,358,358,463,463,474,486,209,221,239,273,273,301,352,370,226,226,241,261,261,261],"floor_reached":51,"playtime":2538,"items_purged":["Biased Cognition"],"score":826,"play_id":"aa65f27c-ebcc-4b91-b277-65113a6f5afa","local_time":"20190414000153","is_ascension_mode":true,"campfire_choices":[{"data":"Defragment","floor":7,"key":"SMITH"},{"data":"Zap","floor":10,"key":"SMITH"},{"data":"Dualcast","floor":15,"key":"SMITH"},{"data":"Capacitor","floor":24,"key":"SMITH"},{"data":"White Noise","floor":28,"key":"SMITH"},{"data":"Barrage","floor":30,"key":"SMITH"},{"data":"Redo","floor":32,"key":"SMITH"},{"data":"Barrage","floor":41,"key":"SMITH"},{"data":"Rainbow","floor":46,"key":"SMITH"},{"floor":49,"key":"REST"}],"neow_cost":"NONE","seed_source_timestamp":45991653029018,"circlet_count":0,"master_deck":["Zap+1","Dualcast+1","Streamline","Tempest","Auto Shields","Defragment+1","Redo+1","Ball Lightning","FTL","Sweeping Beam","Barrage+1","Zap+1","Capacitor+1","Conserve Battery+1","Steam+1","White Noise+1","Electrodynamics","Glacier","Rainbow+1","Barrage","Multi-Cast","Sweeping Beam","Barrage+1","Compile Driver+1","Coolheaded+1","FTL+1","Leap+1","Storm+1"],"relics":["FrozenCore","NeowsBlessing","Cables","Blood Vial","Potion Belt","Strawberry","Meat on the Bone","DataDisk","Orichalcum","Pandora\u0027s Box","Runic Capacitor","Art of War","Mercury Hourglass","Anchor","Lantern"],"potions_floor_usage":[8,18,20,35,35,50,50,50,50],"damage_taken":[{"damage":0,"enemies":"2 Louse","floor":1,"turns":1},{"damage":0,"enemies":"Jaw Worm","floor":2,"turns":1},{"damage":0,"enemies":"Cultist","floor":3,"turns":1},{"damage":25,"enemies":"Lagavulin","floor":6,"turns":5},{"damage":17,"enemies":"3 Sentries","floor":8,"turns":5},{"damage":11,"enemies":"Lots of Slimes","floor":11,"turns":3},{"damage":0,"enemies":"Large Slime","floor":12,"turns":3},{"damage":0,"enemies":"Slime Boss","floor":16,"turns":4},{"damage":0,"enemies":"3 Byrds","floor":18,"turns":4},{"damage":7,"enemies":"Shell Parasite","floor":20,"turns":4},{"damage":10,"enemies":"Snecko","floor":21,"turns":5},{"damage":3,"enemies":"Cultist and Chosen","floor":23,"turns":5},{"damage":6,"enemies":"Book of Stabbing","floor":25,"turns":6},{"damage":1,"enemies":"Sentry and Sphere","floor":31,"turns":4},{"damage":41,"enemies":"Automaton","floor":33,"turns":7},{"damage":8,"enemies":"3 Darklings","floor":35,"turns":4},{"damage":7,"enemies":"3 Shapes","floor":36,"turns":3},{"damage":0,"enemies":"Sphere and 2 Shapes","floor":38,"turns":4},{"damage":0,"enemies":"Maw","floor":39,"turns":6},{"damage":26,"enemies":"Nemesis","floor":40,"turns":5},{"damage":12,"enemies":"Giant Head","floor":42,"turns":8},{"damage":0,"enemies":"Transient","floor":44,"turns":5},{"damage":6,"enemies":"4 Shapes","floor":47,"turns":2},{"damage":5,"enemies":"Spire Growth","floor":48,"turns":3},{"damage":58,"enemies":"Awakened One","floor":50,"turns":9}],"seed_played":"4266475116550674888","potions_obtained":[{"floor":2,"key":"SneckoOil"},{"floor":6,"key":"SkillPotion"},{"floor":11,"key":"EssenceOfSteel"},{"floor":12,"key":"Block Potion"},{"floor":16,"key":"AttackPotion"},{"floor":20,"key":"FocusPotion"},{"floor":23,"key":"Dexterity Potion"},{"floor":25,"key":"PowerPotion"},{"floor":36,"key":"Ancient Potion"},{"floor":38,"key":"Energy Potion"},{"floor":40,"key":"Energy Potion"}],"is_trial":false,"path_per_floor":["M","M","M","?","?","E","R","E","T","R","M","M","$","?","R","B",null,"M","?","M","M","$","M","R","E","T","?","R","$","R","M","R","B",null,"M","M","$","M","M","E","R","E","T","M","$","R","M","M","R","B",null],"character_chosen":"DEFECT","items_purchased":["Meat on the Bone","Runic Capacitor","Lantern"],"campfire_rested":1,"item_purchase_floors":[13,37,45],"current_hp_per_floor":[75,75,75,72,72,47,47,32,39,39,30,32,32,32,32,46,82,82,82,75,67,67,66,66,62,62,62,62,62,62,63,63,36,82,74,69,69,71,73,49,49,51,51,53,53,53,49,46,70,26],"gold":261,"neow_bonus":"THREE_ENEMY_KILL","is_prod":false,"is_daily":false,"chose_seed":false,"campfire_upgraded":9,"win_rate":0,"timestamp":1555164113,"path_taken":["M","M","M","?","?","E","R","E","T","R","M","?","?","?","R","BOSS","M","?","M","M","?","M","R","E","T","?","R","?","R","M","R","BOSS","M","M","$","M","M","E","R","E","T","M","$","R","M","M","R","BOSS"],"build_version":"2019-01-23","purchased_purges":1,"victory":true,"max_hp_per_floor":[75,75,75,75,75,75,75,75,82,82,82,82,82,82,82,82,82,82,82,82,82,82,82,82,82,82,82,82,82,82,82,82,82,82,82,82,82,82,82,82,82,82,82,82,82,82,82,82,82,82],"card_choices":[{"not_picked":["Hologram","Rip and Tear"],"picked":"Streamline","floor":1},{"not_picked":["Aggregate","Reprogram"],"picked":"Tempest","floor":2},{"not_picked":["Consume","Redo"],"picked":"Auto Shields","floor":3},{"not_picked":["Storm","Fusion"],"picked":"Redo","floor":6},{"not_picked":["Defragment","Beam Cell"],"picked":"Ball Lightning","floor":8},{"not_picked":["Storm","Hologram"],"picked":"FTL","floor":11},{"not_picked":["Hello World","Fission"],"picked":"Sweeping Beam","floor":12},{"not_picked":["Redo","Auto Shields"],"picked":"Barrage","floor":18},{"not_picked":["Conserve Battery","Barrage"],"picked":"Capacitor","floor":20},{"not_picked":["Gash+1","Go for the Eyes"],"picked":"Conserve Battery+1","floor":21},{"not_picked":["Conserve Battery","Glacier"],"picked":"Steam+1","floor":23},{"not_picked":["Blizzard+1","Compile Driver"],"picked":"White Noise","floor":25},{"not_picked":["Turbo","Cold Snap","FTL"],"picked":"SKIP","floor":31},{"not_picked":["Machine Learning","Fission"],"picked":"Electrodynamics","floor":33},{"not_picked":["Coolheaded+1","Rebound+1","Force Field+1"],"picked":"SKIP","floor":35},{"not_picked":["Stack","Tempest","Barrage"],"picked":"SKIP","floor":36},{"not_picked":["Stack+1","Machine Learning","Redo"],"picked":"SKIP","floor":38},{"not_picked":["Genetic Algorithm+1","Cold Snap"],"picked":"Compile Driver+1","floor":39},{"not_picked":["Recycle","Steam+1"],"picked":"Coolheaded+1","floor":40},{"not_picked":["Gash","Chill"],"picked":"FTL+1","floor":42},{"not_picked":["Leap","Steam Power","Cold Snap"],"picked":"SKIP","floor":44},{"not_picked":["Streamline+1","Barrage"],"picked":"Leap+1","floor":47},{"not_picked":["Steam+1","Fission"],"picked":"Storm+1","floor":48}],"player_experience":126413,"relics_obtained":[{"floor":6,"key":"Blood Vial"},{"floor":8,"key":"Potion Belt"},{"floor":9,"key":"Strawberry"},{"floor":25,"key":"DataDisk"},{"floor":26,"key":"Orichalcum"},{"floor":40,"key":"Art of War"},{"floor":42,"key":"Mercury Hourglass"},{"floor":43,"key":"Anchor"}],"event_choices":[{"damage_healed":0,"gold_gain":0,"player_choice":"Success","damage_taken":3,"relics_obtained":["Cables"],"max_hp_gain":0,"max_hp_loss":0,"event_name":"Scrap Ooze","floor":4,"gold_loss":0},{"damage_healed":0,"gold_gain":0,"cards_transformed":["Strike_B"],"player_choice":"Transformed","damage_taken":0,"max_hp_gain":0,"max_hp_loss":0,"event_name":"Transmorgrifier","floor":5,"gold_loss":0,"cards_obtained":["Defragment"]},{"damage_healed":0,"gold_gain":0,"player_choice":"Leave","damage_taken":0,"max_hp_gain":0,"max_hp_loss":0,"event_name":"The Cleric","floor":14,"gold_loss":0},{"damage_healed":0,"gold_gain":0,"player_choice":"Copied","damage_taken":0,"max_hp_gain":0,"max_hp_loss":0,"event_name":"Duplicator","floor":19,"gold_loss":0,"cards_obtained":["Zap"]},{"damage_healed":0,"gold_gain":99,"player_choice":"Stole From Cult","damage_taken":0,"max_hp_gain":0,"max_hp_loss":0,"event_name":"Nest","floor":27,"gold_loss":0}],"is_beta":false,"boss_relics":[{"not_picked":["Fusion Hammer","Philosopher\u0027s Stone"],"picked":"FrozenCore"},{"not_picked":["Empty Cage","Lizard Tail"],"picked":"Pandora\u0027s Box"}],"items_purged_floors":[37],"is_endless":false,"potions_floor_spawned":[2,6,11,12,16,20,23,25,36,38,39,40],"ascension_level":1}