{"gold_per_floor":[110,110,126,126,126,153,166,166,166,166,180,191,221,235,235,235],"floor_reached":16,"playtime":2113,"items_purged":[],"score":267,"play_id":"140051d3-a531-461d-a5ca-66326268d153","local_time":"20190330152524","is_ascension_mode":true,"campfire_choices":[{"data":"Venomology","floor":8,"key":"SMITH"},{"data":"Noxious Fumes","floor":10,"key":"SMITH"},{"data":"Cloak And Dagger","floor":15,"key":"SMITH"}],"neow_cost":"NONE","seed_source_timestamp":150732290084050,"circlet_count":0,"master_deck":["AscendersBane","Defend_G","Defend_G","Defend_G","Defend_G","Defend_G+1","Strike_G","Strike_G","Strike_G","Strike_G+1","Survivor","Neutralize+1","Cloak And Dagger+1","Venomology+1","Noxious Fumes+1","Flying Knee+1","Backstab+1","Cloak And Dagger"],"relics":["Ring of the Snake","NeowsBlessing","Molten Egg 2","Mummified Hand","Blue Candle"],"potions_floor_usage":[7,11,12,13,13,14,16],"damage_taken":[{"damage":0,"enemies":"2 Louse","floor":1,"turns":1},{"damage":0,"enemies":"Jaw Worm","floor":3,"turns":1},{"damage":0,"enemies":"3 Sentries","floor":6,"turns":1},{"damage":0,"enemies":"Cultist","floor":7,"turns":4},{"damage":1,"enemies":"Blue Slaver","floor":11,"turns":5},{"damage":3,"enemies":"Large Slime","floor":12,"turns":5},{"damage":6,"enemies":"Gremlin Nob","floor":13,"turns":3},{"damage":7,"enemies":"Exordium Thugs","floor":14,"turns":4},{"damage":27,"enemies":"Slime Boss","floor":16,"turns":8}],"seed_played":"7514600773111314003","potions_obtained":[{"floor":1,"key":"Block Potion"},{"floor":3,"key":"PowerPotion"},{"floor":13,"key":"Explosive Potion"},{"floor":14,"key":"PowerPotion"}],"is_trial":false,"path_per_floor":["M","?","M","?","?","E","M","R","T","R","M","M","E","M","R","B"],"character_chosen":"THE_SILENT","items_purchased":[],"campfire_rested":0,"item_purchase_floors":[],"current_hp_per_floor":[59,59,59,39,39,39,39,39,39,39,38,35,29,22,22,0],"gold":235,"neow_bonus":"THREE_ENEMY_KILL","is_prod":false,"is_daily":false,"chose_seed":false,"campfire_upgraded":3,"win_rate":0,"timestamp":1553981124,"path_taken":["M","?","M","?","?","E","M","R","T","R","M","M","E","M","R","BOSS"],"build_version":"2019-01-23","purchased_purges":0,"victory":false,"max_hp_per_floor":[66,66,66,66,66,66,66,66,66,66,66,66,66,66,66,66],"card_choices":[{"not_picked":["Accuracy","Tactician","Blade Dance"],"picked":"SKIP","floor":1},{"not_picked":["Quick Slash","Accuracy"],"picked":"Cloak And Dagger","floor":3},{"not_picked":["Prepared","Blade Dance","Outmaneuver"],"picked":"SKIP","floor":6},{"not_picked":["Dagger Spray+1","Acrobatics"],"picked":"Noxious Fumes","floor":7},{"not_picked":["Slice+1","Blur"],"picked":"Flying Knee+1","floor":11},{"not_picked":["Heel Hook+1","Dagger Throw+1","Dodge and Roll"],"picked":"SKIP","floor":12},{"not_picked":["Blade Dance","Malaise"],"picked":"Backstab+1","floor":13},{"not_picked":["Skewer+1","Prepared"],"picked":"Cloak And Dagger","floor":14}],"player_experience":363224,"relics_obtained":[{"floor":6,"key":"Molten Egg 2"},{"floor":9,"key":"Mummified Hand"},{"floor":13,"key":"Blue Candle"}],"event_choices":[{"damage_healed":0,"gold_gain":0,"player_choice":"Grow","damage_taken":0,"max_hp_gain":0,"max_hp_loss":0,"event_name":"Living Wall","floor":2,"gold_loss":0,"cards_upgraded":["Neutralize"]},{"damage_healed":0,"gold_gain":0,"player_choice":"Entered Light","damage_taken":20,"max_hp_gain":0,"max_hp_loss":0,"event_name":"Shining Light","floor":4,"gold_loss":0,"cards_upgraded":["Defend_G","Strike_G"]},{"damage_healed":0,"gold_gain":0,"cards_transformed":["Strike_G"],"player_choice":"Transformed","damage_taken":0,"max_hp_gain":0,"max_hp_loss":0,"event_name":"Transmorgrifier","floor":5,"gold_loss":0,"cards_obtained":["Venomology"]}],"is_beta":false,"boss_relics":[],"items_purged_floors":[],"is_endless":false,"potions_floor_spawned":[1,3,13,14],"killed_by":"Slime Boss","ascension_level":19}