{"gold_per_floor":[114,189,112,112,132,167,167,201,226,256,256,271,271,291,291,389,389,406,406,418,193,203,203,218,96,123,123,137,151,0,17,17,118,118,132,112,127,140,59,59,78,78,102,102,134,153,153,181,181,181],"floor_reached":50,"playtime":2710,"items_purged":["Strike_G","Strike_G"],"score":821,"play_id":"10c7d03a-4453-4833-b8b5-d2225b4d4902","local_time":"20190605201216","is_ascension_mode":true,"campfire_choices":[{"data":"Neutralize","floor":7.0,"key":"SMITH"},{"data":"Poisoned Stab","floor":11.0,"key":"SMITH"},{"data":"Crippling Poison","floor":13.0,"key":"SMITH"},{"floor":15.0,"key":"REST"},{"floor":23.0,"key":"REST"},{"floor":27.0,"key":"REST"},{"floor":32.0,"key":"REST"},{"floor":40.0,"key":"REST"},{"floor":42.0,"key":"REST"},{"data":"Footwork","floor":44.0,"key":"SMITH"},{"floor":47.0,"key":"REST"},{"floor":49.0,"key":"REST"}],"neow_cost":"NONE","seed_source_timestamp":4302361410962770,"circlet_count":0,"master_deck":["AscendersBane","Defend_G","Defend_G","Defend_G+1","Defend_G","Defend_G+1","Strike_G+1","Strike_G","Strike_G","Survivor","Neutralize+1","Crippling Poison+1","Dash+1","Poisoned Stab+1","Quick Slash+1","PiercingWail","Bouncing Flask","After Image","After Image","Blur+1","Catalyst","Infinite Blades","Footwork+1","Slice+1","Cloak And Dagger","Backstab+1","Slice+1","Wraith Form v2","Dagger Spray+1","Well Laid Plans","Cloak And Dagger+1","Cloak And Dagger+1"],"special_seed":0,"relics":["Ring of the Snake","NeowsBlessing","Happy Flower","Molten Egg 2","Whetstone","Strawberry","Matryoshka","WristBlade","Mercury Hourglass","War Paint","Sozu","Orichalcum","Snake Skull","PreservedInsect","Centennial Puzzle"],"potions_floor_usage":[],"damage_taken":[{"damage":0.0,"enemies":"Small Slimes","floor":1.0,"turns":1.0},{"damage":0.0,"enemies":"2 Louse","floor":5.0,"turns":1.0},{"damage":0.0,"enemies":"Gremlin Nob","floor":6.0,"turns":1.0},{"damage":5.0,"enemies":"Lagavulin","floor":8.0,"turns":5.0},{"damage":17.0,"enemies":"3 Sentries","floor":10.0,"turns":8.0},{"damage":0.0,"enemies":"Cultist","floor":12.0,"turns":3.0},{"damage":4.0,"enemies":"Gremlin Gang","floor":14.0,"turns":4.0},{"damage":28.0,"enemies":"Slime Boss","floor":16.0,"turns":8.0},{"damage":33.0,"enemies":"Spheric Guardian","floor":18.0,"turns":6.0},{"damage":13.0,"enemies":"Shell Parasite","floor":20.0,"turns":5.0},{"damage":0.0,"enemies":"Snake Plant","floor":22.0,"turns":4.0},{"damage":14.0,"enemies":"Snecko","floor":24.0,"turns":6.0},{"damage":13.0,"enemies":"Shelled Parasite and Fungi","floor":28.0,"turns":5.0},{"damage":6.0,"enemies":"3 Cultists","floor":29.0,"turns":5.0},{"damage":3.0,"enemies":"Snake Plant","floor":31.0,"turns":4.0},{"damage":40.0,"enemies":"Automaton","floor":33.0,"turns":12.0},{"damage":6.0,"enemies":"Orb Walker","floor":35.0,"turns":5.0},{"damage":8.0,"enemies":"3 Darklings","floor":37.0,"turns":6.0},{"damage":28.0,"enemies":"Spire Growth","floor":38.0,"turns":7.0},{"damage":26.0,"enemies":"Jaw Worm Horde","floor":41.0,"turns":5.0},{"damage":12.0,"enemies":"Giant Head","floor":45.0,"turns":12.0},{"damage":6.0,"enemies":"4 Shapes","floor":46.0,"turns":5.0},{"damage":2.0,"enemies":"Nemesis","floor":48.0,"turns":5.0},{"damage":73,"enemies":"Donu and Deca","floor":50,"turns":13}],"seed_played":"39686503289504976","potions_obtained":[{"floor":1.0,"key":"Block Potion"},{"floor":6.0,"key":"FearPotion"},{"floor":8.0,"key":"FearPotion"},{"floor":14.0,"key":"Swift Potion"},{"floor":16.0,"key":"SkillPotion"},{"floor":18.0,"key":"PowerPotion"},{"floor":22.0,"key":"SteroidPotion"},{"floor":28.0,"key":"SteroidPotion"}],"is_trial":false,"path_per_floor":["M","?","$","?","M","E","R","E","T","E","R","M","R","M","R","B",null,"M","?","M","$","M","R","M","$","T","R","M","M","$","M","R","B",null,"M","?","M","M","$","R","M","R","T","R","E","M","R","E","R","B"],"character_chosen":"THE_SILENT","items_purchased":["Dash","Catalyst","Infinite Blades","Cloak And Dagger","Backstab+1","PowerPotion","Well Laid Plans"],"campfire_rested":8,"item_purchase_floors":[3,21,21,25,25,30,39],"current_hp_per_floor":[63,52,52,49,49,49,49,44,51,34,34,34,34,30,53,25,64,31,31,18,18,18,41,27,27,27,50,37,31,31,28,51,11,61,55,55,47,19,19,42,16,39,39,39,27,21,44,42,65,0],"gold":181,"neow_bonus":"THREE_ENEMY_KILL","is_prod":false,"is_daily":false,"chose_seed":false,"campfire_upgraded":4,"win_rate":0,"timestamp":1559779936,"path_taken":["M","?","$","?","M","E","R","E","T","E","R","M","R","M","R","BOSS","M","?","M","?","M","R","?","$","T","R","?","M","$","M","R","BOSS","M","?","M","M","$","R","?","R","T","R","E","M","R","E","R","BOSS"],"build_version":"2019-01-23","purchased_purges":2,"victory":false,"max_hp_per_floor":[70,70,70,70,70,70,70,70,77,77,77,77,77,77,77,77,77,77,77,77,77,77,77,77,77,77,77,77,77,77,77,77,77,77,77,77,77,77,77,77,77,77,77,77,77,77,77,77,77,77],"card_choices":[{"not_picked":["Eviscerate","Cloak And Dagger"],"picked":"Crippling Poison","floor":1.0},{"not_picked":["Concentrate","Masterful Stab"],"picked":"Poisoned Stab","floor":5.0},{"not_picked":["Tools of the Trade","Acrobatics"],"picked":"Quick Slash","floor":6.0},{"not_picked":["Terror","Eviscerate+1","Reflex"],"picked":"SKIP","floor":8.0},{"not_picked":["Predator+1","Sucker Punch+1"],"picked":"PiercingWail","floor":10.0},{"not_picked":["Reflex","Bane+1","Dash+1"],"picked":"SKIP","floor":12.0},{"not_picked":["Bane+1","Terror"],"picked":"Bouncing Flask","floor":14.0},{"not_picked":["Grand Finale+1","A Thousand Cuts"],"picked":"After Image","floor":16.0},{"not_picked":["PiercingWail","Underhanded Strike+1","Terror+1"],"picked":"SKIP","floor":18.0},{"not_picked":["Dagger Spray+1","Deflect"],"picked":"Blur+1","floor":20.0},{"not_picked":["Deflect+1","Underhanded Strike+1"],"picked":"Footwork","floor":22.0},{"not_picked":["Quick Slash+1","All Out Attack+1"],"picked":"Slice+1","floor":24.0},{"not_picked":["Acrobatics+1","Bouncing Flask","Night Terror"],"picked":"SKIP","floor":28.0},{"not_picked":["Slice+1","Outmaneuver","Terror"],"picked":"SKIP","floor":29.0},{"not_picked":["Outmaneuver","Terror"],"picked":"Slice+1","floor":29.0},{"not_picked":["Slice+1","Blade Dance","Skewer+1"],"picked":"SKIP","floor":31.0},{"not_picked":["Doppelganger","Tools of the Trade"],"picked":"Wraith Form v2","floor":33.0},{"not_picked":["Flying Knee+1","Acrobatics+1"],"picked":"Dagger Spray+1","floor":35.0},{"not_picked":["Flying Knee+1","Outmaneuver+1","Deflect+1"],"picked":"SKIP","floor":37.0},{"not_picked":["All Out Attack+1","Poisoned Stab+1","Choke+1"],"picked":"SKIP","floor":38.0},{"not_picked":["Crippling Poison","Slice+1"],"picked":"Cloak And Dagger+1","floor":41.0},{"not_picked":["Choke+1","Adrenaline"],"picked":"Cloak And Dagger+1","floor":45.0},{"not_picked":["Dagger Throw+1","Setup+1","Distraction"],"picked":"SKIP","floor":46.0},{"not_picked":["Flying Knee+1","Backflip","Masterful Stab+1"],"picked":"SKIP","floor":48.0}],"player_experience":178843,"relics_obtained":[{"floor":6.0,"key":"Molten Egg 2"},{"floor":8.0,"key":"Whetstone"},{"floor":9.0,"key":"Strawberry"},{"floor":10.0,"key":"Matryoshka"},{"floor":26.0,"key":"Mercury Hourglass"},{"floor":26.0,"key":"War Paint"},{"floor":43.0,"key":"Orichalcum"},{"floor":43.0,"key":"Snake Skull"},{"floor":45.0,"key":"PreservedInsect"},{"floor":48.0,"key":"Centennial Puzzle"}],"event_choices":[{"damage_healed":0.0,"max_hp_gain":0.0,"max_hp_loss":0.0,"gold_gain":75.0,"event_name":"World of Goop","player_choice":"Gather Gold","floor":2.0,"gold_loss":0.0,"damage_taken":11.0},{"damage_healed":0.0,"max_hp_gain":0.0,"max_hp_loss":0.0,"gold_gain":0.0,"event_name":"Scrap Ooze","player_choice":"Success","floor":4.0,"gold_loss":0.0,"damage_taken":3.0,"relics_obtained":["Happy Flower"]},{"damage_healed":0.0,"max_hp_gain":0.0,"max_hp_loss":0.0,"gold_gain":0.0,"event_name":"Duplicator","player_choice":"Copied","floor":19.0,"gold_loss":0.0,"damage_taken":0.0,"cards_obtained":["After Image"]},{"damage_healed":0.0,"max_hp_gain":0.0,"max_hp_loss":0.0,"gold_gain":0.0,"event_name":"The Woman in Blue","player_choice":"Bought 1 Potion","floor":36.0,"gold_loss":0.0,"damage_taken":0.0}],"is_beta":false,"boss_relics":[{"not_picked":["Runic Dome","Snecko Eye"],"picked":"WristBlade"},{"not_picked":["Runic Pyramid","HoveringKite"],"picked":"Sozu"}],"items_purged_floors":[21,30],"is_endless":false,"potions_floor_spawned":[1,6,8,14,16,18,22,28,41,45,48],"killed_by":"Donu and Deca","ascension_level":10}