{"gold_per_floor":[113,413,243,168,181,215,58,91,91,105,123,123,123,140,140,217,217,237,249,267,267],"floor_reached":21,"playtime":769,"items_purged":["Regret"],"score":372,"play_id":"202404da-c941-499c-b54a-df6a32b0f09b","local_time":"20190526115551","is_ascension_mode":true,"campfire_choices":[{"data":"Cleave","floor":12.0,"key":"SMITH"},{"data":"Shockwave","floor":15.0,"key":"SMITH"}],"neow_cost":"CURSE","seed_source_timestamp":73756720723467,"circlet_count":0,"master_deck":["AscendersBane","Strike_R","Strike_R","Strike_R","Strike_R","Defend_R","Defend_R","Defend_R","Defend_R","Bash","Finesse","Hemokinesis","Iron Wave","Cleave+1","Ghostly Armor","Shockwave+1","Barricade"],"special_seed":0,"relics":["Burning Blood","Turnip","Old Coin","Bag of Preparation","Vajra","Bag of Marbles","Mercury Hourglass","Sozu"],"potions_floor_usage":[],"damage_taken":[{"damage":7.0,"enemies":"Small Slimes","floor":1.0,"turns":4.0},{"damage":10.0,"enemies":"2 Louse","floor":5.0,"turns":3.0},{"damage":11.0,"enemies":"Gremlin Nob","floor":6.0,"turns":3.0},{"damage":37.0,"enemies":"3 Sentries","floor":8.0,"turns":9.0},{"damage":3.0,"enemies":"Cultist","floor":10.0,"turns":2.0},{"damage":0.0,"enemies":"Gremlin Gang","floor":11.0,"turns":1.0},{"damage":3.0,"enemies":"Exordium Wildlife","floor":14.0,"turns":3.0},{"damage":35.0,"enemies":"Slime Boss","floor":16.0,"turns":9.0},{"damage":3.0,"enemies":"3 Byrds","floor":18.0,"turns":4.0},{"damage":17.0,"enemies":"Shell Parasite","floor":19.0,"turns":7.0},{"damage":22.0,"enemies":"Snecko","floor":20.0,"turns":7.0},{"damage":45,"enemies":"Sentry and Sphere","floor":21,"turns":5}],"seed_played":"-5650529827780343818","potions_obtained":[{"floor":1.0,"key":"AttackPotion"},{"floor":8.0,"key":"Swift Potion"},{"floor":11.0,"key":"EssenceOfSteel"}],"is_trial":false,"path_per_floor":["M","?","$","?","M","E","$","E","T","M","M","R","?","M","R","B",null,"M","M","M","M"],"character_chosen":"IRONCLAD","items_purchased":["Finesse","Vajra"],"campfire_rested":0,"item_purchase_floors":[3,7],"current_hp_per_floor":[67,67,67,67,63,58,58,27,27,30,36,36,36,39,39,10,59,62,51,35,0],"gold":267,"neow_bonus":"ONE_RARE_RELIC","is_prod":false,"is_daily":false,"chose_seed":false,"campfire_upgraded":2,"win_rate":0,"timestamp":1558893351,"path_taken":["M","?","$","?","M","E","$","E","T","M","M","R","?","M","R","BOSS","M","M","?","?"],"build_version":"2019-01-23","purchased_purges":1,"victory":false,"max_hp_per_floor":[75,75,75,75,75,75,75,75,75,75,75,75,75,75,75,75,75,75,75,75,75],"card_choices":[{"not_picked":["Seeing Red","Perfected Strike","True Grit"],"picked":"SKIP","floor":1.0},{"not_picked":["Seeing Red","Dropkick"],"picked":"Hemokinesis","floor":5.0},{"not_picked":["Dropkick","Armaments"],"picked":"Iron Wave","floor":6.0},{"not_picked":["Warcry","Armaments","Body Slam"],"picked":"SKIP","floor":8.0},{"not_picked":["True Grit","Seeing Red"],"picked":"Cleave","floor":10.0},{"not_picked":["Dark Embrace","Uppercut"],"picked":"Ghostly Armor","floor":11.0},{"not_picked":["Cleave","Feel No Pain","Combust"],"picked":"SKIP","floor":14.0},{"not_picked":["Fiend Fire","Berserk"],"picked":"Barricade","floor":16.0},{"not_picked":["Anger","Inflame","Warcry+1"],"picked":"SKIP","floor":18.0},{"not_picked":["Wild Strike","Thunderclap","Headbutt+1"],"picked":"SKIP","floor":19.0},{"not_picked":["Hemokinesis","Warcry","Clothesline"],"picked":"SKIP","floor":20.0}],"player_experience":612561,"relics_obtained":[{"floor":6.0,"key":"Bag of Preparation"},{"floor":8.0,"key":"Bag of Marbles"},{"floor":9.0,"key":"Mercury Hourglass"}],"event_choices":[{"damage_healed":0.0,"max_hp_gain":0.0,"max_hp_loss":0.0,"gold_gain":0.0,"event_name":"Big Fish","player_choice":"Box","floor":2.0,"gold_loss":0.0,"damage_taken":0.0,"relics_obtained":["Old Coin"],"cards_obtained":["Regret"]},{"cards_removed":["Regret"],"damage_healed":0.0,"max_hp_gain":0.0,"max_hp_loss":0.0,"gold_gain":0.0,"event_name":"The Cleric","player_choice":"Card Removal","floor":4.0,"gold_loss":75.0,"damage_taken":0.0},{"damage_healed":0.0,"max_hp_gain":0.0,"max_hp_loss":0.0,"gold_gain":0.0,"cards_transformed":["Strike_R"],"event_name":"Transmorgrifier","player_choice":"Transformed","floor":13.0,"gold_loss":0.0,"damage_taken":0.0,"cards_obtained":["Shockwave"]}],"is_beta":false,"boss_relics":[{"not_picked":["Eternal Feather","Black Star"],"picked":"Sozu"}],"items_purged_floors":[3],"is_endless":false,"potions_floor_spawned":[1,8,11,14,19,20],"killed_by":"Sentry and Sphere","ascension_level":19}