{"gold_per_floor":[111,111,111,126,143,143,156,156,156,215,232,232,251,284,284,356,356,356,326,326,326,127,127,127,127,127,127,127,127,52,52,52,52],"floor_reached":33,"playtime":1216,"items_purged":["Strike_R"],"score":513,"play_id":"ba9806a0-94e8-40a7-a501-1d6226754ee4","local_time":"20190517233357","is_ascension_mode":true,"campfire_choices":[{"data":"Shrug It Off","floor":6,"key":"SMITH"},{"data":"Metallicize","floor":8,"key":"SMITH"},{"data":"Rampage","floor":15,"key":"SMITH"},{"data":"Heavy Blade","floor":23,"key":"SMITH"},{"data":"Inflame","floor":25,"key":"SMITH"},{"data":"Spot Weakness","floor":28,"key":"SMITH"},{"data":"Iron Wave","floor":32,"key":"SMITH"}],"neow_cost":"PERCENT_DAMAGE","seed_source_timestamp":1297917622173013,"circlet_count":0,"master_deck":["AscendersBane","Strike_R","Strike_R","Strike_R","Defend_R","Defend_R","Defend_R","Defend_R","Bash","Heavy Blade+1","Shrug It Off+1","Metallicize+1","Iron Wave+1","Rampage+1","Flex+1","Spot Weakness+1","Bash","Finesse","Dropkick","Inflame+1"],"special_seed":0,"relics":["Burning Blood","Turnip","Mercury Hourglass","Bag of Marbles","Tiny Chest","Mummified Hand","Ectoplasm","Toolbox","Dodecahedron","Potion Belt"],"potions_floor_usage":[16,33,33],"damage_taken":[{"damage":5.0,"enemies":"Small Slimes","floor":1.0,"turns":4.0},{"damage":0,"enemies":"2 Louse","floor":4,"turns":2},{"damage":1,"enemies":"Cultist","floor":5,"turns":4},{"damage":10,"enemies":"3 Louse","floor":7,"turns":3},{"damage":12,"enemies":"3 Sentries","floor":10,"turns":10},{"damage":0,"enemies":"Red Slaver","floor":11,"turns":4},{"damage":0,"enemies":"Large Slime","floor":13,"turns":4},{"damage":8,"enemies":"Gremlin Nob","floor":14,"turns":3},{"damage":61,"enemies":"Hexaghost","floor":16,"turns":12},{"damage":6,"enemies":"3 Byrds","floor":18,"turns":6},{"damage":2,"enemies":"2 Thieves","floor":19,"turns":4},{"damage":14,"enemies":"Snake Plant","floor":21,"turns":3},{"damage":16,"enemies":"Sentry and Sphere","floor":24,"turns":6},{"damage":17,"enemies":"Book of Stabbing","floor":27,"turns":3},{"damage":13,"enemies":"Shelled Parasite and Fungi","floor":29,"turns":3},{"damage":49,"enemies":"Champ","floor":33,"turns":5}],"seed_played":"-9071750827728781608","potions_obtained":[{"floor":1.0,"key":"EssenceOfSteel"},{"floor":4,"key":"Explosive Potion"},{"floor":16,"key":"SteroidPotion"},{"floor":27,"key":"Fire Potion"},{"floor":29,"key":"SteroidPotion"}],"is_trial":false,"path_per_floor":["M","?","?","M","M","R","M","R","T","E","M","?","M","E","R","B",null,"M","M","?","M","$","R","M","R","T","E","R","M","$","?","R","B"],"character_chosen":"IRONCLAD","items_purchased":["Toolbox"],"campfire_rested":0,"item_purchase_floors":[22],"current_hp_per_floor":[51,51,51,57,62,62,58,58,58,52,58,58,64,62,62,7,58,58,62,62,54,54,54,44,44,44,33,33,26,26,26,26,0],"gold":52,"neow_bonus":"ONE_RARE_RELIC","is_prod":false,"is_daily":false,"chose_seed":false,"campfire_upgraded":7,"win_rate":0,"timestamp":1558157637,"path_taken":["M","?","?","M","M","R","M","R","T","E","M","?","M","E","R","BOSS","M","?","?","?","$","R","M","R","T","E","R","M","$","?","R","BOSS"],"build_version":"2019-01-23","purchased_purges":1,"victory":false,"max_hp_per_floor":[75,75,75,75,75,75,75,75,75,75,75,75,75,75,75,75,75,75,75,75,75,75,75,75,75,75,75,75,75,75,75,75,75],"card_choices":[{"not_picked":["Burning Pact","Searing Blow"],"picked":"Heavy Blade","floor":1.0},{"not_picked":["Warcry","Sword Boomerang","Anger"],"picked":"SKIP","floor":4},{"not_picked":["Heavy Blade","Body Slam"],"picked":"Shrug It Off","floor":5},{"not_picked":["Body Slam","Thunderclap"],"picked":"Metallicize","floor":7},{"not_picked":["Seeing Red","Thunderclap"],"picked":"Iron Wave","floor":10},{"not_picked":["Anger","Corruption","Fire Breathing"],"picked":"SKIP","floor":11},{"not_picked":["Headbutt","Flex","Wild Strike"],"picked":"SKIP","floor":13},{"not_picked":["Disarm","Havoc","Bludgeon"],"picked":"SKIP","floor":14},{"not_picked":["Warcry","Thunderclap"],"picked":"Flex+1","floor":18},{"not_picked":["Combust","Dropkick"],"picked":"Spot Weakness","floor":19},{"not_picked":["Flame Barrier+1","Shrug It Off"],"picked":"Inflame","floor":21},{"not_picked":["Bloodletting","Corruption","Shrug It Off"],"picked":"SKIP","floor":24},{"not_picked":["Body Slam","Carnage","Searing Blow"],"picked":"SKIP","floor":27},{"not_picked":["Warcry","Armaments","True Grit"],"picked":"SKIP","floor":29}],"player_experience":563330,"relics_obtained":[{"floor":9,"key":"Bag of Marbles"},{"floor":10,"key":"Tiny Chest"},{"floor":14,"key":"Mummified Hand"},{"floor":26,"key":"Dodecahedron"},{"floor":27,"key":"Potion Belt"}],"event_choices":[{"damage_healed":0.0,"max_hp_gain":0.0,"max_hp_loss":0.0,"gold_gain":0.0,"event_name":"Big Fish","player_choice":"Box","floor":2.0,"gold_loss":0.0,"damage_taken":0.0,"relics_obtained":["Mercury Hourglass"],"cards_obtained":["Regret"]},{"cards_removed":["Regret"],"damage_healed":0,"gold_gain":0,"player_choice":"Forget","damage_taken":0,"max_hp_gain":0,"max_hp_loss":0,"event_name":"Living Wall","floor":3,"gold_loss":0},{"damage_healed":0,"gold_gain":0,"cards_transformed":["Strike_R"],"player_choice":"Transformed","damage_taken":0,"max_hp_gain":0,"max_hp_loss":0,"event_name":"Transmorgrifier","floor":12,"gold_loss":0,"cards_obtained":["Rampage"]},{"damage_healed":0,"gold_gain":0,"player_choice":"3 cards matched","damage_taken":0,"max_hp_gain":0,"max_hp_loss":0,"event_name":"Match and Keep!","floor":20,"gold_loss":0,"cards_obtained":["Bash","Finesse","Dropkick"]},{"damage_healed":0,"gold_gain":200,"player_choice":"Gold","damage_taken":0,"max_hp_gain":0,"max_hp_loss":0,"event_name":"Wheel of Change","floor":31,"gold_loss":0}],"is_beta":false,"boss_relics":[{"not_picked":["Fusion Hammer","Lizard Tail"],"picked":"Ectoplasm"}],"items_purged_floors":[30],"is_endless":false,"potions_floor_spawned":[1,4,16,24,27,29],"killed_by":"Champ","ascension_level":14}