{"gold_per_floor":[109,184,33,50,200,200,212,212,265,296,44,44,57,87,87,87],"floor_reached":16,"playtime":406,"items_purged":["Shame","Doubt"],"score":211,"play_id":"650d24b9-77fa-4141-ac37-0c84f104381e","local_time":"20190527011020","is_ascension_mode":true,"campfire_choices":[{"data":"Whirlwind","floor":6,"key":"SMITH"},{"data":"Bash","floor":8,"key":"SMITH"},{"floor":15,"key":"REST"}],"neow_cost":"CURSE","seed_source_timestamp":121975919993981,"circlet_count":0,"master_deck":["AscendersBane","Strike_R","Strike_R","Strike_R","Strike_R","Strike_R","Defend_R","Defend_R","Defend_R","Defend_R","Bash+1","Twin Strike","Whirlwind+1","Battle Trance","Flame Barrier"],"relics":["Burning Blood","Prayer Wheel","Centennial Puzzle","MawBank","Anchor","Lantern","Ornamental Fan"],"potions_floor_usage":[10,14],"damage_taken":[{"damage":12,"enemies":"Cultist","floor":1,"turns":4},{"damage":4,"enemies":"Small Slimes","floor":4,"turns":3},{"damage":0,"enemies":"2 Louse","floor":7,"turns":2},{"damage":33,"enemies":"3 Sentries","floor":10,"turns":7},{"damage":0,"enemies":"Gremlin Gang","floor":13,"turns":3},{"damage":29,"enemies":"Lagavulin","floor":14,"turns":6},{"damage":44,"enemies":"The Guardian","floor":16,"turns":7}],"seed_played":"-2304418588667530507","potions_obtained":[{"floor":1,"key":"Dexterity Potion"},{"floor":4,"key":"SpeedPotion"},{"floor":10,"key":"AttackPotion"}],"is_trial":false,"path_per_floor":["M","?","$","M","?","R","M","R","T","E","$","?","M","E","R","B"],"character_chosen":"IRONCLAD","items_purchased":["Whirlwind","Anchor"],"campfire_rested":1,"item_purchase_floors":[3,11],"current_hp_per_floor":[62,51,51,53,53,53,59,59,59,32,32,32,38,15,37,0],"gold":87,"neow_bonus":"ONE_RARE_RELIC","is_prod":false,"is_daily":false,"chose_seed":false,"campfire_upgraded":2,"win_rate":0,"timestamp":1558941020,"path_taken":["M","?","$","M","?","R","M","R","T","E","$","?","M","E","R","BOSS"],"build_version":"2019-01-23","purchased_purges":2,"victory":false,"max_hp_per_floor":[75,75,75,75,75,75,75,75,75,75,75,75,75,75,75,75],"card_choices":[{"not_picked":["Rage","True Grit"],"picked":"Twin Strike","floor":1},{"not_picked":["Armaments","Clothesline","Evolve"],"picked":"SKIP","floor":1},{"not_picked":["Anger","Pummel"],"picked":"Battle Trance","floor":4},{"not_picked":["Body Slam","Pommel Strike","Rage"],"picked":"SKIP","floor":4},{"not_picked":["Cleave","Clash","Rupture"],"picked":"SKIP","floor":7},{"not_picked":["Evolve","Anger","Flex"],"picked":"SKIP","floor":7},{"not_picked":["Anger","Wild Strike","Reaper"],"picked":"SKIP","floor":10},{"not_picked":["Clash","Searing Blow"],"picked":"Flame Barrier","floor":13},{"not_picked":["Heavy Blade","Pommel Strike","Anger"],"picked":"SKIP","floor":13},{"not_picked":["Hemokinesis","Flex","Berserk"],"picked":"SKIP","floor":14}],"player_experience":630075,"relics_obtained":[{"floor":9,"key":"Centennial Puzzle"},{"floor":10,"key":"MawBank"},{"floor":14,"key":"Ornamental Fan"}],"event_choices":[{"damage_healed":0,"gold_gain":75,"player_choice":"Gather Gold","damage_taken":11,"max_hp_gain":0,"max_hp_loss":0,"event_name":"World of Goop","floor":2,"gold_loss":0},{"damage_healed":0,"gold_gain":150,"player_choice":"AGREE","damage_taken":0,"max_hp_gain":0,"max_hp_loss":0,"event_name":"Liars Game","floor":5,"gold_loss":0,"cards_obtained":["Doubt"]},{"damage_healed":0,"gold_gain":0,"player_choice":"Gave Potion","damage_taken":0,"relics_obtained":["Lantern"],"max_hp_gain":0,"max_hp_loss":0,"event_name":"WeMeetAgain","floor":12,"gold_loss":0}],"is_beta":false,"boss_relics":[],"items_purged_floors":[3,11],"is_endless":false,"potions_floor_spawned":[1,4,10],"killed_by":"The Guardian","ascension_level":19}