{"gold_per_floor":[20,88,105,105,123,123,156,156,156,156],"floor_reached":10,"playtime":1402,"items_purged":[],"score":116,"play_id":"8893483f-b085-4d90-80f2-1650045a4cbc","local_time":"20190520204842","is_ascension_mode":true,"campfire_choices":[{"data":"Genetic Algorithm","floor":6,"key":"SMITH"},{"floor":8,"key":"REST"}],"neow_cost":"NO_GOLD","seed_source_timestamp":105709258172600,"circlet_count":0,"master_deck":["AscendersBane","Strike_B","Strike_B","Defend_B","Defend_B","Defend_B","Defend_B","Zap","Dualcast","Genetic Algorithm+1","Meteor Strike","Gash","Reboot","Beam Cell","Steam Power"],"special_seed":0,"relics":["Cracked Core","Nunchaku","Sundial","Matryoshka"],"potions_floor_usage":[],"damage_taken":[{"damage":10.0,"enemies":"Small Slimes","floor":1.0,"turns":4.0},{"damage":5.0,"enemies":"2 Louse","floor":3.0,"turns":3.0},{"damage":1.0,"enemies":"Cultist","floor":5.0,"turns":3.0},{"damage":38,"enemies":"Lagavulin","floor":7,"turns":9},{"damage":44,"enemies":"Gremlin Nob","floor":10,"turns":4}],"seed_played":"-5507481419001622242","potions_obtained":[{"floor":1.0,"key":"PowerPotion"},{"floor":5,"key":"LiquidBronze"}],"is_trial":false,"path_per_floor":["M","?","M","?","M","R","E","R","T","E"],"character_chosen":"DEFECT","items_purchased":[],"campfire_rested":1,"item_purchase_floors":[],"current_hp_per_floor":[54,54,49,49,48,48,10,31,31,0],"gold":156,"neow_bonus":"TRANSFORM_TWO_CARDS","is_prod":false,"is_daily":false,"chose_seed":false,"campfire_upgraded":1,"win_rate":0,"timestamp":1558406922,"path_taken":["M","?","M","?","M","R","E","R","T","E"],"build_version":"2019-01-23","purchased_purges":0,"victory":false,"max_hp_per_floor":[71,71,71,71,71,71,71,71,71,71],"card_choices":[{"not_picked":["Darkness","Compile Driver"],"picked":"Gash","floor":1.0},{"not_picked":["Ball Lightning","Double Energy"],"picked":"Reboot","floor":3.0},{"not_picked":["Double Energy","Stack"],"picked":"Beam Cell","floor":5},{"not_picked":["Auto Shields","Cold Snap"],"picked":"Steam Power","floor":7}],"player_experience":749927,"relics_obtained":[{"floor":7,"key":"Sundial"},{"floor":9,"key":"Matryoshka"}],"event_choices":[{"damage_healed":0.0,"max_hp_gain":0.0,"max_hp_loss":0.0,"gold_gain":68.0,"event_name":"Golden Wing","player_choice":"Gained Gold","floor":2.0,"gold_loss":0.0,"damage_taken":0.0},{"damage_healed":0.0,"max_hp_gain":0.0,"max_hp_loss":0.0,"gold_gain":0.0,"event_name":"WeMeetAgain","player_choice":"Gave Potion","floor":4.0,"gold_loss":0.0,"damage_taken":0.0,"relics_obtained":["Nunchaku"]}],"is_beta":false,"boss_relics":[],"items_purged_floors":[],"is_endless":false,"potions_floor_spawned":[1,5],"killed_by":"Gremlin Nob","ascension_level":15}