{"gold_per_floor":[116,41,56,56,71,115,115,139,139,182,174,200,212,224,236,248],"floor_reached":16,"playtime":695,"items_purged":[],"score":220,"play_id":"d3a3cfbc-f33e-4388-934c-8c81d9d1acdc","local_time":"20190402021301","is_ascension_mode":true,"campfire_choices":[{"floor":7,"key":"REST"},{"floor":13,"key":"REST"},{"data":"Crippling Poison","floor":15,"key":"SMITH"}],"neow_cost":"TEN_PERCENT_HP_LOSS","seed_source_timestamp":363809056263207,"circlet_count":0,"master_deck":["AscendersBane","Defend_G","Defend_G","Defend_G","Defend_G","Defend_G","Strike_G","Strike_G","Strike_G","Survivor","Neutralize","PiercingWail","Dash","Leg Sweep","Crippling Poison+1","After Image","Poisoned Stab+1","Flying Knee+1","Skewer+1"],"relics":["Ring of the Snake","Golden Idol","Molten Egg 2","Dodecahedron","MawBank"],"potions_floor_usage":[6,6,10,16,16],"damage_taken":[{"damage":3,"enemies":"Jaw Worm","floor":1,"turns":7},{"damage":2,"enemies":"Cultist","floor":3,"turns":5},{"damage":0,"enemies":"2 Louse","floor":5,"turns":3},{"damage":39,"enemies":"Lagavulin","floor":6,"turns":9},{"damage":0,"enemies":"Looter","floor":8,"turns":5},{"damage":16,"enemies":"Gremlin Nob","floor":10,"turns":5},{"damage":7,"enemies":"3 Louse","floor":12,"turns":4},{"damage":19,"enemies":"Hexaghost","floor":16,"turns":13}],"seed_played":"4162853410453886962","potions_obtained":[{"floor":3,"key":"SteroidPotion"},{"floor":5,"key":"Fire Potion"},{"floor":6,"key":"Ancient Potion"},{"floor":10,"key":"Block Potion"},{"floor":11,"key":"SpeedPotion"}],"is_trial":false,"path_per_floor":["M","$","M","?","M","E","R","M","T","E","?","M","R","?","R","B"],"character_chosen":"THE_SILENT","items_purchased":["Leg Sweep"],"campfire_rested":2,"item_purchase_floors":[2],"current_hp_per_floor":[56,56,54,54,54,15,31,31,31,15,15,8,24,17,17,0],"gold":248,"neow_bonus":"TRANSFORM_TWO_CARDS","is_prod":false,"is_daily":false,"chose_seed":false,"campfire_upgraded":1,"win_rate":0,"timestamp":1554192781,"path_taken":["M","$","M","?","M","E","R","M","T","E","?","?","R","?","R","BOSS"],"build_version":"2019-01-23","purchased_purges":0,"victory":false,"max_hp_per_floor":[60,60,60,54,54,54,54,54,54,54,54,54,54,54,54,54],"card_choices":[{"not_picked":["Sucker Punch","Outmaneuver"],"picked":"Dash","floor":1},{"not_picked":["Deadly Poison","Expertise"],"picked":"Crippling Poison","floor":3},{"not_picked":["Terror","Cloak And Dagger"],"picked":"After Image","floor":5},{"not_picked":["Sucker Punch","Quick Slash"],"picked":"Poisoned Stab","floor":6},{"not_picked":["Endless Agony+1","Leg Sweep"],"picked":"Flying Knee+1","floor":8},{"not_picked":["Endless Agony+1","Blade Dance","Predator+1"],"picked":"SKIP","floor":10},{"not_picked":["Dagger Throw+1","Dagger Spray+1"],"picked":"Skewer+1","floor":12}],"player_experience":420322,"relics_obtained":[{"floor":6,"key":"Molten Egg 2"},{"floor":9,"key":"Dodecahedron"},{"floor":10,"key":"MawBank"}],"event_choices":[{"damage_healed":0,"gold_gain":0,"player_choice":"Lose Max HP","damage_taken":0,"relics_obtained":["Golden Idol"],"max_hp_gain":0,"max_hp_loss":6,"event_name":"Golden Idol","floor":4,"gold_loss":0},{"damage_healed":0,"gold_gain":0,"player_choice":"Bought 1 Potion","damage_taken":0,"max_hp_gain":0,"max_hp_loss":0,"event_name":"The Woman in Blue","floor":11,"gold_loss":0},{"cards_removed":["Storm of Steel"],"damage_healed":0,"gold_gain":0,"player_choice":"Card Removal","damage_taken":7,"max_hp_gain":0,"max_hp_loss":0,"event_name":"Golden Wing","floor":14,"gold_loss":0}],"is_beta":false,"boss_relics":[],"items_purged_floors":[],"is_endless":false,"potions_floor_spawned":[3,5,6,10],"killed_by":"Hexaghost","ascension_level":20}