{"gold_per_floor":[116,36,111,111,121,153,153,163,187,187,198,227,227,246,246,323,323,342,12,23,23,23],"floor_reached":22,"playtime":931,"items_purged":["Accuracy"],"score":438,"play_id":"b16d6caf-e608-497b-8423-dcebac01cea6","local_time":"20190404000153","is_ascension_mode":true,"campfire_choices":[{"data":"Crippling Poison","floor":7,"key":"SMITH"},{"data":"Well Laid Plans","floor":10,"key":"SMITH"},{"floor":13,"key":"REST"},{"data":"Catalyst","floor":15,"key":"SMITH"}],"neow_cost":"NONE","seed_source_timestamp":528505506823976,"circlet_count":0,"master_deck":["AscendersBane","Survivor","Neutralize","Crippling Poison+1","Well Laid Plans+1","Backflip","Deadly Poison","Poisoned Stab","Catalyst+1","Glass Knife","Envenom","Leg Sweep","Quick Slash","Prepared","Finisher","Burst","Grand Finale","Dagger Spray"],"relics":["Ring of the Snake","NeowsBlessing","Lantern","Bag of Preparation","The Courier","Pandora\u0027s Box","FossilizedHelix"],"potions_floor_usage":[12,12,12,16],"damage_taken":[{"damage":0,"enemies":"Small Slimes","floor":1,"turns":1},{"damage":0,"enemies":"Jaw Worm","floor":5,"turns":1},{"damage":0,"enemies":"Gremlin Nob","floor":6,"turns":1},{"damage":3,"enemies":"Cultist","floor":8,"turns":4},{"damage":6,"enemies":"Blue Slaver","floor":11,"turns":4},{"damage":25,"enemies":"Lagavulin","floor":12,"turns":5},{"damage":8,"enemies":"Looter","floor":14,"turns":3},{"damage":5,"enemies":"The Guardian","floor":16,"turns":8},{"damage":21,"enemies":"3 Byrds","floor":18,"turns":3},{"damage":24,"enemies":"2 Thieves","floor":20,"turns":4},{"damage":23,"enemies":"Cultist and Chosen","floor":22,"turns":5}],"seed_played":"-4746196073652270480","potions_obtained":[{"floor":4,"key":"EntropicBrew"},{"floor":4,"key":"SpeedPotion"},{"floor":11,"key":"SkillPotion"},{"floor":12,"key":"LiquidBronze"},{"floor":14,"key":"FearPotion"}],"is_trial":false,"path_per_floor":["M","$","?","?","M","E","R","M","T","R","M","E","R","M","R","B",null,"M","$","M","?","M"],"character_chosen":"THE_SILENT","items_purchased":["Well Laid Plans","FossilizedHelix"],"campfire_rested":1,"item_purchase_floors":[2,19],"current_hp_per_floor":[59,59,48,48,48,48,48,45,45,45,39,14,33,25,25,20,55,34,34,10,10,0],"gold":23,"neow_bonus":"THREE_ENEMY_KILL","is_prod":false,"is_daily":false,"chose_seed":false,"campfire_upgraded":3,"win_rate":0,"timestamp":1554357713,"path_taken":["M","$","?","?","M","E","R","M","T","R","M","E","R","M","R","BOSS","M","$","?","?","M"],"build_version":"2019-01-23","purchased_purges":1,"victory":false,"max_hp_per_floor":[66,66,66,66,66,66,66,66,66,66,66,66,66,66,66,66,66,66,66,66,66,66],"card_choices":[{"not_picked":["Underhanded Strike","Endless Agony"],"picked":"Crippling Poison","floor":1},{"not_picked":["Outmaneuver","Calculated Gamble"],"picked":"Backflip","floor":5},{"not_picked":["Blur","Well Laid Plans","Outmaneuver"],"picked":"SKIP","floor":6},{"not_picked":["Underhanded Strike","Dagger Spray"],"picked":"Deadly Poison","floor":8},{"not_picked":["Deflect","Escape Plan"],"picked":"Poisoned Stab","floor":11},{"not_picked":["Escape Plan","Predator"],"picked":"Catalyst","floor":12},{"not_picked":["Flying Knee","Concentrate","Dagger Spray"],"picked":"SKIP","floor":14},{"not_picked":["Bullet Time","Doppelganger"],"picked":"Glass Knife","floor":16},{"not_picked":["Reflex","Quick Slash","Deflect+1"],"picked":"SKIP","floor":18},{"not_picked":["Dodge and Roll","Deflect","Caltrops"],"picked":"SKIP","floor":20}],"player_experience":433412,"relics_obtained":[{"floor":6,"key":"Lantern"},{"floor":9,"key":"Bag of Preparation"},{"floor":12,"key":"The Courier"}],"event_choices":[{"damage_healed":0,"gold_gain":75,"player_choice":"Gather Gold","damage_taken":11,"max_hp_gain":0,"max_hp_loss":0,"event_name":"World of Goop","floor":3,"gold_loss":0},{"damage_healed":0,"gold_gain":0,"player_choice":"Got Potions","damage_taken":0,"max_hp_gain":0,"max_hp_loss":0,"event_name":"Lab","floor":4,"gold_loss":0},{"cards_removed":["Setup"],"damage_healed":0,"gold_gain":0,"player_choice":"Elegance","damage_taken":0,"max_hp_gain":0,"max_hp_loss":0,"event_name":"Back to Basics","floor":21,"gold_loss":0}],"is_beta":false,"boss_relics":[{"not_picked":["Runic Dome","Tiny House"],"picked":"Pandora\u0027s Box"}],"items_purged_floors":[19],"is_endless":false,"potions_floor_spawned":[11,12,14],"killed_by":"Cultist and Chosen","ascension_level":20}