{"gold_per_floor":[111,261,186,52,67,94,94,124,172,172,183,183,209,124,124,124],"floor_reached":16,"playtime":345,"items_purged":[],"score":282,"play_id":"3eec4dbd-0305-4050-b71b-b4ae1e6d9db3","local_time":"20190402005347","is_ascension_mode":true,"campfire_choices":[{"data":"Noxious Fumes","floor":7,"key":"SMITH"},{"floor":10,"key":"REST"},{"floor":15,"key":"REST"}],"neow_cost":"NONE","seed_source_timestamp":359404417154703,"circlet_count":0,"master_deck":["AscendersBane","Defend_G","Defend_G","Defend_G","Defend_G","Defend_G","Strike_G","Strike_G","Strike_G","Strike_G","Strike_G","Survivor","Neutralize","Dagger Throw","Noxious Fumes+1","Poisoned Stab","PiercingWail","Footwork","Caltrops"],"relics":["Ring of the Snake","NeowsBlessing","Omamori","Bag of Marbles","Boot","PreservedInsect"],"potions_floor_usage":[13],"damage_taken":[{"damage":0,"enemies":"Small Slimes","floor":1,"turns":1},{"damage":0,"enemies":"Jaw Worm","floor":5,"turns":1},{"damage":0,"enemies":"3 Sentries","floor":6,"turns":1},{"damage":56,"enemies":"Gremlin Nob","floor":8,"turns":5},{"damage":1,"enemies":"Cultist","floor":11,"turns":3},{"damage":24,"enemies":"Lagavulin","floor":13,"turns":7},{"damage":40,"enemies":"The Guardian","floor":16,"turns":9}],"seed_played":"-1974453574222340168","potions_obtained":[{"floor":11,"key":"EssenceOfSteel"}],"is_trial":false,"path_per_floor":["M","?","?","$","M","E","R","E","T","R","M","?","E","$","R","B"],"character_chosen":"THE_SILENT","items_purchased":["Noxious Fumes","Poisoned Stab","Caltrops"],"campfire_rested":2,"item_purchase_floors":[4,4,14],"current_hp_per_floor":[59,59,59,59,59,59,59,3,3,22,21,43,19,19,38,0],"gold":124,"neow_bonus":"THREE_ENEMY_KILL","is_prod":false,"is_daily":false,"chose_seed":false,"campfire_upgraded":1,"win_rate":0,"timestamp":1554188027,"path_taken":["M","?","?","$","M","E","R","E","T","R","M","?","E","?","R","BOSS"],"build_version":"2019-01-23","purchased_purges":0,"victory":false,"max_hp_per_floor":[66,66,66,66,66,66,66,66,66,66,66,66,66,66,66,66],"card_choices":[{"not_picked":["Deflect","Backflip"],"picked":"Dagger Throw","floor":1},{"not_picked":["Prepared","Bane","Outmaneuver"],"picked":"SKIP","floor":5},{"not_picked":["Terror","Noxious Fumes"],"picked":"PiercingWail","floor":6},{"not_picked":["Dagger Throw","Night Terror","Deadly Poison"],"picked":"SKIP","floor":8},{"not_picked":["Bouncing Flask","Cloak And Dagger"],"picked":"Footwork","floor":11},{"not_picked":["Dodge and Roll","PiercingWail","Poisoned Stab"],"picked":"SKIP","floor":13}],"player_experience":416199,"relics_obtained":[{"floor":6,"key":"Omamori"},{"floor":8,"key":"Bag of Marbles"},{"floor":9,"key":"Boot"},{"floor":13,"key":"PreservedInsect"}],"event_choices":[{"damage_healed":0,"gold_gain":150,"player_choice":"AGREE","damage_taken":0,"max_hp_gain":0,"max_hp_loss":0,"event_name":"Liars Game","floor":2,"gold_loss":0,"cards_obtained":["Doubt"]},{"cards_removed":["Doubt"],"damage_healed":0,"gold_gain":0,"player_choice":"Card Removal","damage_taken":0,"max_hp_gain":0,"max_hp_loss":0,"event_name":"The Cleric","floor":3,"gold_loss":75},{"damage_healed":22,"gold_gain":0,"player_choice":"Banana","damage_taken":0,"max_hp_gain":0,"max_hp_loss":0,"event_name":"Big Fish","floor":12,"gold_loss":0}],"is_beta":false,"boss_relics":[],"items_purged_floors":[],"is_endless":false,"potions_floor_spawned":[11],"killed_by":"The Guardian","ascension_level":20}