{"gold_per_floor":[114,125,125,51,63,63,97,97,97,113,127,155,155,182,182,285,285,297,297,297,315,315,315,346,346,346,357,377,410,335,154,154,255,255,272,283,85,140,140,165,165,176,176,176,21,21,56,70,70,70],"floor_reached":51,"playtime":3025,"items_purged":["Strike_B","Defend_B"],"score":1185,"play_id":"1d86929c-b72a-4577-8975-9ad959747598","local_time":"20190609003452","is_ascension_mode":true,"campfire_choices":[{"data":"Zap","floor":6.0,"key":"SMITH"},{"data":"Creative AI","floor":8.0,"key":"SMITH"},{"floor":15.0,"key":"REST"},{"floor":23.0,"key":"REST"},{"floor":25.0,"key":"REST"},{"floor":32,"key":"REST"},{"data":"Machine Learning","floor":41,"key":"SMITH"},{"data":"Ghostly","floor":46,"key":"SMITH"},{"data":"Dualcast","floor":49,"key":"SMITH"}],"neow_cost":"NONE","seed_source_timestamp":0,"circlet_count":0,"master_deck":["Defend_B","Defend_B","Defend_B","Zap+1","Dualcast+1","Auto Shields","Streamline","Ball Lightning","Creative AI+1","Conserve Battery","Machine Learning+1","Compile Driver","Core Surge","Ghostly+1","Ghostly","Ghostly","Ghostly","Ghostly","Go for the Eyes+1","Cold Snap+1","Ball Lightning","Echo Form","Finesse","Glacier+1"],"special_seed":0,"relics":["FrozenCore","Juzu Bracelet","Turnip","Mercury Hourglass","Bottled Lightning","Regal Pillow","MutagenicStrength","Nilry\u0027s Codex","Happy Flower","Pen Nib","Bag of Preparation","Coffee Dripper","FossilizedHelix","Matryoshka","Dream Catcher","Question Card","Bronze Scales","Oddly Smooth Stone"],"potions_floor_usage":[29,29,33,38,38,38],"damage_taken":[{"damage":1.0,"enemies":"Jaw Worm","floor":1.0,"turns":4.0},{"damage":1.0,"enemies":"Cultist","floor":2.0,"turns":4.0},{"damage":0.0,"enemies":"2 Louse","floor":5.0,"turns":2.0},{"damage":16.0,"enemies":"Gremlin Nob","floor":7.0,"turns":3.0},{"damage":0.0,"enemies":"2 Fungi Beasts","floor":10.0,"turns":3.0},{"damage":0.0,"enemies":"Blue Slaver","floor":11.0,"turns":3.0},{"damage":4.0,"enemies":"3 Sentries","floor":12.0,"turns":5.0},{"damage":19.0,"enemies":"Lagavulin","floor":14.0,"turns":8.0},{"damage":0.0,"enemies":"Slime Boss","floor":16.0,"turns":5.0},{"damage":2.0,"enemies":"Chosen","floor":18.0,"turns":7.0},{"damage":14.0,"enemies":"3 Byrds","floor":21.0,"turns":6.0},{"damage":13.0,"enemies":"Book of Stabbing","floor":24.0,"turns":7.0},{"damage":0,"enemies":"Sentry and Sphere","floor":27,"turns":5},{"damage":0,"enemies":"Snake Plant","floor":28,"turns":7},{"damage":14,"enemies":"Gremlin Leader","floor":29,"turns":7},{"damage":9,"enemies":"Automaton","floor":33,"turns":11},{"damage":0,"enemies":"3 Shapes","floor":35,"turns":5},{"damage":0,"enemies":"Orb Walker","floor":36,"turns":4},{"damage":0,"enemies":"2 Orb Walkers","floor":38,"turns":8},{"damage":0,"enemies":"Nemesis","floor":40,"turns":15},{"damage":0,"enemies":"3 Darklings","floor":42,"turns":4},{"damage":0,"enemies":"Reptomancer","floor":47,"turns":8},{"damage":0,"enemies":"Transient","floor":48,"turns":5},{"damage":21,"enemies":"Awakened One","floor":50,"turns":16}],"seed_played":"4279121804445922243","potions_obtained":[{"floor":1.0,"key":"Weak Potion"},{"floor":7.0,"key":"AttackPotion"},{"floor":11.0,"key":"PowerPotion"},{"floor":18.0,"key":"AttackPotion"},{"floor":27,"key":"Explosive Potion"},{"floor":33,"key":"GamblersBrew"},{"floor":35,"key":"FearPotion"},{"floor":38,"key":"Energy Potion"}],"is_trial":false,"path_per_floor":["M","M","?","$","M","R","E","R","T","M","M","E","?","E","R","B",null,"M","?","?","M","?","R","E","R","T","M","M","E","?","$","R","B",null,"M","M","$","?","?","E","R","M","T","?","$","R","E","M","R","B",null],"character_chosen":"DEFECT","items_purchased":["Streamline","Fire Potion","Fire Potion","Ball Lightning","EntropicBrew","Bronze Scales"],"campfire_rested":4,"item_purchase_floors":[4,4,31,31,37,45],"current_hp_per_floor":[67,66,66,66,66,66,50,50,50,50,50,46,39,20,57,57,71,69,69,37,23,7,33,20,37,37,37,37,23,23,23,37,28,35,35,35,35,35,35,35,35,35,35,35,35,35,35,35,35,14],"gold":70,"neow_bonus":"RANDOM_COMMON_RELIC","is_prod":false,"is_daily":false,"chose_seed":false,"campfire_upgraded":5,"win_rate":0,"timestamp":1560062092,"path_taken":["M","M","?","?","M","R","E","R","T","M","M","E","?","E","R","BOSS","M","?","?","M","?","R","E","R","T","M","M","E","?","$","R","BOSS","M","M","$","?","?","E","R","M","T","?","?","R","E","M","R","BOSS"],"build_version":"2019-01-23","purchased_purges":2,"victory":true,"max_hp_per_floor":[75,75,75,75,75,75,75,75,75,75,75,75,75,75,75,75,75,75,75,37,37,37,37,37,37,37,37,37,37,37,37,37,37,37,37,37,37,37,37,37,37,37,37,35,35,35,35,35,35,35],"card_choices":[{"not_picked":["Aggregate","Hologram"],"picked":"Auto Shields","floor":1.0},{"not_picked":["Lockon","Rebound","Consume"],"picked":"SKIP","floor":2.0},{"not_picked":["Tempest","Streamline"],"picked":"Ball Lightning","floor":5.0},{"not_picked":["Hologram","Stack"],"picked":"Creative AI","floor":7.0},{"not_picked":["Beam Cell","Sweeping Beam","Hologram"],"picked":"SKIP","floor":10.0},{"not_picked":["Leap","Sweeping Beam"],"picked":"Conserve Battery","floor":11.0},{"not_picked":["Doom and Gloom","Barrage"],"picked":"Machine Learning","floor":12.0},{"not_picked":["Streamline","FTL"],"picked":"Compile Driver","floor":14.0},{"not_picked":["Amplify","Fission"],"picked":"Core Surge","floor":16.0},{"not_picked":["Stack","Turbo","Fusion"],"picked":"SKIP","floor":18.0},{"not_picked":["Scrape","Hello World+1"],"picked":"Go for the Eyes+1","floor":21.0},{"not_picked":["Conserve Battery","Thunder Strike","Lockon"],"picked":"SKIP","floor":24.0},{"not_picked":["Sunder","Turbo+1","Cold Snap+1"],"picked":"SKIP","floor":27},{"not_picked":["Redo","Aggregate","Turbo+1"],"picked":"SKIP","floor":28},{"not_picked":["Beam Cell","Rebound","Cold Snap+1"],"picked":"SKIP","floor":29},{"not_picked":["Beam Cell","Rebound"],"picked":"Cold Snap+1","floor":29},{"not_picked":["Thunder Strike","Rainbow"],"picked":"Echo Form","floor":33},{"not_picked":["Turbo+1","Steam+1","Sweeping Beam"],"picked":"SKIP","floor":35},{"not_picked":["Double Energy","Turbo+1","Consume+1"],"picked":"SKIP","floor":36},{"not_picked":["Blind","Panacea"],"picked":"Finesse","floor":39},{"not_picked":["Recycle","Coolheaded+1","Beam Cell+1"],"picked":"SKIP","floor":40},{"not_picked":["Compile Driver","Coolheaded+1"],"picked":"Glacier+1","floor":42},{"not_picked":["Darkness","Tempest","Reprogram","Barrage"],"picked":"SKIP","floor":47},{"not_picked":["Creative AI","Hello World","Rebound+1","Stack"],"picked":"SKIP","floor":48}],"player_experience":707900,"relics_obtained":[{"floor":7.0,"key":"Turnip"},{"floor":9.0,"key":"Mercury Hourglass"},{"floor":12.0,"key":"Bottled Lightning"},{"floor":14.0,"key":"Regal Pillow"},{"floor":22.0,"key":"Nilry\u0027s Codex"},{"floor":24.0,"key":"Happy Flower"},{"floor":26.0,"key":"Pen Nib"},{"floor":29,"key":"Bag of Preparation"},{"floor":38,"key":"FossilizedHelix"},{"floor":40,"key":"Matryoshka"},{"floor":43,"key":"Dream Catcher"},{"floor":43,"key":"Question Card"},{"floor":47,"key":"Oddly Smooth Stone"}],"event_choices":[{"cards_removed":["Strike_B"],"damage_healed":0.0,"max_hp_gain":0.0,"max_hp_loss":0.0,"gold_gain":0.0,"event_name":"Bonfire Elementals","player_choice":"Offered Basic","floor":3.0,"gold_loss":0.0,"damage_taken":0.0},{"cards_removed":["Strike_B"],"damage_healed":0.0,"max_hp_gain":0.0,"max_hp_loss":0.0,"gold_gain":0.0,"event_name":"Golden Wing","player_choice":"Card Removal","floor":13.0,"gold_loss":0.0,"damage_taken":7.0},{"damage_healed":0.0,"max_hp_gain":0.0,"max_hp_loss":0.0,"gold_gain":0.0,"event_name":"Drug Dealer","player_choice":"Inject Mutagens","floor":19.0,"gold_loss":0.0,"damage_taken":0.0,"relics_obtained":["MutagenicStrength"]},{"damage_healed":0.0,"max_hp_gain":0.0,"max_hp_loss":38.0,"gold_gain":0.0,"event_name":"Ghosts","player_choice":"Became a Ghost","floor":20.0,"gold_loss":0.0,"damage_taken":0.0,"cards_obtained":["Ghostly","Ghostly","Ghostly","Ghostly","Ghostly"]},{"damage_healed":0.0,"max_hp_gain":0.0,"max_hp_loss":0.0,"gold_gain":0.0,"event_name":"Cursed Tome","player_choice":"Obtained Book","floor":22.0,"gold_loss":0.0,"damage_taken":16.0},{"cards_removed":["Strike_B"],"damage_healed":0,"gold_gain":0,"player_choice":"Gave Gold","damage_taken":0,"max_hp_gain":0,"max_hp_loss":0,"event_name":"Beggar","floor":30,"gold_loss":75},{"damage_healed":0,"gold_gain":0,"player_choice":"Fight","damage_taken":0,"max_hp_gain":0,"max_hp_loss":0,"event_name":"Mysterious Sphere","floor":38,"gold_loss":0},{"damage_healed":0,"gold_gain":0,"player_choice":"Memory 1","damage_taken":0,"max_hp_gain":0,"max_hp_loss":0,"event_name":"SensoryStone","floor":39,"gold_loss":0},{"damage_healed":0,"gold_gain":0,"player_choice":"Max HP","damage_taken":0,"max_hp_gain":0,"max_hp_loss":2,"event_name":"Winding Halls","floor":44,"gold_loss":0}],"is_beta":false,"boss_relics":[{"not_picked":["Runic Dome","Calling Bell"],"picked":"FrozenCore"},{"not_picked":["Eternal Feather","Lizard Tail"],"picked":"Coffee Dripper"}],"items_purged_floors":[31,37],"is_endless":false,"potions_floor_spawned":[1,7,11,18,27,28,33,35,38,42],"ascension_level":8}