{"gold_per_floor":[214,30,42,57,57,86,86,56,56,134,134],"floor_reached":11,"playtime":303,"items_purged":[],"score":75,"play_id":"4c17a264-5ae0-4049-b7a4-99009527e220","local_time":"20180629130245","is_ascension_mode":true,"campfire_choices":[{"data":"Consume","floor":7,"key":"SMITH"}],"neow_cost":"NONE","seed_source_timestamp":29261170835219,"circlet_count":0,"master_deck":["Strike_B","Strike_B","Strike_B","Strike_B","Defend_B","Defend_B","Defend_B","Defend_B","Zap","Dualcast","Cold Snap","Defragment","Fission","Cold Snap","Defragment","Consume+1","Consume"],"relics":["Cracked Core","Ice Cream","Darkstone Periapt","Prayer Wheel","Tiny Chest"],"potions_floor_usage":[],"damage_taken":[{"damage":1,"enemies":"Cultist","floor":1,"turns":4},{"damage":1,"enemies":"2 Louse","floor":3,"turns":3},{"damage":8,"enemies":"Jaw Worm","floor":4,"turns":4},{"damage":24,"enemies":"Gremlin Nob","floor":6,"turns":5},{"damage":12,"enemies":"Looter","floor":8,"turns":4},{"damage":26,"enemies":"Lots of Slimes","floor":11,"turns":2}],"seed_played":"-488149108414776270","potions_obtained":[{"floor":1,"key":"Dexterity Potion"},{"floor":3,"key":"Weak Potion"},{"floor":6,"key":"Energy Potion"}],"is_trial":false,"path_per_floor":["M","$","M","M","?","E","R","M","T","T"],"character_chosen":"DEFECT","items_purchased":["Defragment","Fission"],"campfire_rested":0,"item_purchase_floors":[2,2],"current_hp_per_floor":[74,74,73,65,62,38,38,26,26,26,0],"gold":134,"neow_bonus":"HUNDRED_GOLD","is_prod":false,"is_daily":false,"chose_seed":false,"campfire_upgraded":1,"win_rate":0,"timestamp":1530241365,"path_taken":["M","$","?","M","?","E","R","?","T","?","?"],"build_version":"2018-06-28","purchased_purges":0,"victory":false,"max_hp_per_floor":[75,75,75,75,75,75,75,75,75,75,75],"card_choices":[{"not_picked":["Reprogram","Coolheaded"],"picked":"Cold Snap","floor":1},{"not_picked":["Darkness","Stack"],"picked":"Cold Snap","floor":3},{"not_picked":["Leap","Go for the Eyes"],"picked":"Defragment","floor":4},{"not_picked":["Barrage","Rainbow"],"picked":"Consume","floor":6},{"not_picked":["Streamline","Compile Driver"],"picked":"Consume","floor":8}],"player_experience":73500,"relics_obtained":[{"floor":6,"key":"Darkstone Periapt"},{"floor":9,"key":"Prayer Wheel"},{"floor":10,"key":"Tiny Chest"}],"event_choices":[{"event_name":"Scrap Ooze","player_choice":"success","floor":5,"damage_taken":3}],"boss_relics":[],"items_purged_floors":[],"is_endless":false,"potions_floor_spawned":[1,3,6],"killed_by":"Lots of Slimes","ascension_level":1}