{"gold_per_floor":[111,111,111,76,90,90,116,116,116,12,12,45,70,98,110,226,238,265,277,289,311,323,363,375,11,11,0,0,30,30,43,43,140,140,157,172,172,186,205,205,205,231,281,312,312,56,75,87,87,87],"floor_reached":51,"playtime":2282,"items_purged":["Strike_G"],"score":776,"play_id":"47f1f55c-7d39-493d-ac1c-447f702133b5","local_time":"20190606150801","is_ascension_mode":false,"campfire_choices":[{"data":"Quick Slash","floor":6.0,"key":"SMITH"},{"data":"Sucker Punch","floor":8.0,"key":"SMITH"},{"data":"Cloak And Dagger","floor":15.0,"key":"SMITH"},{"floor":24.0,"key":"REST"},{"floor":32.0,"key":"REST"},{"floor":40.0,"key":"REST"},{"floor":45.0,"key":"REST"},{"floor":49,"key":"REST"}],"neow_cost":"NONE","seed_source_timestamp":4371199230923094,"circlet_count":0,"master_deck":["Defend_G","Defend_G","Defend_G","Defend_G","Defend_G","Strike_G","Strike_G","Strike_G","Survivor","Neutralize","Sucker Punch+1","Quick Slash+1","Leg Sweep","Noxious Fumes+1","Blur","Dagger Spray","Cloak And Dagger+1","Quick Slash","Glass Knife+1","PiercingWail+1","Footwork","Poisoned Stab","Wraith Form v2","PiercingWail+1","Noxious Fumes","Dodge and Roll+1","Well Laid Plans","Noxious Fumes","Slice"],"special_seed":0,"relics":["Ring of the Snake","NeowsBlessing","Omamori","Juzu Bracelet","Snake Skull","MawBank","Runic Dome","Boot","Regal Pillow","Turnip","Unceasing Top","Letter Opener","Sozu","Bronze Scales","Ancient Tea Set","Mercury Hourglass","Lantern"],"potions_floor_usage":[],"damage_taken":[{"damage":0.0,"enemies":"Jaw Worm","floor":1.0,"turns":1.0},{"damage":0.0,"enemies":"2 Louse","floor":5.0,"turns":1.0},{"damage":0.0,"enemies":"3 Sentries","floor":7.0,"turns":1.0},{"damage":15.0,"enemies":"Lagavulin","floor":12.0,"turns":6.0},{"damage":0.0,"enemies":"Cultist","floor":13.0,"turns":4.0},{"damage":0.0,"enemies":"Blue Slaver","floor":14.0,"turns":4.0},{"damage":8.0,"enemies":"Slime Boss","floor":16.0,"turns":9.0},{"damage":0.0,"enemies":"Chosen","floor":18.0,"turns":5.0},{"damage":14.0,"enemies":"Spheric Guardian","floor":21.0,"turns":4.0},{"damage":25.0,"enemies":"Slavers","floor":23.0,"turns":5.0},{"damage":19.0,"enemies":"Gremlin Leader","floor":29.0,"turns":6.0},{"damage":0.0,"enemies":"Cultist and Chosen","floor":31.0,"turns":6.0},{"damage":37.0,"enemies":"Collector","floor":33.0,"turns":9.0},{"damage":1.0,"enemies":"3 Darklings","floor":35.0,"turns":6.0},{"damage":7.0,"enemies":"3 Shapes","floor":36.0,"turns":4.0},{"damage":6.0,"enemies":"Jaw Worm Horde","floor":38.0,"turns":5.0},{"damage":22.0,"enemies":"Transient","floor":39.0,"turns":5.0},{"damage":11.0,"enemies":"Nemesis","floor":42.0,"turns":7.0},{"damage":36.0,"enemies":"Giant Head","floor":44.0,"turns":11.0},{"damage":13,"enemies":"Sphere and 2 Shapes","floor":47,"turns":5},{"damage":0,"enemies":"4 Shapes","floor":48,"turns":4},{"damage":62,"enemies":"Awakened One","floor":50,"turns":16}],"seed_played":"-3657653682096155763","potions_obtained":[{"floor":1.0,"key":"FairyPotion"},{"floor":7.0,"key":"SteroidPotion"},{"floor":13.0,"key":"Explosive Potion"},{"floor":21.0,"key":"Dexterity Potion"},{"floor":23.0,"key":"Dexterity Potion"},{"floor":29.0,"key":"SkillPotion"}],"is_trial":false,"path_per_floor":["M","?","?","?","M","R","E","R","T","$","$","E","M","M","R","B",null,"M","?","?","M","T","E","R","$","T","?","?","E","?","M","R","B",null,"M","M","?","M","M","R","?","E","T","E","R","$","M","M","R","B",null],"character_chosen":"THE_SILENT","items_purchased":["Noxious Fumes","Blur","Footwork","Turnip","Lantern","Noxious Fumes"],"campfire_rested":5,"item_purchase_floors":[10,10,25,25,46,46],"current_hp_per_floor":[70,37,37,54,54,54,54,54,54,54,54,39,39,39,39,31,70,70,70,70,56,56,31,67,67,67,67,67,48,48,48,70,33,70,69,62,62,56,34,70,66,55,55,19,53,53,40,40,66,4],"gold":87,"neow_bonus":"THREE_ENEMY_KILL","is_prod":false,"is_daily":false,"chose_seed":false,"campfire_upgraded":3,"win_rate":0,"timestamp":1559848081,"path_taken":["M","?","?","?","?","R","E","R","T","?","$","E","M","M","R","BOSS","M","?","?","M","?","E","R","$","T","?","?","E","?","M","R","BOSS","M","M","?","M","M","R","?","E","T","E","R","$","M","M","R","BOSS"],"build_version":"2019-01-23","purchased_purges":1,"victory":true,"max_hp_per_floor":[70,70,70,70,70,70,70,70,70,70,70,70,70,70,70,70,70,70,70,70,70,70,70,70,70,70,70,70,70,70,70,70,70,70,70,70,70,70,70,70,66,66,66,66,66,66,66,66,66,66],"card_choices":[{"not_picked":["Flechettes","Acrobatics"],"picked":"Sucker Punch","floor":1.0},{"not_picked":["PiercingWail","Dagger Throw"],"picked":"Quick Slash","floor":5.0},{"not_picked":["Flechettes","Sucker Punch"],"picked":"Leg Sweep","floor":7.0},{"not_picked":["Leg Sweep","PiercingWail"],"picked":"Dagger Spray","floor":12.0},{"not_picked":["Flying Knee","Dagger Throw"],"picked":"Cloak And Dagger","floor":13.0},{"not_picked":["Finisher","Prepared"],"picked":"Quick Slash","floor":14.0},{"not_picked":["Venomology","Storm of Steel"],"picked":"Glass Knife","floor":16.0},{"not_picked":["Caltrops","Flying Knee","Prepared"],"picked":"SKIP","floor":18.0},{"not_picked":["Dagger Throw+1","Outmaneuver"],"picked":"PiercingWail+1","floor":21.0},{"not_picked":["Prepared","Blur","Quick Slash+1"],"picked":"SKIP","floor":23.0},{"not_picked":["Leg Sweep+1","Skewer","Bane"],"picked":"SKIP","floor":29.0},{"not_picked":["Endless Agony+1","Prepared","Heel Hook"],"picked":"SKIP","floor":31.0},{"not_picked":["Venomology","A Thousand Cuts"],"picked":"Wraith Form v2","floor":33.0},{"not_picked":["Poisoned Stab+1","Heel Hook"],"picked":"PiercingWail+1","floor":35.0},{"not_picked":["Dagger Spray+1","Footwork+1"],"picked":"Noxious Fumes","floor":36.0},{"not_picked":["Accuracy","Flying Knee"],"picked":"Dodge and Roll+1","floor":38.0},{"not_picked":["Acrobatics","PiercingWail","Blade Dance"],"picked":"SKIP","floor":39.0},{"not_picked":["Glass Knife","Poisoned Stab"],"picked":"Well Laid Plans","floor":42.0},{"not_picked":["Expertise","Endless Agony","Dagger Throw+1"],"picked":"SKIP","floor":44.0},{"not_picked":["Blade Dance","Dagger Spray+1","Infinite Blades+1"],"picked":"SKIP","floor":47},{"not_picked":["Finisher","Riddle With Holes+1"],"picked":"Slice","floor":48}],"player_experience":185960,"relics_obtained":[{"floor":7.0,"key":"Juzu Bracelet"},{"floor":9.0,"key":"Snake Skull"},{"floor":12.0,"key":"MawBank"},{"floor":22.0,"key":"Boot"},{"floor":23.0,"key":"Regal Pillow"},{"floor":26.0,"key":"Unceasing Top"},{"floor":29.0,"key":"Letter Opener"},{"floor":42.0,"key":"Bronze Scales"},{"floor":43.0,"key":"Ancient Tea Set"},{"floor":44.0,"key":"Mercury Hourglass"}],"event_choices":[{"damage_healed":0.0,"max_hp_gain":0.0,"max_hp_loss":0.0,"gold_gain":0.0,"event_name":"Scrap Ooze","player_choice":"Success","floor":2.0,"gold_loss":0.0,"damage_taken":33.0,"relics_obtained":["Omamori"]},{"damage_healed":0.0,"max_hp_gain":0.0,"max_hp_loss":0.0,"gold_gain":0.0,"event_name":"Liars Game","player_choice":"Ignored","floor":3.0,"gold_loss":0.0,"damage_taken":0.0},{"damage_healed":17.0,"max_hp_gain":0.0,"max_hp_loss":0.0,"gold_gain":0.0,"event_name":"The Cleric","player_choice":"Healed","floor":4.0,"gold_loss":35.0,"damage_taken":0.0},{"damage_healed":0.0,"max_hp_gain":0.0,"max_hp_loss":0.0,"gold_gain":0.0,"event_name":"Accursed Blacksmith","player_choice":"Forge","floor":19.0,"gold_loss":0.0,"damage_taken":0.0,"cards_upgraded":["Noxious Fumes"]},{"damage_healed":0.0,"max_hp_gain":0.0,"max_hp_loss":0.0,"gold_gain":0.0,"event_name":"Upgrade Shrine","player_choice":"Upgraded","floor":20.0,"gold_loss":0.0,"damage_taken":0.0,"cards_upgraded":["Glass Knife"]},{"damage_healed":0.0,"max_hp_gain":0.0,"max_hp_loss":0.0,"gold_gain":0.0,"event_name":"Masked Bandits","player_choice":"Paid Fearfully","floor":27.0,"gold_loss":11.0,"damage_taken":0.0},{"damage_healed":0.0,"max_hp_gain":0.0,"max_hp_loss":0.0,"gold_gain":0.0,"cards_transformed":["Strike_G"],"event_name":"Transmorgrifier","player_choice":"Transformed","floor":28.0,"gold_loss":0.0,"damage_taken":0.0,"cards_obtained":["Poisoned Stab"]},{"damage_healed":0.0,"max_hp_gain":0.0,"max_hp_loss":0.0,"gold_gain":0.0,"event_name":"Match and Keep!","player_choice":"0 cards matched","floor":30.0,"gold_loss":0.0,"damage_taken":0.0,"cards_obtained":[]},{"damage_healed":0.0,"max_hp_gain":0.0,"max_hp_loss":0.0,"gold_gain":0.0,"event_name":"SensoryStone","player_choice":"Memory 1","floor":37.0,"gold_loss":0.0,"damage_taken":0.0},{"damage_healed":0.0,"max_hp_gain":0.0,"max_hp_loss":4.0,"gold_gain":0.0,"event_name":"Winding Halls","player_choice":"Max HP","floor":41.0,"gold_loss":0.0,"damage_taken":0.0}],"is_beta":false,"boss_relics":[{"not_picked":["Astrolabe","Busted Crown"],"picked":"Runic Dome"},{"not_picked":["Eternal Feather","Ring of the Serpent"],"picked":"Sozu"}],"items_purged_floors":[46],"is_endless":false,"potions_floor_spawned":[1,7,13,21,23,29,42,47,48],"ascension_level":0}