{"gold_per_floor":[115,49,68,68,81,81,92,120,175,175,195,195,195,211,211,304,304,327,60,60,76,126,126,126],"floor_reached":24,"playtime":517,"items_purged":[],"score":382,"play_id":"a69cc009-a5f9-4681-b25e-713e2fce5fc5","local_time":"20190527000617","is_ascension_mode":true,"campfire_choices":[{"data":"Pommel Strike","floor":6,"key":"SMITH"},{"data":"Cleave","floor":12,"key":"SMITH"},{"data":"Uppercut","floor":15,"key":"SMITH"},{"data":"Demon Form","floor":23,"key":"SMITH"}],"neow_cost":"NONE","seed_source_timestamp":118020702326728,"circlet_count":0,"master_deck":["AscendersBane","Strike_R","Strike_R","Strike_R","Strike_R","Strike_R","Defend_R","Defend_R","Defend_R","Defend_R","Bash+1","Pommel Strike+1","Cleave+1","Uppercut+1","Demon Form+1","Inflame+1"],"relics":["Black Blood","NeowsBlessing","Meat on the Bone","Bag of Preparation","Happy Flower","Golden Idol","Matryoshka"],"potions_floor_usage":[8,16],"damage_taken":[{"damage":0,"enemies":"2 Louse","floor":1,"turns":1},{"damage":0,"enemies":"Cultist","floor":3,"turns":1},{"damage":0,"enemies":"Small Slimes","floor":5,"turns":1},{"damage":16,"enemies":"3 Louse","floor":7,"turns":4},{"damage":30,"enemies":"3 Sentries","floor":8,"turns":8},{"damage":11,"enemies":"Blue Slaver","floor":11,"turns":4},{"damage":24,"enemies":"Large Slime","floor":14,"turns":5},{"damage":41,"enemies":"The Guardian","floor":16,"turns":13},{"damage":12,"enemies":"Chosen","floor":18,"turns":5},{"damage":50,"enemies":"Spheric Guardian","floor":21,"turns":6},{"damage":29,"enemies":"Slavers","floor":24,"turns":1}],"seed_played":"-6415578225153725234","potions_obtained":[{"floor":1,"key":"AttackPotion"},{"floor":3,"key":"LiquidBronze"},{"floor":7,"key":"Fire Potion"},{"floor":8,"key":"Weak Potion"},{"floor":16,"key":"Fire Potion"}],"is_trial":false,"path_per_floor":["M","?","M","$","M","R","M","E","T","?","M","R","?","M","R","B",null,"M","$","?","M","?","R","E"],"character_chosen":"IRONCLAD","items_purchased":["Matryoshka"],"campfire_rested":0,"item_purchase_floors":[19],"current_hp_per_floor":[74,74,75,75,75,75,65,53,53,53,48,48,48,42,42,19,56,54,54,54,26,26,26,0],"gold":126,"neow_bonus":"THREE_ENEMY_KILL","is_prod":false,"is_daily":false,"chose_seed":false,"campfire_upgraded":4,"win_rate":0,"timestamp":1558937177,"path_taken":["M","?","?","$","M","R","M","E","T","?","M","R","?","M","R","BOSS","M","$","?","M","?","R","E"],"build_version":"2019-01-23","purchased_purges":0,"victory":false,"max_hp_per_floor":[75,75,75,75,75,75,75,75,75,68,68,68,68,68,68,68,68,68,68,68,68,68,68,68],"card_choices":[{"not_picked":["Blood for Blood","True Grit","Wild Strike"],"picked":"SKIP","floor":1},{"not_picked":["Feel No Pain","Body Slam","Second Wind"],"picked":"SKIP","floor":3},{"not_picked":["Headbutt","Thunderclap"],"picked":"Pommel Strike","floor":5},{"not_picked":["Heavy Blade","Clothesline","Headbutt"],"picked":"SKIP","floor":7},{"not_picked":["Shockwave","Dark Embrace"],"picked":"Cleave","floor":8},{"not_picked":["Headbutt","Twin Strike","Body Slam"],"picked":"SKIP","floor":11},{"not_picked":["Havoc","Perfected Strike"],"picked":"Uppercut","floor":14},{"not_picked":["Exhume","Immolate"],"picked":"Demon Form","floor":16},{"not_picked":["Intimidate","Wild Strike"],"picked":"Inflame+1","floor":18},{"not_picked":["Body Slam","Infernal Blade","Entrench"],"picked":"SKIP","floor":21}],"player_experience":626481,"relics_obtained":[{"floor":8,"key":"Bag of Preparation"},{"floor":9,"key":"Happy Flower"}],"event_choices":[{"damage_healed":0,"gold_gain":0,"player_choice":"Paid Gold","damage_taken":0,"relics_obtained":["Meat on the Bone"],"max_hp_gain":0,"max_hp_loss":0,"event_name":"WeMeetAgain","floor":2,"gold_loss":66},{"damage_healed":0,"gold_gain":0,"player_choice":"Lose Max HP","damage_taken":0,"relics_obtained":["Golden Idol"],"max_hp_gain":0,"max_hp_loss":7,"event_name":"Golden Idol","floor":10,"gold_loss":0},{"damage_healed":0,"gold_gain":0,"player_choice":"Grow","damage_taken":0,"max_hp_gain":0,"max_hp_loss":0,"event_name":"Living Wall","floor":13,"gold_loss":0,"cards_upgraded":["Bash"]},{"damage_healed":0,"gold_gain":0,"player_choice":"Ignored","damage_taken":0,"max_hp_gain":0,"max_hp_loss":0,"event_name":"Beggar","floor":20,"gold_loss":0},{"damage_healed":0,"gold_gain":50,"player_choice":"Stole From Cult","damage_taken":0,"max_hp_gain":0,"max_hp_loss":0,"event_name":"Nest","floor":22,"gold_loss":0}],"is_beta":false,"boss_relics":[{"not_picked":["Snecko Eye","Pandora\u0027s Box"],"picked":"Black Blood"}],"items_purged_floors":[],"is_endless":false,"potions_floor_spawned":[1,3,7,8,16],"killed_by":"Slavers","ascension_level":19}