{"gold_per_floor":[15,15,39,39,39,39,73,73,73,148,125,140,105,119,119,243,243,267,267,285,57,91,91,103,103],"floor_reached":25,"playtime":1746,"items_purged":[],"score":269,"play_id":"8db107dc-e3f4-425c-91f4-4f5f5bdbf637","local_time":"20190124135022","is_ascension_mode":true,"campfire_choices":[{"floor":6.0,"key":"REST"},{"data":"Zap","floor":8.0,"key":"SMITH"},{"floor":15.0,"key":"REST"},{"floor":23,"key":"REST"}],"neow_cost":"NO_GOLD","seed_source_timestamp":0,"circlet_count":0,"master_deck":["Strike_B","Strike_B+1","Strike_B","Strike_B","Defend_B","Defend_B+1","Defend_B+1","Defend_B+1","Zap+1","Dualcast","Doom and Gloom","Rebound","Redo","Coolheaded","Redo","Rainbow","Conserve Battery","Genetic Algorithm","Chill","Fission"],"special_seed":0,"relics":["Cracked Core","Bloody Idol","Girya","Orrery","War Paint","Red Mask"],"potions_floor_usage":[25],"damage_taken":[{"damage":13.0,"enemies":"Small Slimes","floor":1.0,"turns":4.0},{"damage":0.0,"enemies":"2 Louse","floor":3.0,"turns":1.0},{"damage":25.0,"enemies":"Lagavulin","floor":7.0,"turns":6.0},{"damage":9.0,"enemies":"Jaw Worm","floor":12.0,"turns":3.0},{"damage":9.0,"enemies":"2 Fungi Beasts","floor":14.0,"turns":3.0},{"damage":29.0,"enemies":"The Guardian","floor":16.0,"turns":10.0},{"damage":17.0,"enemies":"Chosen","floor":18.0,"turns":6.0},{"damage":12.0,"enemies":"3 Byrds","floor":20.0,"turns":5.0},{"damage":45,"enemies":"Masked Bandits","floor":22,"turns":6},{"damage":2,"enemies":"Snecko","floor":24,"turns":5},{"damage":52,"enemies":"Gremlin Leader","floor":25,"turns":8}],"seed_played":"4637905186741888487","potions_obtained":[{"floor":1.0,"key":"Block Potion"},{"floor":7.0,"key":"SneckoOil"},{"floor":16.0,"key":"SpeedPotion"},{"floor":24,"key":"Swift Potion"}],"is_trial":false,"path_per_floor":["M","?","M","?","$","R","E","R","T","?","$","M","?","M","R","B",null,"M","?","M","$","?","R","M","E"],"character_chosen":"DEFECT","items_purchased":["Redo","Fission","War Paint"],"campfire_rested":3,"item_purchase_floors":[11,21,21],"current_hp_per_floor":[69,47,47,29,29,55,30,30,30,19,19,10,32,23,49,20,72,55,55,48,48,8,34,37,0],"gold":103,"neow_bonus":"TWENTY_PERCENT_HP_BONUS","is_prod":false,"is_daily":false,"chose_seed":false,"campfire_upgraded":1,"win_rate":0,"timestamp":1548363022,"path_taken":["M","?","M","?","$","R","E","R","T","?","?","M","?","M","R","BOSS","M","?","M","$","?","R","M","E"],"build_version":"2019-01-23","purchased_purges":0,"victory":false,"max_hp_per_floor":[89,89,89,89,89,89,89,89,89,89,89,89,89,89,89,89,89,89,89,89,89,89,89,89,89],"card_choices":[{"not_picked":["Reprogram","Coolheaded"],"picked":"Doom and Gloom","floor":1.0},{"not_picked":["Force Field","Turbo","Fusion"],"picked":"SKIP","floor":3.0},{"not_picked":["Streamline","Amplify"],"picked":"Rebound","floor":7.0},{"not_picked":["Heatsinks","Leap"],"picked":"Coolheaded","floor":12.0},{"not_picked":["Heatsinks","Turbo"],"picked":"Redo","floor":14.0},{"not_picked":["Core Surge","Seek"],"picked":"Rainbow","floor":16.0},{"not_picked":["FTL","Reprogram"],"picked":"Conserve Battery","floor":17.0},{"not_picked":["Beam Cell","Reprogram"],"picked":"Genetic Algorithm","floor":18.0},{"not_picked":["Coolheaded","Beam Cell"],"picked":"Chill","floor":20.0},{"not_picked":["Gash","Sweeping Beam","Steam"],"picked":"SKIP","floor":24}],"player_experience":394752,"relics_obtained":[{"floor":7.0,"key":"Girya"},{"floor":22,"key":"Red Mask"}],"event_choices":[{"damage_healed":0.0,"max_hp_gain":0.0,"max_hp_loss":0.0,"gold_gain":0.0,"event_name":"Golden Idol","player_choice":"Take Damage","floor":2.0,"gold_loss":0.0,"damage_taken":22.0,"relics_obtained":["Golden Idol"]},{"damage_healed":0.0,"max_hp_gain":0.0,"max_hp_loss":0.0,"gold_gain":0.0,"event_name":"Shining Light","player_choice":"Entered Light","floor":4.0,"gold_loss":0.0,"damage_taken":18.0,"cards_upgraded":["Strike_B","Defend_B"]},{"damage_healed":0.0,"max_hp_gain":0.0,"max_hp_loss":0.0,"gold_gain":75.0,"event_name":"World of Goop","player_choice":"Gather Gold","floor":10.0,"gold_loss":0.0,"damage_taken":11.0},{"damage_healed":22.0,"max_hp_gain":0.0,"max_hp_loss":0.0,"gold_gain":0.0,"event_name":"The Cleric","player_choice":"Healed","floor":13.0,"gold_loss":35.0,"damage_taken":0.0},{"damage_healed":0.0,"max_hp_gain":0.0,"max_hp_loss":0.0,"gold_gain":0.0,"event_name":"Forgotten Altar","player_choice":"Gave Idol","floor":19.0,"relics_lost":["Golden Idol"],"gold_loss":0.0,"damage_taken":0.0,"relics_obtained":["Bloody Idol"]},{"damage_healed":0,"gold_gain":0,"player_choice":"Fought Bandits","damage_taken":0,"max_hp_gain":0,"max_hp_loss":0,"event_name":"Masked Bandits","floor":22,"gold_loss":0}],"is_beta":false,"boss_relics":[{"not_picked":["Coffee Dripper","Tiny House"],"picked":"Orrery"}],"items_purged_floors":[],"is_endless":false,"potions_floor_spawned":[1,7,16,24],"killed_by":"Gremlin Leader","ascension_level":7}