{"gold_per_floor":[109,128,145,145,95,95,95,106,130,130,150,150,165,194,194,290,290,302,302,58,68,87,87],"floor_reached":23,"playtime":845,"items_purged":[],"score":183,"play_id":"e6b485d1-1804-4818-99c2-e4b48802ad9b","local_time":"20190609202308","is_ascension_mode":false,"campfire_choices":[{"data":"Searing Blow","floor":6,"key":"SMITH"},{"data":"Searing Blow+1","floor":10,"key":"SMITH"},{"data":"Searing Blow+2","floor":12,"key":"SMITH"},{"floor":15,"key":"RECALL"}],"neow_cost":"NONE","seed_source_timestamp":28293115303668,"circlet_count":0,"master_deck":["Strike_R","Strike_R","Strike_R","Strike_R","Defend_R","Defend_R","Defend_R","Defend_R","Bash","Ghostly Armor","Cleave","Searing Blow+3","Battle Trance","Feed","Demon Form","Pommel Strike","Rage+1"],"relics":["Burning Blood","Happy Flower","Odd Mushroom","Black Star","MutagenicStrength","Pantograph"],"potions_floor_usage":[8,16,21,22,23,23],"damage_taken":[{"damage":1,"enemies":"Cultist","floor":1,"turns":3},{"damage":1,"enemies":"Jaw Worm","floor":2,"turns":3},{"damage":0,"enemies":"Small Slimes","floor":3,"turns":3},{"damage":12,"enemies":"Exordium Thugs","floor":8,"turns":6},{"damage":2,"enemies":"2 Fungi Beasts","floor":11,"turns":3},{"damage":1,"enemies":"Exordium Wildlife","floor":13,"turns":3},{"damage":5,"enemies":"The Mushroom Lair","floor":14,"turns":4},{"damage":56,"enemies":"Hexaghost","floor":16,"turns":11},{"damage":14,"enemies":"Spheric Guardian","floor":18,"turns":4},{"damage":30,"enemies":"3 Byrds","floor":21,"turns":6},{"damage":35,"enemies":"Shelled Parasite and Fungi","floor":22,"turns":7},{"damage":45,"enemies":"Gremlin Leader","floor":23,"turns":5}],"seed_played":"-8741433370427037655","potions_obtained":[{"floor":1,"key":"PowerPotion"},{"floor":3,"key":"PowerPotion"},{"floor":11,"key":"PowerPotion"},{"floor":13,"key":"Weak Potion"},{"floor":18,"key":"Regen Potion"},{"floor":21,"key":"Poison Potion"}],"is_trial":false,"path_per_floor":["M","M","M","?","?","R","$","M","T","R","M","R","M","?","R","B",null,"M","?","$","M","M","E"],"character_chosen":"IRONCLAD","items_purchased":["Pantograph"],"campfire_rested":0,"item_purchase_floors":[20],"current_hp_per_floor":[80,80,80,80,80,80,80,74,74,74,78,78,80,83,83,33,83,78,78,78,57,43,0],"gold":87,"neow_bonus":"RANDOM_COMMON_RELIC","is_prod":false,"is_daily":false,"chose_seed":false,"campfire_upgraded":3,"win_rate":0,"timestamp":1560075788,"path_taken":["M","M","M","?","?","R","$","M","T","R","M","R","?","?","R","BOSS","M","?","$","M","M","E"],"build_version":"2019-01-23","purchased_purges":0,"victory":false,"max_hp_per_floor":[80,80,80,80,80,80,80,80,80,80,80,80,80,83,83,83,83,86,86,86,89,89,89],"card_choices":[{"not_picked":["Cleave","Clothesline"],"picked":"Ghostly Armor","floor":1},{"not_picked":["Flex","Sword Boomerang"],"picked":"Cleave","floor":2},{"not_picked":["Headbutt","Havoc"],"picked":"Searing Blow","floor":3},{"not_picked":["Pummel","Second Wind"],"picked":"Battle Trance","floor":8},{"not_picked":["Infernal Blade","Perfected Strike","Body Slam"],"picked":"SKIP","floor":11},{"not_picked":["Thunderclap","Wild Strike"],"picked":"Feed","floor":13},{"not_picked":["Fiend Fire","Dark Embrace"],"picked":"Demon Form","floor":16},{"not_picked":["Sentinel+1","Power Through"],"picked":"Pommel Strike","floor":18},{"not_picked":["Infernal Blade","Havoc","Seeing Red"],"picked":"SKIP","floor":21},{"not_picked":["Pummel+1","Sentinel"],"picked":"Rage+1","floor":22}],"player_experience":155464,"relics_obtained":[{"floor":14,"key":"Odd Mushroom"}],"event_choices":[{"damage_healed":0,"gold_gain":0,"player_choice":"Ignored","damage_taken":0,"max_hp_gain":0,"max_hp_loss":0,"event_name":"Liars Game","floor":4,"gold_loss":0},{"cards_removed":["Strike_R"],"damage_healed":0,"gold_gain":0,"player_choice":"Card Removal","damage_taken":0,"max_hp_gain":0,"max_hp_loss":0,"event_name":"The Cleric","floor":5,"gold_loss":50},{"damage_healed":0,"gold_gain":0,"player_choice":"Fought Mushrooms","damage_taken":0,"max_hp_gain":0,"max_hp_loss":0,"event_name":"Mushrooms","floor":14,"gold_loss":0},{"damage_healed":0,"gold_gain":0,"player_choice":"Inject Mutagens","damage_taken":0,"relics_obtained":["MutagenicStrength"],"max_hp_gain":0,"max_hp_loss":0,"event_name":"Drug Dealer","floor":19,"gold_loss":0}],"is_beta":false,"boss_relics":[{"not_picked":["Busted Crown","Black Blood"],"picked":"Black Star"}],"items_purged_floors":[],"is_endless":false,"potions_floor_spawned":[1,3,11,13,18,21],"killed_by":"Gremlin Leader","ascension_level":0}