{"gold_per_floor":[118,41,41,16,30,30,58,58,58,58,75,87,1,17,17,90,90,102,102,119,99,99],"floor_reached":22,"playtime":938,"items_purged":[],"score":408,"play_id":"9c57372e-c123-4887-ba3e-384c186d7deb","local_time":"20190331000406","is_ascension_mode":true,"campfire_choices":[{"data":"Unload","floor":6,"key":"SMITH"},{"data":"Sucker Punch","floor":8,"key":"SMITH"},{"data":"Cloak And Dagger","floor":10,"key":"SMITH"},{"data":"Cloak And Dagger","floor":15,"key":"SMITH"}],"neow_cost":"NONE","seed_source_timestamp":183030244399066,"circlet_count":0,"master_deck":["AscendersBane","Defend_G","Defend_G","Defend_G","Defend_G","Defend_G","Strike_G","Strike_G","Strike_G","Strike_G","Survivor","Neutralize","Unload+1","Cloak And Dagger+1","Sucker Punch+1","Cloak And Dagger+1","Backflip","Footwork","RitualDagger","Backflip"],"relics":["Ring of the Snake","NeowsBlessing","Ornamental Fan","Letter Opener","Coffee Dripper"],"potions_floor_usage":[16,16,22],"damage_taken":[{"damage":0,"enemies":"2 Louse","floor":1,"turns":1},{"damage":0,"enemies":"Cultist","floor":5,"turns":1},{"damage":0,"enemies":"Lagavulin","floor":7,"turns":1},{"damage":2,"enemies":"Jaw Worm","floor":11,"turns":4},{"damage":1,"enemies":"3 Louse","floor":12,"turns":3},{"damage":4,"enemies":"Exordium Thugs","floor":14,"turns":5},{"damage":12,"enemies":"The Guardian","floor":16,"turns":14},{"damage":9,"enemies":"2 Thieves","floor":18,"turns":4},{"damage":8,"enemies":"3 Byrds","floor":20,"turns":5},{"damage":41,"enemies":"Cultist and Chosen","floor":22,"turns":6}],"seed_played":"5421208024143149400","potions_obtained":[{"floor":11,"key":"AttackPotion"},{"floor":12,"key":"FearPotion"},{"floor":16,"key":"Dexterity Potion"},{"floor":20,"key":"AttackPotion"}],"is_trial":false,"path_per_floor":["M","$","?","$","M","R","E","R","T","R","M","M","$","M","R","B",null,"M","?","M","?","M"],"character_chosen":"THE_SILENT","items_purchased":["Unload","Cloak And Dagger","Footwork"],"campfire_rested":0,"item_purchase_floors":[2,4,13],"current_hp_per_floor":[59,59,59,59,59,59,59,59,59,59,57,56,56,52,52,40,60,51,45,37,37,0],"gold":99,"neow_bonus":"THREE_ENEMY_KILL","is_prod":false,"is_daily":false,"chose_seed":false,"campfire_upgraded":4,"win_rate":0,"timestamp":1554012246,"path_taken":["M","$","?","$","?","R","E","R","T","R","M","M","$","M","R","BOSS","M","?","M","?","M"],"build_version":"2019-01-23","purchased_purges":0,"victory":false,"max_hp_per_floor":[66,66,66,66,66,66,66,66,66,66,66,66,66,66,66,66,66,66,66,66,66,66],"card_choices":[{"not_picked":["Dodge and Roll","Deadly Poison","Dagger Throw"],"picked":"SKIP","floor":1},{"not_picked":["Slice","Sucker Punch","Bane"],"picked":"SKIP","floor":5},{"not_picked":["Acrobatics","Masterful Stab"],"picked":"Sucker Punch","floor":7},{"not_picked":["Deflect","Acrobatics"],"picked":"Cloak And Dagger","floor":11},{"not_picked":["Dodge and Roll","Underhanded Strike"],"picked":"Backflip","floor":12},{"not_picked":["Setup","Concentrate","Cloak And Dagger"],"picked":"SKIP","floor":14},{"not_picked":["Sucker Punch","Quick Slash","Deflect"],"picked":"SKIP","floor":18},{"not_picked":["Prepared","Infinite Blades"],"picked":"Backflip","floor":20}],"player_experience":375534,"relics_obtained":[{"floor":7,"key":"Ornamental Fan"},{"floor":9,"key":"Letter Opener"}],"event_choices":[{"cards_removed":["Strike_G"],"damage_healed":0,"gold_gain":0,"player_choice":"Purged","damage_taken":0,"max_hp_gain":0,"max_hp_loss":0,"event_name":"Purifier","floor":3,"gold_loss":0},{"damage_healed":0,"gold_gain":0,"player_choice":"Joined the Cult","damage_taken":6,"max_hp_gain":0,"max_hp_loss":0,"event_name":"Nest","floor":19,"gold_loss":0,"cards_obtained":["RitualDagger"]},{"damage_healed":0,"gold_gain":0,"player_choice":"Bought 1 Potion","damage_taken":0,"max_hp_gain":0,"max_hp_loss":0,"event_name":"The Woman in Blue","floor":21,"gold_loss":0}],"is_beta":false,"boss_relics":[{"not_picked":["Eternal Feather","Snecko Eye"],"picked":"Coffee Dripper"}],"items_purged_floors":[],"is_endless":false,"potions_floor_spawned":[11,12,16,20],"killed_by":"Cultist and Chosen","ascension_level":19}