{"gold_per_floor":[119,294,294,310,327,358,358,392,392,392,422,422,434,448,448,546,546,534,534,534,553,294,294,323,333,333,313,313,330,330,359,359,460,490,501,251,266,123,139,139,14,14,38,51,83,83,100,111,111,111],"floor_reached":51,"playtime":2844,"items_purged":["Strike_G","Regret","Writhe"],"score":821,"play_id":"5860f7d0-b3cd-4b2a-bab7-75f52abf0675","local_time":"20190414140158","is_ascension_mode":true,"campfire_choices":[{"data":"Footwork","floor":7,"key":"SMITH"},{"data":"Blade Dance","floor":10,"key":"SMITH"},{"data":"Dodge and Roll","floor":12,"key":"SMITH"},{"floor":15,"key":"REST"},{"data":"Envenom","floor":23,"key":"SMITH"},{"data":"Mayhem","floor":28,"key":"SMITH"},{"data":"Distraction","floor":30,"key":"SMITH"},{"floor":32,"key":"REST"},{"data":"Noxious Fumes","floor":40,"key":"SMITH"},{"data":"Blade Dance","floor":46,"key":"SMITH"},{"floor":49,"key":"REST"}],"neow_cost":"NONE","seed_source_timestamp":8692826026419,"circlet_count":0,"master_deck":["Defend_G","Defend_G+1","Defend_G","Defend_G","Defend_G","Strike_G","Strike_G","Strike_G","Strike_G","Survivor","Neutralize","Dagger Spray","Slice","Blade Dance+1","Footwork+1","Backflip+1","Dodge and Roll+1","Slice","Crippling Poison","Envenom+1","Noxious Fumes+1","Blade Dance+1","Mayhem+1","Distraction+1","Deadly Poison+1","Clumsy","Slice+1","Distraction+1","Flying Knee","Endless Agony+1"],"relics":["Eternal Feather","Happy Flower","Question Card","Bottled Lightning","Matryoshka","Lizard Tail","MutagenicStrength","Ninja Scroll","Regal Pillow","Darkstone Periapt","Singing Bowl","Calling Bell","Tiny Chest","Sundial","Ice Cream","Art of War","Bronze Scales","Strawberry","Paper Crane","War Paint","Smiling Mask"],"potions_floor_usage":[6,8,14,16,18,25,31,45,50,50,50],"damage_taken":[{"damage":2,"enemies":"Small Slimes","floor":1,"turns":4},{"damage":1,"enemies":"Cultist","floor":4,"turns":5},{"damage":1,"enemies":"Jaw Worm","floor":5,"turns":4},{"damage":14,"enemies":"3 Sentries","floor":6,"turns":8},{"damage":29,"enemies":"Gremlin Nob","floor":8,"turns":6},{"damage":20,"enemies":"3 Sentries","floor":11,"turns":8},{"damage":11,"enemies":"3 Louse","floor":13,"turns":4},{"damage":1,"enemies":"Gremlin Gang","floor":14,"turns":5},{"damage":54,"enemies":"The Guardian","floor":16,"turns":26},{"damage":8,"enemies":"2 Thieves","floor":18,"turns":4},{"damage":8,"enemies":"Spheric Guardian","floor":21,"turns":6},{"damage":60,"enemies":"Slavers","floor":24,"turns":6},{"damage":4,"enemies":"Centurion and Healer","floor":25,"turns":6},{"damage":13,"enemies":"Snake Plant","floor":29,"turns":5},{"damage":31,"enemies":"Book of Stabbing","floor":31,"turns":6},{"damage":60,"enemies":"Champ","floor":33,"turns":12},{"damage":7,"enemies":"3 Shapes","floor":35,"turns":7},{"damage":4,"enemies":"Orb Walker","floor":37,"turns":2},{"damage":32,"enemies":"Maw","floor":39,"turns":8},{"damage":13,"enemies":"Writhing Mass","floor":44,"turns":7},{"damage":18,"enemies":"Giant Head","floor":45,"turns":9},{"damage":9,"enemies":"Jaw Worm Horde","floor":47,"turns":5},{"damage":16,"enemies":"Maw","floor":48,"turns":8},{"damage":42,"enemies":"Donu and Deca","floor":50,"turns":11}],"seed_played":"-891012669045497695","potions_obtained":[{"floor":5,"key":"Fire Potion"},{"floor":6,"key":"GhostInAJar"},{"floor":11,"key":"Regen Potion"},{"floor":13,"key":"Fire Potion"},{"floor":16,"key":"Explosive Potion"},{"floor":21,"key":"Energy Potion"},{"floor":27,"key":"EssenceOfSteel"},{"floor":29,"key":"Dexterity Potion"},{"floor":31,"key":"Fire Potion"},{"floor":35,"key":"Dexterity Potion"},{"floor":45,"key":"GhostInAJar"}],"is_trial":false,"path_per_floor":["M","?","?","M","M","E","R","E","T","R","E","R","M","M","R","B",null,"M","?","?","M","$","R","E","M","T","?","R","M","R","E","R","B",null,"M","$","M","?","M","R","$","T","T","M","E","R","M","M","R","B",null],"character_chosen":"THE_SILENT","items_purchased":["Mayhem","Art of War"],"campfire_rested":3,"item_purchase_floors":[22,36],"current_hp_per_floor":[68,68,68,67,66,52,61,32,32,41,21,30,19,18,51,12,70,62,62,49,41,41,53,34,30,30,30,42,29,44,15,68,10,97,90,90,86,86,54,72,72,79,79,68,50,68,61,47,110,68],"gold":111,"neow_bonus":"BOSS_RELIC","is_prod":false,"is_daily":false,"chose_seed":false,"campfire_upgraded":8,"win_rate":0,"timestamp":1555214518,"path_taken":["M","?","?","M","M","E","R","E","T","R","E","R","M","M","R","BOSS","M","?","?","M","$","R","E","M","T","?","R","M","R","E","R","BOSS","M","$","?","?","?","R","$","?","T","M","E","R","M","M","R","BOSS"],"build_version":"2019-01-23","purchased_purges":3,"victory":true,"max_hp_per_floor":[70,70,70,70,70,70,70,70,70,70,70,70,70,70,70,70,70,70,70,75,75,75,75,75,75,75,75,75,75,75,77,77,79,97,97,97,97,97,97,97,97,104,104,106,106,106,108,110,110,110],"card_choices":[{"not_picked":["Sucker Punch","Outmaneuver"],"picked":"Dagger Spray","floor":1},{"not_picked":["Expertise","Blur"],"picked":"Slice","floor":4},{"not_picked":["Dodge and Roll","Deadly Poison"],"picked":"Blade Dance","floor":5},{"not_picked":["Choke","Unload"],"picked":"Footwork","floor":6},{"not_picked":["Die Die Die","Calculated Gamble"],"picked":"Backflip","floor":8},{"not_picked":["Slice","Tactician","Outmaneuver"],"picked":"Dodge and Roll","floor":11},{"not_picked":["Deadly Poison","Reflex","Caltrops"],"picked":"Slice","floor":13},{"not_picked":["Acrobatics","Blade Dance","Blur"],"picked":"Crippling Poison","floor":14},{"not_picked":["After Image","Unload","Glass Knife"],"picked":"Envenom","floor":16},{"not_picked":["Eviscerate+1","Acrobatics","Quick Slash+1"],"picked":"Noxious Fumes","floor":18},{"not_picked":["Deflect","Backflip+1","Slice"],"picked":"Blade Dance","floor":21},{"not_picked":["Blade Dance","Skewer","Dodge and Roll"],"picked":"Distraction","floor":24},{"not_picked":["Dagger Spray","Dodge and Roll","Underhanded Strike","Deflect"],"picked":"SKIP","floor":25},{"not_picked":["Slice","Blade Dance","Caltrops"],"picked":"Deadly Poison+1","floor":29},{"not_picked":["Quick Slash","Storm of Steel","Calculated Gamble","Deflect"],"picked":"Singing Bowl","floor":31},{"not_picked":["Storm of Steel","Tools of the Trade","Venomology","Phantasmal Killer"],"picked":"Singing Bowl","floor":33},{"not_picked":["Poisoned Stab","Underhanded Strike+1","Blade Dance"],"picked":"Slice+1","floor":35},{"not_picked":["Eviscerate","Underhanded Strike+1","Quick Slash+1"],"picked":"Distraction+1","floor":37},{"not_picked":["Dagger Spray+1","PiercingWail","Dagger Throw+1"],"picked":"Flying Knee","floor":39},{"not_picked":["Dodge and Roll+1","Leg Sweep","Calculated Gamble","Slice"],"picked":"Singing Bowl","floor":44},{"not_picked":["Distraction","Phantasmal Killer","Skewer+1"],"picked":"Endless Agony+1","floor":45},{"not_picked":["Slice+1","Blur","Backflip+1","Blade Dance+1"],"picked":"Singing Bowl","floor":47},{"not_picked":["Deadly Poison","Dagger Spray","Bane","Blade Dance"],"picked":"Singing Bowl","floor":48}],"player_experience":132457,"relics_obtained":[{"floor":6,"key":"Happy Flower"},{"floor":8,"key":"Question Card"},{"floor":9,"key":"Bottled Lightning"},{"floor":11,"key":"Matryoshka"},{"floor":24,"key":"Ninja Scroll"},{"floor":26,"key":"Regal Pillow"},{"floor":26,"key":"Darkstone Periapt"},{"floor":31,"key":"Singing Bowl"},{"floor":34,"key":"Tiny Chest"},{"floor":34,"key":"Sundial"},{"floor":34,"key":"Ice Cream"},{"floor":42,"key":"Strawberry"},{"floor":42,"key":"Paper Crane"},{"floor":43,"key":"War Paint"},{"floor":45,"key":"Smiling Mask"}],"event_choices":[{"damage_healed":0,"gold_gain":175,"player_choice":"AGREE","damage_taken":0,"max_hp_gain":0,"max_hp_loss":0,"event_name":"Liars Game","floor":2,"gold_loss":0,"cards_obtained":["Doubt"]},{"cards_removed":["Doubt"],"damage_healed":0,"gold_gain":0,"player_choice":"Purged","damage_taken":0,"max_hp_gain":0,"max_hp_loss":0,"event_name":"Purifier","floor":3,"gold_loss":0},{"damage_healed":0,"gold_gain":0,"player_choice":"Inject Mutagens","damage_taken":0,"relics_obtained":["MutagenicStrength"],"max_hp_gain":0,"max_hp_loss":0,"event_name":"Drug Dealer","floor":19,"gold_loss":0},{"damage_healed":0,"gold_gain":0,"player_choice":"Shed Blood","damage_taken":18,"max_hp_gain":5,"max_hp_loss":0,"event_name":"Forgotten Altar","floor":20,"gold_loss":0},{"damage_healed":0,"gold_gain":0,"player_choice":"Bought 1 Potion","damage_taken":0,"max_hp_gain":0,"max_hp_loss":0,"event_name":"The Woman in Blue","floor":27,"gold_loss":0},{"damage_healed":0,"gold_gain":0,"player_choice":"Paid Gold","damage_taken":0,"relics_obtained":["Bronze Scales"],"max_hp_gain":0,"max_hp_loss":0,"event_name":"WeMeetAgain","floor":38,"gold_loss":143}],"is_beta":false,"boss_relics":[{"not_picked":["Runic Dome","Velvet Choker"],"picked":"Lizard Tail"},{"not_picked":["Snecko Eye","HoveringKite"],"picked":"Calling Bell"}],"items_purged_floors":[22,36,41],"is_endless":false,"potions_floor_spawned":[5,6,11,13,16,21,29,31,35,37,45],"ascension_level":1}