{"gold_per_floor":[110,110,110,35,55,89,99,99,123,135,135,135,135,166,166,266,266,278,2,15,35,35,35,64,75,75,75,92,92,92,125,125,223,223,235,254,69,69,0,32,32,132,181,191,23,23,50,67,67,67],"floor_reached":51,"playtime":5361,"items_purged":["Strike_B","Chaos"],"score":1147,"play_id":"9126283d-484d-45c6-815d-f4476ad21a33","local_time":"20190608020134","is_ascension_mode":true,"campfire_choices":[{"floor":8,"key":"REST"},{"floor":15,"key":"REST"},{"floor":23,"key":"RECALL"},{"floor":27,"key":"REST"},{"floor":29,"key":"REST"},{"floor":32,"key":"REST"},{"floor":41,"key":"REST"},{"floor":46,"key":"REST"},{"floor":49,"key":"DIG"}],"neow_cost":"NONE","seed_source_timestamp":792460472852645,"circlet_count":0,"master_deck":["AscendersBane","Defend_B","Defend_B+1","Defend_B","Self Repair","Gash","Reboot","Ball Lightning","Gash","Coolheaded","Buffer","Coolheaded","All For One","Cold Snap","White Noise","FTL","Glacier","Reboot","Gash","Consume","Gash","Apotheosis","Parasite","Electrodynamics"],"relics":["Cracked Core","Anchor","Blood Vial","Art of War","Fusion Hammer","Membership Card","Cables","Gremlin Horn","PreservedInsect","Inserter","DataDisk","Red Mask","Potion Belt","Torii","Strawberry","Bag of Preparation","Shovel","Symbiotic Virus"],"potions_floor_usage":[21,24,33,40,50],"damage_taken":[{"damage":0,"enemies":"2 Louse","floor":1,"turns":1},{"damage":0,"enemies":"Cultist","floor":5,"turns":3},{"damage":42,"enemies":"Gremlin Nob","floor":6,"turns":5},{"damage":0,"enemies":"Small Slimes","floor":7,"turns":3},{"damage":8,"enemies":"Blue Slaver","floor":10,"turns":3},{"damage":24,"enemies":"3 Sentries","floor":14,"turns":7},{"damage":45,"enemies":"The Guardian","floor":16,"turns":10},{"damage":0,"enemies":"Chosen","floor":18,"turns":4},{"damage":4,"enemies":"Shell Parasite","floor":20,"turns":5},{"damage":0,"enemies":"Centurion and Healer","floor":21,"turns":5},{"damage":40,"enemies":"Book of Stabbing","floor":24,"turns":6},{"damage":5,"enemies":"Snake Plant","floor":25,"turns":4},{"damage":4,"enemies":"Cultist and Chosen","floor":28,"turns":7},{"damage":32,"enemies":"Slavers","floor":31,"turns":6},{"damage":51,"enemies":"Automaton","floor":33,"turns":8},{"damage":3,"enemies":"Orb Walker","floor":35,"turns":3},{"damage":0,"enemies":"3 Shapes","floor":36,"turns":6},{"damage":2,"enemies":"Reptomancer","floor":40,"turns":7},{"damage":11,"enemies":"Mind Bloom Boss Battle","floor":42,"turns":8},{"damage":8,"enemies":"3 Darklings","floor":44,"turns":7},{"damage":9,"enemies":"Nemesis","floor":47,"turns":7},{"damage":1,"enemies":"Writhing Mass","floor":48,"turns":5},{"damage":50,"enemies":"Awakened One","floor":50,"turns":6}],"seed_played":"6733157769101787887","potions_obtained":[{"floor":1,"key":"SpeedPotion"},{"floor":5,"key":"Ancient Potion"},{"floor":7,"key":"Explosive Potion"},{"floor":14,"key":"GamblersBrew"},{"floor":21,"key":"SteroidPotion"},{"floor":33,"key":"SteroidPotion"},{"floor":36,"key":"GamblersBrew"},{"floor":47,"key":"Block Potion"}],"is_trial":false,"path_per_floor":["?","?","M","?","?","M","?","?","?","?","$"],"character_chosen":"DEFECT","items_purchased":["Membership Card","All For One","DataDisk","Gash","Consume","Apotheosis","Bag of Preparation"],"campfire_rested":7,"item_purchase_floors":[19,19,37,37,37,45,45],"current_hp_per_floor":[68,53,53,53,60,18,25,47,47,48,48,48,48,33,55,19,61,70,70,75,75,75,75,42,46,46,68,73,75,75,50,72,30,64,63,72,72,72,72,75,75,71,78,79,79,82,80,82,82,42],"gold":67,"neow_bonus":"REMOVE_CARD","is_prod":false,"is_daily":false,"chose_seed":false,"campfire_upgraded":0,"win_rate":0,"timestamp":1559988094,"path_taken":["M","?","?","$","M","E","?","R","T","M","?","?","$","E","R","BOSS","M","$","M","?","$","R","E","M","T","R","M","R","?","E","R","BOSS","M","M","$","?","?","E","R","?","T","M","?","R","E","M","R","BOSS"],"build_version":"2019-01-23","purchased_purges":2,"victory":true,"max_hp_per_floor":[75,75,75,75,75,75,75,75,75,75,75,75,75,75,75,75,75,75,75,75,75,75,75,75,75,75,75,75,75,75,75,75,75,75,75,75,75,75,75,75,75,75,82,82,82,82,82,82,82,82],"card_choices":[{"not_picked":["Darkness","Ball Lightning"],"picked":"Self Repair","floor":1},{"not_picked":["Leap","Sweeping Beam"],"picked":"Gash","floor":5},{"not_picked":["Leap","Doom and Gloom"],"picked":"Reboot","floor":6},{"not_picked":["Storm","Compile Driver"],"picked":"Ball Lightning","floor":7},{"not_picked":["Coolheaded","Steam"],"picked":"Gash","floor":10},{"not_picked":["Sweeping Beam","Steam"],"picked":"Coolheaded","floor":14},{"not_picked":["Hyperbeam","Fission"],"picked":"Buffer","floor":16},{"not_picked":["Ball Lightning","Tempest"],"picked":"Coolheaded","floor":18},{"not_picked":["Stack","Sweeping Beam","Chaos"],"picked":"SKIP","floor":20},{"not_picked":["Barrage","Recycle"],"picked":"Cold Snap","floor":21},{"not_picked":["Redo","Turbo+1","Static Discharge"],"picked":"SKIP","floor":24},{"not_picked":["Turbo","Double Energy","Compile Driver"],"picked":"SKIP","floor":25},{"not_picked":["Aggregate","Cold Snap"],"picked":"White Noise","floor":28},{"not_picked":["Streamline","Beam Cell"],"picked":"Glacier","floor":31},{"not_picked":["Multi-Cast","Buffer"],"picked":"Reboot","floor":33},{"not_picked":["Steam+1","Melter","Doom and Gloom"],"picked":"SKIP","floor":35},{"not_picked":["Streamline","Go for the Eyes","Redo+1"],"picked":"SKIP","floor":36},{"not_picked":["Rip and Tear","Steam Power"],"picked":"Gash","floor":40},{"not_picked":["Gash","Barrage","Rip and Tear+1"],"picked":"SKIP","floor":44},{"not_picked":["Genetic Algorithm+1","Rebound","Fusion+1"],"picked":"SKIP","floor":47},{"not_picked":["Streamline+1","Double Energy+1"],"picked":"Electrodynamics","floor":48}],"player_experience":345296,"relics_obtained":[{"floor":6,"key":"Anchor"},{"floor":9,"key":"Blood Vial"},{"floor":14,"key":"Art of War"},{"floor":24,"key":"Cables"},{"floor":26,"key":"Gremlin Horn"},{"floor":31,"key":"PreservedInsect"},{"floor":40,"key":"Potion Belt"},{"floor":42,"key":"Torii"},{"floor":43,"key":"Strawberry"},{"floor":47,"key":"Shovel"},{"floor":49,"key":"Symbiotic Virus"}],"event_choices":[{"damage_healed":0,"gold_gain":0,"player_choice":"Entered Light","damage_taken":15,"max_hp_gain":0,"max_hp_loss":0,"event_name":"Shining Light","floor":2,"gold_loss":0,"cards_upgraded":["Defend_B","Zap"]},{"damage_healed":0,"gold_gain":0,"player_choice":"Bought 0 Potions","damage_taken":0,"max_hp_gain":0,"max_hp_loss":0,"event_name":"The Woman in Blue","floor":3,"gold_loss":0},{"cards_removed":["Strike_B"],"damage_healed":0,"gold_gain":0,"player_choice":"Forget","damage_taken":0,"max_hp_gain":0,"max_hp_loss":0,"event_name":"Living Wall","floor":11,"gold_loss":0},{"cards_removed":["Strike_B"],"damage_healed":0,"gold_gain":0,"player_choice":"Purged","damage_taken":0,"max_hp_gain":0,"max_hp_loss":0,"event_name":"Purifier","floor":12,"gold_loss":0},{"damage_healed":0,"gold_gain":0,"cards_transformed":["Dualcast","Defend_B"],"player_choice":"Became Test Subject","damage_taken":0,"max_hp_gain":0,"max_hp_loss":0,"event_name":"Drug Dealer","floor":30,"gold_loss":0,"cards_obtained":["Chaos","FTL"]},{"cards_removed":["Zap"],"damage_healed":0,"gold_gain":0,"player_choice":"Removed Skill","damage_taken":0,"max_hp_gain":0,"max_hp_loss":0,"event_name":"Falling","floor":38,"gold_loss":0},{"damage_healed":0,"gold_gain":0,"player_choice":"Paid","damage_taken":0,"relics_obtained":["Red Mask"],"max_hp_gain":0,"max_hp_loss":0,"event_name":"Tomb of Lord Red Mask","floor":39,"gold_loss":69},{"damage_healed":0,"gold_gain":0,"player_choice":"Fight","damage_taken":0,"max_hp_gain":0,"max_hp_loss":0,"event_name":"MindBloom","floor":42,"gold_loss":0}],"is_beta":false,"boss_relics":[{"not_picked":["Philosopher\u0027s Stone","Orrery"],"picked":"Fusion Hammer"},{"not_picked":["Busted Crown","Tiny House"],"picked":"Inserter"}],"items_purged_floors":[4,37],"is_endless":false,"potions_floor_spawned":[1,5,7,14,18,20,21,33,36,47],"ascension_level":12}