{"gold_per_floor":[119,2,2,18,36,61,87,87,111,111],"floor_reached":10,"playtime":383,"items_purged":["Strike_G"],"score":129,"play_id":"e396bfe4-bc12-466d-ad58-0049ddf4c78e","local_time":"20190330215027","is_ascension_mode":true,"campfire_choices":[],"neow_cost":"NONE","seed_source_timestamp":175566470479594,"circlet_count":0,"master_deck":["AscendersBane","Defend_G","Defend_G","Defend_G","Defend_G","Defend_G","Strike_G","Strike_G","Strike_G","Strike_G","Survivor","Neutralize","Noxious Fumes","Well Laid Plans","Sucker Punch"],"relics":["Ring of the Snake","NeowsBlessing","Paper Crane","Matryoshka","Odd Mushroom","Ancient Tea Set","Potion Belt"],"potions_floor_usage":[6,7,10],"damage_taken":[{"damage":0,"enemies":"Cultist","floor":1,"turns":1},{"damage":0,"enemies":"Small Slimes","floor":4,"turns":1},{"damage":0,"enemies":"2 Louse","floor":5,"turns":1},{"damage":47,"enemies":"Lagavulin","floor":6,"turns":9},{"damage":26,"enemies":"The Mushroom Lair","floor":7,"turns":6},{"damage":7,"enemies":"Large Slime","floor":10,"turns":6}],"seed_played":"-6379869067933262218","potions_obtained":[{"floor":5,"key":"Swift Potion"},{"floor":6,"key":"Regen Potion"},{"floor":7,"key":"SkillPotion"}],"is_trial":false,"path_per_floor":["M","$","T","M","M","E","?","?","T","M"],"character_chosen":"THE_SILENT","items_purchased":["Noxious Fumes"],"campfire_rested":0,"item_purchase_floors":[2],"current_hp_per_floor":[59,59,59,59,59,12,1,1,1,0],"gold":111,"neow_bonus":"THREE_ENEMY_KILL","is_prod":false,"is_daily":false,"chose_seed":false,"campfire_upgraded":0,"win_rate":0,"timestamp":1554004227,"path_taken":["M","$","?","?","M","E","?","?","T","M"],"build_version":"2019-01-23","purchased_purges":1,"victory":false,"max_hp_per_floor":[66,66,66,66,66,66,66,66,66,66],"card_choices":[{"not_picked":["Outmaneuver","Deflect","Dodge and Roll"],"picked":"SKIP","floor":1},{"not_picked":["Outmaneuver","Dagger Throw"],"picked":"Well Laid Plans","floor":4},{"not_picked":["Underhanded Strike","Flying Knee","Dagger Spray"],"picked":"SKIP","floor":5},{"not_picked":["Deadly Poison","Outmaneuver"],"picked":"Sucker Punch","floor":6}],"player_experience":368339,"relics_obtained":[{"floor":3,"key":"Paper Crane"},{"floor":6,"key":"Matryoshka"},{"floor":7,"key":"Odd Mushroom"},{"floor":9,"key":"Ancient Tea Set"},{"floor":9,"key":"Potion Belt"}],"event_choices":[{"damage_healed":0,"gold_gain":0,"player_choice":"Fought Mushrooms","damage_taken":0,"max_hp_gain":0,"max_hp_loss":0,"event_name":"Mushrooms","floor":7,"gold_loss":0},{"damage_healed":0,"gold_gain":0,"player_choice":"Ignored","damage_taken":0,"max_hp_gain":0,"max_hp_loss":0,"event_name":"Liars Game","floor":8,"gold_loss":0}],"is_beta":false,"boss_relics":[],"items_purged_floors":[2],"is_endless":false,"potions_floor_spawned":[5,6,7],"killed_by":"Large Slime","ascension_level":19}