{"path_per_floor":["M","M","?","?","M","R","M","R","T","M","E","M","E","?","R","B",null,"M","M","?","?","$","R","E","R","T","R","$","$","?","M","R","B",null,"M","?","?","?","M","R"],"character_chosen":"DEFECT","items_purchased":["Capacitor","Amplify+1","Thread and Needle","Coolheaded+1"],"gold_per_floor":[112,132,207,207,226,226,240,240,240,255,290,308,342,398,398,499,499,516,533,623,548,36,36,62,62,62,62,39,39,39,49,49,152,182,196,250,250,250,268,268,268],"floor_reached":41,"campfire_rested":3,"playtime":2483,"item_purchase_floors":[22,22,22,28],"current_hp_per_floor":[80,74,63,63,62,62,51,51,51,40,26,23,8,1,25,15,82,69,69,45,45,45,45,11,35,35,35,35,35,35,32,56,24,87,83,72,72,61,57,57,0],"items_purged":[],"gold":268,"score":464,"play_id":"2634387f-eb2f-4311-ad0b-2ad0df5a8a70","local_time":"20180602155433","is_prod":false,"is_daily":false,"chose_seed":false,"is_ascension_mode":true,"campfire_upgraded":5,"win_rate":0.0,"timestamp":1527918873,"campfire_choices":[{"data":"Loop","floor":6,"key":"SMITH"},{"data":"Zap","floor":8,"key":"SMITH"},{"floor":15,"key":"REST"},{"data":"Capacitor","floor":23,"key":"SMITH"},{"floor":25,"key":"REST"},{"data":"Leap","floor":27,"key":"SMITH"},{"floor":32,"key":"REST"},{"data":"Echo Form","floor":40,"key":"SMITH"}],"path_taken":["M","M","?","?","M","R","M","R","T","M","E","M","E","?","R","BOSS","M","M","?","?","$","R","E","R","T","R","?","$","?","M","R","BOSS","M","?","?","?","M","R","E"],"build_version":"2018-05-31","seed_source_timestamp":23632487020424,"purchased_purges":0,"victory":false,"master_deck":["Strike_B","Strike_B","Strike_B","Defend_B","Defend_B","Defend_B","Defend_B","Zap+1","Dualcast","Hologram","Reboot","Loop+1","Compile Driver","Leap+1","Coolheaded+1","Go for the Eyes","Melter","Fission+1","Seek+1","Coolheaded+1","Barrage+1","Jack Of All Trades+1","Capacitor+1","Amplify+1","Coolheaded+1","Doom and Gloom+1","Redo+1","Echo Form+1","Cold Snap+1","Leap+1","Madness+1","Madness+1","Skim+1"],"max_hp_per_floor":[82,82,82,82,82,82,82,82,82,82,82,82,82,82,82,82,82,82,82,82,82,82,82,82,82,82,82,82,82,82,82,82,82,87,87,87,87,87,87,87,87],"relics":["Cracked Core","Kunai","Gremlin Horn","Toxic Egg 2","Juzu Bracelet","Omamori","Nuclear Battery","Thread and Needle","Molten Egg 2","Unceasing Top","Tiny House","Du-Vu Doll"],"card_choices":[{"not_picked":["Go for the Eyes","Beam Cell"],"picked":"Hologram","floor":1},{"not_picked":["Go for the Eyes","Redo"],"picked":"Reboot","floor":2},{"not_picked":["Redo","Darkness"],"picked":"Loop","floor":5},{"not_picked":["Aggregate","Reinforced Body"],"picked":"Compile Driver","floor":7},{"not_picked":["Ball Lightning","Rebound"],"picked":"Leap","floor":10},{"not_picked":["Tempest","Barrage"],"picked":"Coolheaded","floor":11},{"not_picked":["Streamline","Conserve Battery+1"],"picked":"Go for the Eyes","floor":12},{"not_picked":["Storm","Hologram+1"],"picked":"Melter","floor":13},{"not_picked":["Conserve Battery+1","Stack+1"],"picked":"Fission+1","floor":14},{"not_picked":["Machine Learning","Fission+1"],"picked":"Seek+1","floor":16},{"not_picked":["Rip and Tear+1","Stack+1"],"picked":"Coolheaded+1","floor":18},{"not_picked":["Hologram+1","Rebound"],"picked":"Barrage","floor":19},{"not_picked":["Blizzard","Gash+1"],"picked":"Multi-Cast+1","floor":24},{"not_picked":["Conserve Battery+1","Auto Shields+1"],"picked":"Redo+1","floor":31},{"not_picked":["Machine Learning","Reboot+1"],"picked":"Echo Form","floor":33},{"not_picked":["Self Repair","Go for the Eyes+1"],"picked":"Cold Snap+1","floor":34},{"not_picked":["Rip and Tear+1","Hello World"],"picked":"Leap+1","floor":35},{"not_picked":["Conserve Battery+1","Rip and Tear+1"],"picked":"Skim+1","floor":39}],"player_experience":96939,"potions_floor_usage":[11,24,24,33,41],"damage_taken":[{"damage":2,"enemies":"Small Slimes","floor":1,"turns":3},{"damage":6,"enemies":"2 Louse","floor":2,"turns":3},{"damage":1,"enemies":"Cultist","floor":5,"turns":4},{"damage":11,"enemies":"Exordium Thugs","floor":7,"turns":4},{"damage":11,"enemies":"3 Louse","floor":10,"turns":3},{"damage":14,"enemies":"Gremlin Nob","floor":11,"turns":4},{"damage":3,"enemies":"Looter","floor":12,"turns":4},{"damage":15,"enemies":"3 Sentries","floor":13,"turns":7},{"damage":23,"enemies":"Lagavulin Event","floor":14,"turns":9},{"damage":10,"enemies":"The Guardian","floor":16,"turns":14},{"damage":13,"enemies":"Shell Parasite","floor":18,"turns":7},{"damage":0,"enemies":"Spheric Guardian","floor":19,"turns":1},{"damage":34,"enemies":"Book of Stabbing","floor":24,"turns":9},{"damage":3,"enemies":"Snecko","floor":31,"turns":4},{"damage":32,"enemies":"Automaton","floor":33,"turns":9},{"damage":4,"enemies":"3 Shapes","floor":35,"turns":4},{"damage":11,"enemies":"Mysterious Sphere","floor":36,"turns":8},{"damage":4,"enemies":"3 Darklings","floor":39,"turns":3},{"damage":62,"enemies":"Giant Head","floor":41,"turns":10}],"relics_obtained":[{"floor":9,"key":"Gremlin Horn"},{"floor":11,"key":"Toxic Egg 2"},{"floor":13,"key":"Juzu Bracelet"},{"floor":14,"key":"Omamori"},{"floor":24,"key":"Molten Egg 2"},{"floor":26,"key":"Unceasing Top"},{"floor":36,"key":"Du-Vu Doll"}],"event_choices":[{"event_name":"World of Goop","player_choice":"Gather Gold","floor":3,"damage_taken":0},{"event_name":"Wheel of Change","player_choice":"Relic","floor":4,"damage_taken":0},{"event_name":"Dead Adventurer","player_choice":"Searched \u00271\u0027 times","floor":14,"damage_taken":0},{"event_name":"Knowing Skull","player_choice":"GOLD CARD ","floor":20,"damage_taken":0},{"event_name":"Knowing Skull","player_choice":"GOLD CARD ","floor":20,"damage_taken":0},{"event_name":"Beggar","player_choice":"Gave Gold","floor":21,"damage_taken":0},{"event_name":"The Library","player_choice":"Read","floor":30,"damage_taken":0},{"event_name":"Mysterious Sphere","player_choice":"Fight","floor":36,"damage_taken":0},{"event_name":"Winding Halls","player_choice":"Embrace Madness","floor":38,"damage_taken":0}],"boss_relics":[{"not_picked":["Eternal Feather","Astrolabe"],"picked":"Nuclear Battery"},{"not_picked":["Runic Dome","Calling Bell"],"picked":"Tiny House"}],"items_purged_floors":[],"potions_floor_spawned":[7,11,13,14,16,18,24,36,39],"seed_played":"-1840403144170550690","killed_by":"Giant Head","ascension_level":1,"potions_obtained":[{"floor":7,"key":"Swift Potion"},{"floor":11,"key":"SteroidPotion"},{"floor":13,"key":"FairyPotion"},{"floor":14,"key":"Block Potion"},{"floor":16,"key":"Weak Potion"},{"floor":18,"key":"AttackPotion"},{"floor":24,"key":"SteroidPotion"},{"floor":34,"key":"Strength Potion"},{"floor":36,"key":"FearPotion"},{"floor":39,"key":"Energy Potion"}],"is_trial":false}