{"gold_per_floor":[111,124,124,124,104,104,129,149,172,198,198,198],"floor_reached":12,"playtime":283,"items_purged":[],"score":151,"play_id":"38db4c2d-d277-4e51-a70d-ae539ce02f4a","local_time":"20190524131731","is_ascension_mode":true,"campfire_choices":[{"data":"Bash","floor":6.0,"key":"SMITH"},{"floor":11.0,"key":"REST"}],"neow_cost":"PERCENT_DAMAGE","seed_source_timestamp":0,"circlet_count":0,"master_deck":["AscendersBane","Strike_R","Strike_R","Strike_R","Strike_R","Strike_R","Defend_R","Defend_R","Defend_R","Defend_R","Bash+1","Regret","Pommel Strike"],"special_seed":0,"relics":["Burning Blood","Matryoshka","Shuriken","Potion Belt","Toxic Egg 2","Oddly Smooth Stone","PreservedInsect"],"potions_floor_usage":[],"damage_taken":[{"damage":6.0,"enemies":"Cultist","floor":1.0,"turns":4.0},{"damage":2.0,"enemies":"Small Slimes","floor":2.0,"turns":5.0},{"damage":50.0,"enemies":"3 Sentries","floor":7.0,"turns":10.0},{"damage":2.0,"enemies":"2 Louse","floor":8.0,"turns":3.0},{"damage":41.0,"enemies":"Gremlin Nob","floor":10.0,"turns":5.0},{"damage":0,"enemies":"2 Fungi Beasts","floor":12,"turns":1}],"seed_played":"-9146254564769126275","potions_obtained":[{"floor":1.0,"key":"SpeedPotion"},{"floor":2.0,"key":"PowerPotion"},{"floor":5.0,"key":"Regen Potion"}],"is_trial":false,"path_per_floor":["M","M","T","?","?","R","E","M","T","E","R","M"],"character_chosen":"IRONCLAD","items_purchased":[],"campfire_rested":1,"item_purchase_floors":[],"current_hp_per_floor":[64,68,68,68,68,68,39,43,43,8,34,34],"gold":198,"neow_bonus":"TWENTY_PERCENT_HP_BONUS","is_prod":false,"is_daily":false,"chose_seed":false,"campfire_upgraded":1,"win_rate":0,"timestamp":1558725451,"path_taken":["M","M","?","?","?","R","E","M","T","E","R","?"],"build_version":"2019-01-23","purchased_purges":0,"victory":false,"max_hp_per_floor":[89,89,89,89,89,89,89,89,89,89,89,89],"card_choices":[{"not_picked":["Seeing Red","Wild Strike","Rupture"],"picked":"SKIP","floor":1.0},{"not_picked":["Hemokinesis","Anger","Perfected Strike"],"picked":"SKIP","floor":2.0},{"not_picked":["Havoc","Clash"],"picked":"Pommel Strike","floor":7.0},{"not_picked":["Warcry","Flex","Headbutt"],"picked":"SKIP","floor":8.0},{"not_picked":["Havoc+1","Shockwave+1","Reaper"],"picked":"SKIP","floor":10.0}],"player_experience":579552,"relics_obtained":[{"floor":3.0,"key":"Matryoshka"},{"floor":7.0,"key":"Potion Belt"},{"floor":9.0,"key":"Toxic Egg 2"},{"floor":9.0,"key":"Oddly Smooth Stone"},{"floor":10.0,"key":"PreservedInsect"}],"event_choices":[{"damage_healed":0.0,"max_hp_gain":0.0,"max_hp_loss":0.0,"gold_gain":0.0,"event_name":"Big Fish","player_choice":"Box","floor":4.0,"gold_loss":0.0,"damage_taken":0.0,"relics_obtained":["Shuriken"],"cards_obtained":["Regret"]},{"damage_healed":0.0,"max_hp_gain":0.0,"max_hp_loss":0.0,"gold_gain":0.0,"event_name":"The Woman in Blue","player_choice":"Bought 1 Potion","floor":5.0,"gold_loss":0.0,"damage_taken":0.0}],"is_beta":false,"boss_relics":[],"items_purged_floors":[],"is_endless":false,"potions_floor_spawned":[1,2],"killed_by":"2 Fungi Beasts","ascension_level":15}