{"gold_per_floor":[118,118,91,241,12,45,45,56,56,67,102,102,122,140,140,212,212,227,242,43,53,64,88,88],"floor_reached":24,"playtime":825,"items_purged":["Doubt"],"score":408,"play_id":"b35f2675-2f2a-4469-831d-6c3feeeb4d6c","local_time":"20190524171034","is_ascension_mode":true,"campfire_choices":[{"data":"Uppercut","floor":7.0,"key":"SMITH"},{"data":"Whirlwind","floor":12.0,"key":"SMITH"},{"data":"Pommel Strike","floor":15.0,"key":"SMITH"}],"neow_cost":"NONE","seed_source_timestamp":284797614797324,"circlet_count":0,"master_deck":["AscendersBane","Strike_R","Strike_R","Strike_R","Strike_R","Defend_R","Defend_R","Defend_R","Defend_R+1","Bash","Pommel Strike+1","Twin Strike","Impervious","Uppercut+1","Whirlwind+1","Barricade+1","Shrug It Off","Impervious+1"],"special_seed":0,"relics":["Burning Blood","NeowsBlessing","Regal Pillow","Darkstone Periapt","Frozen Egg 2","Sozu","DollysMirror","War Paint"],"potions_floor_usage":[16,24,24],"damage_taken":[{"damage":0.0,"enemies":"Small Slimes","floor":1.0,"turns":1.0},{"damage":0.0,"enemies":"3 Sentries","floor":6.0,"turns":1.0},{"damage":0.0,"enemies":"Jaw Worm","floor":8.0,"turns":1.0},{"damage":3.0,"enemies":"Cultist","floor":10.0,"turns":4.0},{"damage":30.0,"enemies":"Lagavulin","floor":11.0,"turns":6.0},{"damage":14.0,"enemies":"Exordium Thugs","floor":13.0,"turns":4.0},{"damage":0.0,"enemies":"Gremlin Gang","floor":14.0,"turns":2.0},{"damage":46,"enemies":"Slime Boss","floor":16,"turns":11},{"damage":7,"enemies":"Chosen","floor":18,"turns":5},{"damage":25,"enemies":"Spheric Guardian","floor":19,"turns":7},{"damage":19,"enemies":"Snake Plant","floor":21,"turns":6},{"damage":13,"enemies":"3 Cultists","floor":22,"turns":5},{"damage":26,"enemies":"Gremlin Leader","floor":24,"turns":8}],"seed_played":"-6410091241091333798","potions_obtained":[{"floor":6.0,"key":"Block Potion"},{"floor":8.0,"key":"Regen Potion"},{"floor":16,"key":"Block Potion"}],"is_trial":false,"path_per_floor":["M","?","$","?","$","E","R","M","T","M","E","R","M","M","R","B",null,"M","M","$","M","M","T","E"],"character_chosen":"IRONCLAD","items_purchased":["Twin Strike","Impervious","Uppercut","DollysMirror"],"campfire_rested":0,"item_purchase_floors":[3,5,5,20],"current_hp_per_floor":[74,67,67,67,67,73,73,75,75,75,51,51,43,49,49,24,62,61,42,42,29,22,22,0],"gold":88,"neow_bonus":"THREE_ENEMY_KILL","is_prod":false,"is_daily":false,"chose_seed":false,"campfire_upgraded":3,"win_rate":0,"timestamp":1558739434,"path_taken":["M","?","$","?","?","E","R","M","T","M","E","R","M","M","R","BOSS","M","M","$","M","?","?","E"],"build_version":"2019-01-23","purchased_purges":1,"victory":false,"max_hp_per_floor":[75,75,75,75,75,75,75,75,75,75,75,75,75,75,75,75,75,75,75,75,75,75,75,75],"card_choices":[{"not_picked":["Clash","Anger"],"picked":"Pommel Strike","floor":1.0},{"not_picked":["Combust","Thunderclap","Armaments"],"picked":"SKIP","floor":6.0},{"not_picked":["Twin Strike","Cleave"],"picked":"Whirlwind","floor":8.0},{"not_picked":["Wild Strike","Armaments","Carnage"],"picked":"SKIP","floor":10.0},{"not_picked":["Sentinel","Immolate","Disarm"],"picked":"SKIP","floor":11.0},{"not_picked":["Iron Wave","Corruption+1","Flex"],"picked":"SKIP","floor":13.0},{"not_picked":["Wild Strike","True Grit","Rampage"],"picked":"SKIP","floor":14.0},{"not_picked":["Limit Break","Exhume"],"picked":"Barricade+1","floor":16},{"not_picked":["Body Slam+1","Armaments"],"picked":"Shrug It Off","floor":18},{"not_picked":["Iron Wave","Burning Pact","Pommel Strike"],"picked":"SKIP","floor":19},{"not_picked":["Anger","Clothesline","Sword Boomerang+1"],"picked":"SKIP","floor":21},{"not_picked":["True Grit","Armaments","Offering"],"picked":"SKIP","floor":22}],"player_experience":588887,"relics_obtained":[{"floor":6.0,"key":"Regal Pillow"},{"floor":9.0,"key":"Darkstone Periapt"},{"floor":11.0,"key":"Frozen Egg 2"},{"floor":23,"key":"War Paint"}],"event_choices":[{"cards_removed":["Strike_R"],"damage_healed":0.0,"max_hp_gain":0.0,"max_hp_loss":0.0,"gold_gain":0.0,"event_name":"Golden Wing","player_choice":"Card Removal","floor":2.0,"gold_loss":0.0,"damage_taken":7.0},{"damage_healed":0.0,"max_hp_gain":0.0,"max_hp_loss":0.0,"gold_gain":150.0,"event_name":"Liars Game","player_choice":"AGREE","floor":4.0,"gold_loss":0.0,"damage_taken":0.0,"cards_obtained":["Doubt"]}],"is_beta":false,"boss_relics":[{"not_picked":["Black Star","White Beast Statue"],"picked":"Sozu"}],"items_purged_floors":[5],"is_endless":false,"potions_floor_spawned":[6,8,11,13,16,19,21,22],"killed_by":"Gremlin Leader","ascension_level":15}