{"gold_per_floor":[119,132,132,150,166,198,198,211,234,253,264,294,294,326,326,429,429,449,475,455,471,100,125,125,156,156,156,169,188,188,188,188,292,292,302,302,313,323,144,173,48,48,72,72,72,88,88,100,100,100],"floor_reached":51,"playtime":3301,"items_purged":["Strike_B","Defend_B","Defend_B"],"score":1071,"play_id":"fd471e33-0153-45cc-8aee-d54f62100359","local_time":"20190605162245","is_ascension_mode":true,"campfire_choices":[{"data":"Dualcast","floor":7.0,"key":"SMITH"},{"data":"Defragment","floor":13.0,"key":"SMITH"},{"data":"Compile Driver","floor":15.0,"key":"SMITH"},{"data":"Conserve Battery","floor":24.0,"key":"SMITH"},{"data":"Cold Snap","floor":27,"key":"SMITH"},{"floor":32,"key":"REST"},{"data":"Ball Lightning","floor":42,"key":"SMITH"},{"data":"Core Surge","floor":44,"key":"SMITH"},{"floor":49,"key":"REST"}],"neow_cost":"NONE","seed_source_timestamp":417888684412556,"circlet_count":0,"master_deck":["Defend_B","Defend_B","Zap+1","Dualcast+1","Compile Driver+1","Cold Snap+1","Conserve Battery+1","Sweeping Beam","Ball Lightning+1","Defragment+1","Core Surge+1","Echo Form","Glacier+1","Coolheaded+1","Go for the Eyes+1","Glacier+1","Thinking Ahead+1"],"special_seed":0,"relics":["Cracked Core","Lantern","Turnip","Happy Flower","Dream Catcher","Orichalcum","Busted Crown","Red Mask","Bottled Lightning","FossilizedHelix","Bottled Tornado","Toxic Egg 2","Nilry\u0027s Codex","Empty Cage","Strawberry","DataDisk"],"potions_floor_usage":[25,35,35,50],"damage_taken":[{"damage":0.0,"enemies":"Small Slimes","floor":1.0,"turns":3.0},{"damage":0.0,"enemies":"Cultist","floor":2.0,"turns":3.0},{"damage":0.0,"enemies":"2 Louse","floor":4.0,"turns":2.0},{"damage":8.0,"enemies":"Blue Slaver","floor":5.0,"turns":2.0},{"damage":8.0,"enemies":"Gremlin Nob","floor":6.0,"turns":3.0},{"damage":4.0,"enemies":"Exordium Wildlife","floor":8.0,"turns":4.0},{"damage":0.0,"enemies":"Red Slaver","floor":10.0,"turns":2.0},{"damage":0.0,"enemies":"Lots of Slimes","floor":11.0,"turns":1.0},{"damage":3.0,"enemies":"3 Sentries","floor":12.0,"turns":5.0},{"damage":19.0,"enemies":"Gremlin Nob","floor":14.0,"turns":4.0},{"damage":14.0,"enemies":"Hexaghost","floor":16.0,"turns":8.0},{"damage":4.0,"enemies":"Shell Parasite","floor":18.0,"turns":5.0},{"damage":2.0,"enemies":"Masked Bandits","floor":19.0,"turns":2.0},{"damage":10.0,"enemies":"3 Byrds","floor":21.0,"turns":4.0},{"damage":13.0,"enemies":"Book of Stabbing","floor":23.0,"turns":7.0},{"damage":0,"enemies":"Gremlin Leader","floor":25,"turns":11},{"damage":0,"enemies":"Shelled Parasite and Fungi","floor":28,"turns":5},{"damage":0,"enemies":"Snake Plant","floor":29,"turns":4},{"damage":0,"enemies":"Champ","floor":33,"turns":15},{"damage":0,"enemies":"3 Shapes","floor":35,"turns":4},{"damage":0,"enemies":"Orb Walker","floor":37,"turns":4},{"damage":0,"enemies":"Sphere and 2 Shapes","floor":38,"turns":8},{"damage":0,"enemies":"Giant Head","floor":40,"turns":13},{"damage":0,"enemies":"Maw","floor":46,"turns":8},{"damage":18,"enemies":"3 Darklings","floor":48,"turns":8},{"damage":0,"enemies":"Awakened One","floor":50,"turns":21}],"seed_played":"2050779816064753417","potions_obtained":[{"floor":2.0,"key":"Poison Potion"},{"floor":5.0,"key":"Strength Potion"},{"floor":8.0,"key":"Explosive Potion"},{"floor":10.0,"key":"Dexterity Potion"},{"floor":14.0,"key":"Explosive Potion"},{"floor":16.0,"key":"Weak Potion"},{"floor":20.0,"key":"Poison Potion"},{"floor":23.0,"key":"SkillPotion"},{"floor":28,"key":"Block Potion"},{"floor":29,"key":"AttackPotion"},{"floor":35,"key":"SkillPotion"},{"floor":40,"key":"LiquidBronze"}],"is_trial":false,"path_per_floor":["M","M","?","M","M","E","R","M","T","M","M","E","R","E","R","B",null,"M","?","?","M","$","E","R","E","T","R","M","M","?","?","R","B",null,"M","?","M","M","$","E","$","R","T","R","?","M","?","M","R","B",null],"character_chosen":"DEFECT","items_purchased":["Bottled Lightning","Fire Potion","Glacier+1"],"campfire_rested":2,"item_purchase_floors":[22,22,39],"current_hp_per_floor":[75,75,75,75,67,59,59,55,55,55,55,52,52,33,33,19,61,57,55,55,45,45,32,32,32,32,32,32,32,16,41,63,63,72,72,72,72,72,72,79,79,79,79,79,79,79,79,61,82,82],"gold":100,"neow_bonus":"RANDOM_COMMON_RELIC","is_prod":false,"is_daily":false,"chose_seed":false,"campfire_upgraded":7,"win_rate":0,"timestamp":1559773365,"path_taken":["M","M","?","M","?","E","R","M","T","M","M","E","R","E","R","BOSS","M","?","?","M","$","E","R","E","T","R","M","?","?","?","R","BOSS","M","?","?","M","$","E","?","R","T","R","?","?","?","M","R","BOSS"],"build_version":"2019-01-23","purchased_purges":3,"victory":true,"max_hp_per_floor":[75,75,75,75,75,75,75,75,75,75,75,75,75,75,75,75,75,75,75,75,75,75,75,75,75,75,75,75,75,75,75,75,75,75,75,75,75,75,75,82,82,82,82,82,82,82,82,82,82,82],"card_choices":[{"not_picked":["Beam Cell","Streamline"],"picked":"Compile Driver","floor":1.0},{"not_picked":["Compile Driver","Reprogram"],"picked":"Cold Snap","floor":2.0},{"not_picked":["Stack","Hyperbeam","Gash"],"picked":"SKIP","floor":4.0},{"not_picked":["Turbo","Hologram"],"picked":"Conserve Battery","floor":5.0},{"not_picked":["Skim","Stack","Beam Cell"],"picked":"SKIP","floor":6.0},{"not_picked":["Leap","Lockon"],"picked":"Sweeping Beam","floor":8.0},{"not_picked":["Go for the Eyes","Beam Cell"],"picked":"Ball Lightning","floor":10.0},{"not_picked":["Steam","Redo"],"picked":"Defragment","floor":11.0},{"not_picked":["Redo","Ball Lightning","Lockon"],"picked":"SKIP","floor":12.0},{"not_picked":["Tempest","Compile Driver"],"picked":"Core Surge","floor":14.0},{"not_picked":["Biased Cognition","Amplify"],"picked":"Echo Form","floor":16.0},{"not_picked":["Gash"],"picked":"SKIP","floor":18.0},{"not_picked":[],"picked":"Glacier+1","floor":21.0},{"not_picked":["Sweeping Beam+1"],"picked":"SKIP","floor":23.0},{"not_picked":["Thunder Strike"],"picked":"SKIP","floor":25},{"not_picked":["Conserve Battery+1"],"picked":"SKIP","floor":28},{"not_picked":[],"picked":"Coolheaded+1","floor":29},{"not_picked":["Stack+1"],"picked":"SKIP","floor":35},{"not_picked":["Reprogram+1"],"picked":"SKIP","floor":37},{"not_picked":[],"picked":"Go for the Eyes+1","floor":38},{"not_picked":["Cold Snap+1"],"picked":"SKIP","floor":40},{"not_picked":["Hologram+1"],"picked":"SKIP","floor":46},{"not_picked":[],"picked":"Thinking Ahead+1","floor":47},{"not_picked":["Genetic Algorithm+1"],"picked":"SKIP","floor":48}],"player_experience":686526,"relics_obtained":[{"floor":6.0,"key":"Turnip"},{"floor":9.0,"key":"Happy Flower"},{"floor":12.0,"key":"Dream Catcher"},{"floor":14.0,"key":"Orichalcum"},{"floor":19.0,"key":"Red Mask"},{"floor":23.0,"key":"FossilizedHelix"},{"floor":25,"key":"Bottled Tornado"},{"floor":26,"key":"Toxic Egg 2"},{"floor":30,"key":"Nilry\u0027s Codex"},{"floor":40,"key":"Strawberry"},{"floor":43,"key":"DataDisk"}],"event_choices":[{"damage_healed":0.0,"max_hp_gain":0.0,"max_hp_loss":0.0,"gold_gain":0.0,"event_name":"Upgrade Shrine","player_choice":"Upgraded","floor":3.0,"gold_loss":0.0,"damage_taken":0.0,"cards_upgraded":["Zap"]},{"damage_healed":0.0,"max_hp_gain":0.0,"max_hp_loss":0.0,"gold_gain":0.0,"event_name":"Masked Bandits","player_choice":"Fought Bandits","floor":19.0,"gold_loss":0.0,"damage_taken":0.0},{"damage_healed":0.0,"max_hp_gain":0.0,"max_hp_loss":0.0,"gold_gain":0.0,"event_name":"The Woman in Blue","player_choice":"Bought 1 Potion","floor":20.0,"gold_loss":0.0,"damage_taken":0.0},{"damage_healed":0,"gold_gain":0,"player_choice":"Obtained Book","damage_taken":16,"max_hp_gain":0,"max_hp_loss":0,"event_name":"Cursed Tome","floor":30,"gold_loss":0},{"damage_healed":25,"gold_gain":0,"player_choice":"Heal","damage_taken":0,"max_hp_gain":0,"max_hp_loss":0,"event_name":"The Library","floor":31,"gold_loss":0},{"cards_removed":["Strike_B"],"damage_healed":0,"gold_gain":0,"player_choice":"Offered Basic","damage_taken":0,"max_hp_gain":0,"max_hp_loss":0,"event_name":"Bonfire Elementals","floor":36,"gold_loss":0},{"damage_healed":0,"gold_gain":0,"player_choice":"Ignored","damage_taken":0,"max_hp_gain":0,"max_hp_loss":0,"event_name":"SecretPortal","floor":45,"gold_loss":0},{"damage_healed":0,"gold_gain":0,"player_choice":"Memory 1","damage_taken":0,"max_hp_gain":0,"max_hp_loss":0,"event_name":"SensoryStone","floor":47,"gold_loss":0}],"is_beta":false,"boss_relics":[{"not_picked":["Philosopher\u0027s Stone","Snecko Eye"],"picked":"Busted Crown"},{"not_picked":["White Beast Statue","Orrery"],"picked":"Empty Cage"}],"items_purged_floors":[22,39,41],"is_endless":false,"potions_floor_spawned":[2,5,8,10,14,16,23,28,29,33,35,40],"ascension_level":5}