{"gold_per_floor":[117,130,150,161,180,207,223,255,305,305,321,271,291,94,94,192,192,202,302,302,316,328,354,369,384,384,395,395,395,412,119,119,223,253,263,39,59,0,11,11,26,26,26,60,72,83,45,45,45,45],"floor_reached":50,"playtime":6925,"items_purged":["Normality"],"score":587,"play_id":"c6857789-daf3-4ca2-a91e-8f494e2983f4","local_time":"20190601075011","is_ascension_mode":false,"campfire_choices":[{"floor":10,"key":"REST"},{"data":"Beam Cell","floor":15,"key":"SMITH"},{"floor":32,"key":"REST"},{"floor":40,"key":"REST"},{"data":"Buffer","floor":42,"key":"SMITH"},{"data":"Reboot","floor":49,"key":"SMITH"}],"neow_cost":"NONE","seed_source_timestamp":207028595585703,"circlet_count":0,"master_deck":["Defend_B","Defend_B","Defend_B","Zap","Dualcast","Impatience","Streamline","Ball Lightning","Cold Snap","Beam Cell+1","Reprogram","Reboot+1","FTL","Buffer+1","Reinforced Body","Biased Cognition","Chaos+1","Redo+1","Chaos+1","Biased Cognition","Leap+1","Double Energy+1","Capacitor","Conserve Battery+1","Bite","Bite","Bite","Bite","Bite","Fusion+1","Steam+1","Seek+1","Clumsy","Parasite","Go for the Eyes+1","Compile Driver","Parasite","FTL+1","Go for the Eyes","Ball Lightning+1","Redo+1","Redo+1","Static Discharge+1"],"relics":["Cracked Core","Question Card","Anchor","Toolbox","Nuclear Battery","Unceasing Top","Toxic Egg 2","Letter Opener","Dodecahedron","Bottled Lightning","Calling Bell","Tiny Chest","Kunai","StoneCalendar","Strawberry","Red Mask","Frozen Egg 2","Darkstone Periapt"],"potions_floor_usage":[6,16,16,19,19,19,23,27,50,50,50],"damage_taken":[{"damage":1,"enemies":"Cultist","floor":1,"turns":4},{"damage":2,"enemies":"Small Slimes","floor":2,"turns":3},{"damage":11,"enemies":"Jaw Worm","floor":3,"turns":2},{"damage":6,"enemies":"3 Louse","floor":4,"turns":3},{"damage":0,"enemies":"2 Fungi Beasts","floor":5,"turns":2},{"damage":23,"enemies":"3 Sentries","floor":6,"turns":7},{"damage":0,"enemies":"Exordium Wildlife","floor":7,"turns":2},{"damage":10,"enemies":"Lagavulin","floor":8,"turns":6},{"damage":0,"enemies":"Looter","floor":11,"turns":3},{"damage":0,"enemies":"Large Slime","floor":13,"turns":4},{"damage":39,"enemies":"Slime Boss","floor":16,"turns":9},{"damage":0,"enemies":"Shell Parasite","floor":18,"turns":5},{"damage":7,"enemies":"Colosseum Slavers","floor":19,"turns":3},{"damage":29,"enemies":"Colosseum Nobs","floor":19,"turns":4},{"damage":0,"enemies":"2 Thieves","floor":21,"turns":4},{"damage":11,"enemies":"Snake Plant","floor":22,"turns":2},{"damage":21,"enemies":"Slavers","floor":23,"turns":4},{"damage":0,"enemies":"3 Cultists","floor":24,"turns":3},{"damage":0,"enemies":"Cultist and Chosen","floor":25,"turns":4},{"damage":2,"enemies":"Centurion and Healer","floor":27,"turns":3},{"damage":0,"enemies":"Sentry and Sphere","floor":30,"turns":3},{"damage":48,"enemies":"Collector","floor":33,"turns":8},{"damage":27,"enemies":"3 Darklings","floor":35,"turns":6},{"damage":3,"enemies":"Orb Walker","floor":37,"turns":3},{"damage":36,"enemies":"Writhing Mass","floor":39,"turns":4},{"damage":0,"enemies":"Transient","floor":41,"turns":5},{"damage":0,"enemies":"Giant Head","floor":44,"turns":7},{"damage":0,"enemies":"Jaw Worm Horde","floor":45,"turns":3},{"damage":9,"enemies":"Spire Growth","floor":46,"turns":3},{"damage":95,"enemies":"Time Eater","floor":50,"turns":12}],"seed_played":"4035110950487977","potions_obtained":[{"floor":3,"key":"SneckoOil"},{"floor":4,"key":"SpeedPotion"},{"floor":7,"key":"Weak Potion"},{"floor":11,"key":"SteroidPotion"},{"floor":16,"key":"Swift Potion"},{"floor":18,"key":"SkillPotion"},{"floor":21,"key":"AttackPotion"},{"floor":23,"key":"FocusPotion"},{"floor":33,"key":"Swift Potion"},{"floor":35,"key":"FearPotion"},{"floor":44,"key":"SpeedPotion"}],"is_trial":false,"path_per_floor":["M","?","$","?","?","M","?","?","?","?"],"character_chosen":"DEFECT","items_purchased":["Toolbox","Bottled Lightning","Steam+1","Strawberry","Static Discharge+1"],"campfire_rested":3,"item_purchase_floors":[14,31,31,36,47],"current_hp_per_floor":[74,72,61,55,55,32,32,22,22,44,46,46,48,48,48,11,75,75,41,41,43,34,15,17,19,19,19,19,44,52,52,74,45,75,50,57,62,62,32,56,64,64,64,82,82,77,77,77,77,0],"gold":45,"neow_bonus":"RANDOM_COLORLESS","is_prod":false,"is_daily":false,"chose_seed":false,"campfire_upgraded":3,"win_rate":0.0,"timestamp":1559404211,"path_taken":["M","M","?","M","M","E","M","E","T","R","M","?","M","?","R","BOSS","M","?","?","M","M","E","?","M","T","M","?","?","M","$","R","BOSS","M","$","M","?","M","R","M","R","T","E","M","M","$","?","R","BOSS"],"build_version":"2019-01-23","purchased_purges":1,"victory":false,"max_hp_per_floor":[75,75,75,75,75,75,75,75,75,75,75,75,75,75,75,75,75,75,75,75,75,75,75,75,75,75,75,75,75,75,75,75,75,75,75,82,82,82,82,82,82,82,82,82,82,82,82,82,82,82],"card_choices":[{"not_picked":["Go for the Eyes","Stack"],"picked":"Streamline","floor":1},{"not_picked":["Sweeping Beam","Compile Driver"],"picked":"Ball Lightning","floor":2},{"not_picked":["Coolheaded","Ball Lightning"],"picked":"Cold Snap","floor":3},{"not_picked":["Loop","Streamline"],"picked":"Beam Cell","floor":4},{"not_picked":["Amplify","Ball Lightning"],"picked":"Reprogram","floor":5},{"not_picked":["Buffer","BootSequence"],"picked":"Reboot","floor":6},{"not_picked":["Sweeping Beam","Cold Snap","Steam"],"picked":"FTL","floor":7},{"not_picked":["Ball Lightning","Aggregate","Static Discharge"],"picked":"Buffer","floor":8},{"not_picked":["Streamline","Barrage","Skim"],"picked":"Reinforced Body","floor":11},{"not_picked":["Leap","Force Field","FTL","Beam Cell"],"picked":"SKIP","floor":13},{"not_picked":["Multi-Cast","Reboot","Fission"],"picked":"Biased Cognition","floor":16},{"not_picked":["Coolheaded+1","Ball Lightning","Cold Snap"],"picked":"Chaos+1","floor":18},{"not_picked":["Steam","Gash","Leap+1"],"picked":"Redo","floor":19},{"not_picked":["Ball Lightning","Genetic Algorithm+1","Cold Snap"],"picked":"Chaos+1","floor":21},{"not_picked":["Leap+1","Barrage","Defragment"],"picked":"Biased Cognition","floor":22},{"not_picked":["Compile Driver","Sweeping Beam","Ball Lightning"],"picked":"Leap+1","floor":23},{"not_picked":["Redo+1","Barrage","Genetic Algorithm+1"],"picked":"Double Energy+1","floor":24},{"not_picked":["Sweeping Beam+1","Scrape","Gash+1"],"picked":"Capacitor","floor":25},{"not_picked":["Go for the Eyes","Barrage","Hello World"],"picked":"Conserve Battery+1","floor":27},{"not_picked":["Sweeping Beam","Electrodynamics","Ball Lightning+1"],"picked":"Fusion+1","floor":30},{"not_picked":["Electrodynamics","All For One","Amplify+1"],"picked":"Seek+1","floor":33},{"not_picked":["Leap+1","Force Field+1","Stack+1"],"picked":"Go for the Eyes+1","floor":35},{"not_picked":["Coolheaded+1","Glacier+1","All For One"],"picked":"Compile Driver","floor":37},{"not_picked":["Scrape","Streamline+1","Conserve Battery+1"],"picked":"FTL+1","floor":39},{"not_picked":["Tempest+1","Doom and Gloom","Rip and Tear"],"picked":"Go for the Eyes","floor":41},{"not_picked":["Auto Shields+1","Conserve Battery+1","Compile Driver+1"],"picked":"Ball Lightning+1","floor":44},{"not_picked":["Steam Power+1","Chill+1","Leap+1"],"picked":"Redo+1","floor":45},{"not_picked":["Beam Cell","Leap+1","Go for the Eyes"],"picked":"Redo+1","floor":46}],"player_experience":17268,"relics_obtained":[{"floor":6,"key":"Question Card"},{"floor":8,"key":"Anchor"},{"floor":9,"key":"Blood Vial"},{"floor":19,"key":"Unceasing Top"},{"floor":19,"key":"Toxic Egg 2"},{"floor":23,"key":"Letter Opener"},{"floor":26,"key":"Dodecahedron"},{"floor":34,"key":"Tiny Chest"},{"floor":34,"key":"Kunai"},{"floor":34,"key":"StoneCalendar"},{"floor":43,"key":"Frozen Egg 2"},{"floor":44,"key":"Darkstone Periapt"}],"event_choices":[{"cards_removed":["Strike_B"],"damage_healed":0,"gold_gain":0,"player_choice":"Card Removal","damage_taken":0,"max_hp_gain":0,"max_hp_loss":0,"event_name":"The Cleric","floor":12,"gold_loss":50},{"damage_healed":0,"gold_gain":0,"player_choice":"Fight","damage_taken":0,"max_hp_gain":0,"max_hp_loss":0,"event_name":"Colosseum","floor":19,"gold_loss":0},{"damage_healed":0,"gold_gain":0,"player_choice":"Fought Nobs","damage_taken":0,"max_hp_gain":0,"max_hp_loss":0,"event_name":"Colosseum","floor":19,"gold_loss":0},{"damage_healed":0,"gold_gain":0,"player_choice":"Ignored","damage_taken":0,"max_hp_gain":0,"max_hp_loss":0,"event_name":"Beggar","floor":20,"gold_loss":0},{"damage_healed":0,"gold_gain":0,"player_choice":"Became a vampire (Vial)","damage_taken":0,"max_hp_gain":0,"max_hp_loss":0,"event_name":"Vampires","floor":28,"relics_lost":["Blood Vial"],"gold_loss":0,"cards_obtained":["Bite","Bite","Bite","Bite","Bite"]},{"damage_healed":25,"gold_gain":0,"player_choice":"Heal","damage_taken":0,"max_hp_gain":0,"max_hp_loss":0,"event_name":"The Library","floor":29,"gold_loss":0},{"damage_healed":0,"gold_gain":0,"player_choice":"Paid","damage_taken":0,"relics_obtained":["Red Mask"],"max_hp_gain":0,"max_hp_loss":0,"event_name":"Tomb of Lord Red Mask","floor":38,"gold_loss":59},{"cards_removed":["Defend_B"],"damage_healed":0,"gold_gain":0,"player_choice":"Removed Skill","damage_taken":0,"max_hp_gain":0,"max_hp_loss":0,"event_name":"Falling","floor":48,"gold_loss":0}],"is_beta":false,"boss_relics":[{"not_picked":["Velvet Choker","Inserter"],"picked":"Nuclear Battery"},{"not_picked":["Coffee Dripper","White Beast Statue"],"picked":"Calling Bell"}],"items_purged_floors":[36],"is_endless":false,"potions_floor_spawned":[3,4,7,11,13,16,18,19,21,23,33,35,44],"killed_by":"Time Eater","ascension_level":0}