{"gold_per_floor":[116,266,138,138,151,191,214,1,48,48,82,105,128,141,141,236,236,252,252,180,180,199,199,223,223,223,247,74,94,119,19,19,19],"floor_reached":33,"playtime":2069,"items_purged":["Doubt","Strike_R"],"score":453,"play_id":"a47b6d19-135c-4734-aa6c-2f17e7737a05","local_time":"20190524181818","is_ascension_mode":true,"campfire_choices":[{"data":"Apotheosis","floor":10.0,"key":"SMITH"},{"floor":15.0,"key":"REST"},{"data":"Body Slam","floor":23,"key":"SMITH"},{"data":"Shrug It Off","floor":25,"key":"SMITH"},{"floor":32,"key":"REST"}],"neow_cost":"NONE","seed_source_timestamp":287716681989133,"circlet_count":0,"master_deck":["AscendersBane","Strike_R","Strike_R","Strike_R","Strike_R","Defend_R","Defend_R","Defend_R","Defend_R","Bash","Pommel Strike","Iron Wave","Shrug It Off+1","Body Slam+1","Apotheosis+1","Evolve","Battle Trance","Inflame","Whirlwind","Shrug It Off"],"special_seed":0,"relics":["Burning Blood","Golden Idol","Art of War","Vajra","Philosopher\u0027s Stone","Nloth\u0027s Gift","Bottled Tornado","PreservedInsect"],"potions_floor_usage":[22,27,33],"damage_taken":[{"damage":8.0,"enemies":"Small Slimes","floor":1.0,"turns":4.0},{"damage":9.0,"enemies":"Jaw Worm","floor":5.0,"turns":3.0},{"damage":55.0,"enemies":"Lagavulin","floor":6.0,"turns":6.0},{"damage":0.0,"enemies":"Cultist","floor":7.0,"turns":4.0},{"damage":14.0,"enemies":"3 Sentries","floor":11.0,"turns":10.0},{"damage":17.0,"enemies":"Gremlin Gang","floor":12.0,"turns":5.0},{"damage":0.0,"enemies":"Red Slaver","floor":13.0,"turns":4.0},{"damage":5.0,"enemies":"Lots of Slimes","floor":14.0,"turns":4.0},{"damage":28.0,"enemies":"Hexaghost","floor":16.0,"turns":11.0},{"damage":0.0,"enemies":"Chosen","floor":18.0,"turns":5.0},{"damage":18,"enemies":"Spheric Guardian","floor":22,"turns":4},{"damage":25,"enemies":"Snake Plant","floor":24,"turns":5},{"damage":10,"enemies":"Centurion and Healer","floor":27,"turns":6},{"damage":24,"enemies":"Sentry and Sphere","floor":29,"turns":7},{"damage":7,"enemies":"3 Cultists","floor":30,"turns":6},{"damage":45,"enemies":"Champ","floor":33,"turns":10}],"seed_played":"-6537628115896452636","potions_obtained":[{"floor":6.0,"key":"Energy Potion"},{"floor":11.0,"key":"FearPotion"},{"floor":16.0,"key":"SteroidPotion"},{"floor":22,"key":"Energy Potion"},{"floor":24,"key":"PowerPotion"}],"is_trial":false,"path_per_floor":["M","?","$","?","M","E","M","$","T","R","E","M","M","M","R","B",null,"M","?","$","?","M","R","M","R","T","M","$","M","M","$","R","B"],"character_chosen":"IRONCLAD","items_purchased":["Iron Wave","Body Slam","Apotheosis","Whirlwind","Shrug It Off","PreservedInsect"],"campfire_rested":2,"item_purchase_floors":[3,8,8,20,28,28],"current_hp_per_floor":[73,73,73,73,70,21,27,27,27,27,19,8,14,15,37,15,59,65,74,74,74,62,62,43,43,43,39,39,21,20,20,42,0],"gold":19,"neow_bonus":"TEN_PERCENT_HP_BONUS","is_prod":false,"is_daily":false,"chose_seed":false,"campfire_upgraded":3,"win_rate":0,"timestamp":1558743498,"path_taken":["M","?","$","?","M","E","M","?","T","R","E","M","?","M","R","BOSS","M","?","$","?","?","R","M","R","T","?","?","M","?","$","R","BOSS"],"build_version":"2019-01-23","purchased_purges":2,"victory":false,"max_hp_per_floor":[82,82,82,74,74,74,74,74,74,74,74,74,74,74,74,74,74,74,74,74,74,74,74,74,74,74,74,74,74,74,74,74,74],"card_choices":[{"not_picked":["Heavy Blade","Wild Strike"],"picked":"Pommel Strike","floor":1.0},{"not_picked":["Havoc","Combust","Wild Strike"],"picked":"SKIP","floor":5.0},{"not_picked":["Heavy Blade","Rampage"],"picked":"Shrug It Off","floor":6.0},{"not_picked":["Anger","Warcry","Pommel Strike"],"picked":"SKIP","floor":7.0},{"not_picked":["Offering","Reckless Charge","Warcry"],"picked":"SKIP","floor":11.0},{"not_picked":["Warcry","Body Slam"],"picked":"Evolve","floor":12.0},{"not_picked":["Headbutt","Rage"],"picked":"Battle Trance","floor":13.0},{"not_picked":["Power Through","Anger","Twin Strike"],"picked":"SKIP","floor":14.0},{"not_picked":["Thunderclap","Clash"],"picked":"Inflame","floor":18.0},{"not_picked":["Thunderclap","Blood for Blood","Cleave"],"picked":"SKIP","floor":22},{"not_picked":["Clothesline","Armaments+1","Wild Strike"],"picked":"SKIP","floor":24},{"not_picked":["Twin Strike","Searing Blow","Heavy Blade"],"picked":"SKIP","floor":27},{"not_picked":["Anger","Dual Wield","Cleave"],"picked":"SKIP","floor":29},{"not_picked":["Headbutt","Immolate","Fire Breathing"],"picked":"SKIP","floor":30}],"player_experience":591498,"relics_obtained":[{"floor":6.0,"key":"Art of War"},{"floor":9.0,"key":"Orichalcum"},{"floor":11.0,"key":"Vajra"},{"floor":26,"key":"Bottled Tornado"}],"event_choices":[{"damage_healed":0.0,"max_hp_gain":0.0,"max_hp_loss":0.0,"gold_gain":150.0,"event_name":"Liars Game","player_choice":"AGREE","floor":2.0,"gold_loss":0.0,"damage_taken":0.0,"cards_obtained":["Doubt"]},{"damage_healed":0.0,"max_hp_gain":0.0,"max_hp_loss":8.0,"gold_gain":0.0,"event_name":"Golden Idol","player_choice":"Lose Max HP","floor":4.0,"gold_loss":0.0,"damage_taken":0.0,"relics_obtained":["Golden Idol"]},{"damage_healed":15,"gold_gain":0,"player_choice":"Heal","damage_taken":0,"max_hp_gain":0,"max_hp_loss":0,"event_name":"The Library","floor":19,"gold_loss":0},{"damage_healed":0,"gold_gain":0,"player_choice":"Traded Relic","damage_taken":0,"relics_obtained":["Nloth\u0027s Gift"],"max_hp_gain":0,"max_hp_loss":0,"event_name":"N\u0027loth","floor":21,"relics_lost":["Orichalcum"],"gold_loss":0}],"is_beta":false,"boss_relics":[{"not_picked":["Runic Cube","Tiny House"],"picked":"Philosopher\u0027s Stone"}],"items_purged_floors":[3,31],"is_endless":false,"potions_floor_spawned":[6,11,16,22,24],"killed_by":"Champ","ascension_level":15}