{"gold_per_floor":[109,126,56,56,67,98,98,127,172,50,127,34,53,82,82,156,156,156,156,156,156,156,156,156,156,156,156,156,156,156,156,156,156,156,156,156,156,7,7,7,7,7,7,7,7,7,7,7,7,7],"floor_reached":51,"playtime":2223,"items_purged":["Strike_R"],"score":1360,"play_id":"0d0da48d-f56b-440e-ae01-12e4a1395071","local_time":"20190605191014","is_ascension_mode":true,"campfire_choices":[{"data":"Feed","floor":7.0,"key":"SMITH"},{"data":"Inflame","floor":15.0,"key":"SMITH"},{"floor":23.0,"key":"REST"},{"floor":25.0,"key":"REST"},{"data":"Demon Form","floor":29.0,"key":"SMITH"},{"floor":32.0,"key":"REST"},{"floor":42,"key":"REST"},{"floor":46,"key":"REST"},{"floor":49,"key":"REST"}],"neow_cost":"NONE","seed_source_timestamp":4299168728661763,"circlet_count":0,"master_deck":["AscendersBane","Strike_R","Strike_R","Strike_R","Strike_R","Defend_R","Defend_R","Defend_R","Bash+1","Twin Strike","Inflame","Headbutt","Feed+1","Rampage","Shrug It Off+1","True Grit+1","Inflame+1","Iron Wave","Demon Form+1","Cleave+1","Limit Break+1","Battle Trance+1","Battle Trance+1","Warcry+1","Offering+1","Shockwave+1","Enlightenment+1","Double Tap+1"],"special_seed":0,"relics":["Burning Blood","PreservedInsect","Toxic Egg 2","Regal Pillow","Omamori","Singing Bowl","Ectoplasm","Potion Belt","Bottled Tornado","Pantograph","Fusion Hammer","Oddly Smooth Stone","Bronze Scales","Bottled Flame","Mummified Hand","Bag of Marbles"],"potions_floor_usage":[40,41,41,47,47],"damage_taken":[{"damage":6.0,"enemies":"2 Louse","floor":1.0,"turns":4.0},{"damage":1.0,"enemies":"Cultist","floor":2.0,"turns":4.0},{"damage":3.0,"enemies":"Jaw Worm","floor":5.0,"turns":4.0},{"damage":20.0,"enemies":"Lagavulin","floor":6.0,"turns":3.0},{"damage":15.0,"enemies":"3 Sentries","floor":8.0,"turns":6.0},{"damage":8.0,"enemies":"Looter","floor":13.0,"turns":3.0},{"damage":20.0,"enemies":"Lagavulin","floor":14.0,"turns":4.0},{"damage":36.0,"enemies":"The Guardian","floor":16.0,"turns":10.0},{"damage":26.0,"enemies":"Chosen","floor":18.0,"turns":6.0},{"damage":25.0,"enemies":"Spheric Guardian","floor":20.0,"turns":4.0},{"damage":14.0,"enemies":"Centurion and Healer","floor":21.0,"turns":6.0},{"damage":22.0,"enemies":"Shelled Parasite and Fungi","floor":22.0,"turns":4.0},{"damage":47.0,"enemies":"Book of Stabbing","floor":24.0,"turns":6.0},{"damage":9.0,"enemies":"Gremlin Leader","floor":27.0,"turns":4.0},{"damage":0.0,"enemies":"Snecko","floor":30.0,"turns":3.0},{"damage":26.0,"enemies":"3 Cultists","floor":31.0,"turns":5.0},{"damage":45.0,"enemies":"Champ","floor":33.0,"turns":6.0},{"damage":18.0,"enemies":"3 Darklings","floor":35.0,"turns":3.0},{"damage":24.0,"enemies":"Orb Walker","floor":36.0,"turns":4.0},{"damage":0,"enemies":"Maw","floor":40,"turns":1},{"damage":28,"enemies":"Reptomancer","floor":41,"turns":4},{"damage":18,"enemies":"Giant Head","floor":44,"turns":5},{"damage":20,"enemies":"Reptomancer","floor":47,"turns":3},{"damage":42,"enemies":"Donu and Deca","floor":50,"turns":5}],"seed_played":"9122032458852163288","potions_obtained":[{"floor":2.0,"key":"Regen Potion"},{"floor":14.0,"key":"Ancient Potion"},{"floor":16.0,"key":"EssenceOfSteel"},{"floor":18.0,"key":"Strength Potion"},{"floor":22.0,"key":"SkillPotion"},{"floor":24.0,"key":"Weak Potion"},{"floor":28.0,"key":"Poison Potion"},{"floor":28.0,"key":"SteroidPotion"},{"floor":28.0,"key":"SmokeBomb"},{"floor":30.0,"key":"Ancient Potion"},{"floor":36.0,"key":"Fire Potion"},{"floor":44,"key":"PowerPotion"},{"floor":47,"key":"SneckoOil"}],"is_trial":false,"path_per_floor":["M","M","$","?","M","E","R","E","T","$","?","$","M","E","R","B",null,"M","?","M","M","M","R","E","R","T","E","?","R","M","M","R","B",null,"M","M","?","$","?","M","E","R","T","E","$","R","E","$","R","B",null],"character_chosen":"IRONCLAD","items_purchased":["Inflame","Shrug It Off+1","True Grit+1","Inflame","Oddly Smooth Stone"],"campfire_rested":6,"item_purchase_floors":[3,10,12,12,38],"current_hp_per_floor":[68,73,73,73,75,61,61,56,56,56,56,56,54,51,51,21,69,49,49,32,28,16,59,20,64,64,61,61,61,71,57,104,72,101,89,73,73,73,73,79,63,113,113,101,101,119,111,111,125,93],"gold":7,"neow_bonus":"RANDOM_COMMON_RELIC","is_prod":false,"is_daily":false,"chose_seed":false,"campfire_upgraded":3,"win_rate":0,"timestamp":1559776214,"path_taken":["M","M","$","?","?","E","R","E","T","$","?","$","M","E","R","BOSS","M","?","?","?","M","R","E","R","T","E","?","R","M","M","R","BOSS","M","?","?","?","?","M","E","R","T","E","$","R","E","$","R","BOSS"],"build_version":"2019-01-23","purchased_purges":1,"victory":true,"max_hp_per_floor":[75,75,75,75,75,75,75,79,79,79,79,79,79,85,85,85,85,85,85,87,91,95,95,97,97,97,97,97,97,101,107,107,111,111,111,113,113,113,113,113,119,119,119,119,119,119,125,125,125,129],"card_choices":[{"not_picked":["Armaments","Sentinel"],"picked":"Twin Strike","floor":1.0},{"not_picked":["Havoc","Warcry","Fire Breathing"],"picked":"SKIP","floor":2.0},{"not_picked":["Cleave","Heavy Blade"],"picked":"Headbutt","floor":5.0},{"not_picked":["Sword Boomerang","Clothesline"],"picked":"Feed","floor":6.0},{"not_picked":["True Grit+1","Feed"],"picked":"Rampage","floor":8.0},{"not_picked":["Infernal Blade+1","Uppercut"],"picked":"Iron Wave","floor":13.0},{"not_picked":["Twin Strike","Second Wind+1","Carnage"],"picked":"Singing Bowl","floor":14.0},{"not_picked":["Reaper","Bludgeon"],"picked":"Demon Form","floor":16.0},{"not_picked":["Thunderclap","Metallicize"],"picked":"Cleave+1","floor":18.0},{"not_picked":["Wild Strike","Twin Strike","Cleave"],"picked":"Singing Bowl","floor":20.0},{"not_picked":["Dual Wield+1","Headbutt"],"picked":"Limit Break+1","floor":21.0},{"not_picked":["Shrug It Off+1","Anger"],"picked":"Battle Trance+1","floor":22.0},{"not_picked":["Havoc+1","Burning Pact+1","Rupture"],"picked":"Singing Bowl","floor":24.0},{"not_picked":["Rage+1","Bloodletting+1"],"picked":"Battle Trance+1","floor":27.0},{"not_picked":["Anger","Second Wind+1"],"picked":"Warcry+1","floor":30.0},{"not_picked":["Twin Strike","Clothesline","Fire Breathing"],"picked":"Singing Bowl","floor":31.0},{"not_picked":["Impervious+1","Dark Embrace"],"picked":"Offering+1","floor":33.0},{"not_picked":["Iron Wave","Dual Wield+1"],"picked":"Shockwave+1","floor":35.0},{"not_picked":["Warcry+1","Uppercut","Seeing Red+1"],"picked":"Singing Bowl","floor":36.0},{"not_picked":["PanicButton+1","Master of Strategy+1"],"picked":"Enlightenment+1","floor":39.0},{"not_picked":["Dual Wield+1","Iron Wave","Disarm+1"],"picked":"Singing Bowl","floor":41},{"not_picked":["Sever Soul+1","Clash"],"picked":"Double Tap+1","floor":44},{"not_picked":["Corruption","Havoc+1","Reckless Charge+1"],"picked":"Singing Bowl","floor":47}],"player_experience":175994,"relics_obtained":[{"floor":6.0,"key":"Toxic Egg 2"},{"floor":8.0,"key":"Regal Pillow"},{"floor":9.0,"key":"Omamori"},{"floor":14.0,"key":"Singing Bowl"},{"floor":24.0,"key":"Potion Belt"},{"floor":26.0,"key":"Bottled Tornado"},{"floor":27.0,"key":"Pantograph"},{"floor":41,"key":"Bronze Scales"},{"floor":43,"key":"Bottled Flame"},{"floor":44,"key":"Mummified Hand"},{"floor":47,"key":"Bag of Marbles"}],"event_choices":[{"damage_healed":0.0,"max_hp_gain":0.0,"max_hp_loss":0.0,"gold_gain":0.0,"event_name":"Upgrade Shrine","player_choice":"Upgraded","floor":4.0,"gold_loss":0.0,"damage_taken":0.0,"cards_upgraded":["Bash"]},{"damage_healed":0.0,"max_hp_gain":0.0,"max_hp_loss":0.0,"gold_gain":77.0,"event_name":"Golden Wing","player_choice":"Gained Gold","floor":11.0,"gold_loss":0.0,"damage_taken":0.0},{"damage_healed":0.0,"max_hp_gain":0.0,"max_hp_loss":0.0,"gold_gain":0.0,"event_name":"The Woman in Blue","player_choice":"Bought 0 Potions","floor":19.0,"gold_loss":0.0,"damage_taken":0.0},{"damage_healed":0.0,"max_hp_gain":0.0,"max_hp_loss":0.0,"gold_gain":0.0,"event_name":"Lab","player_choice":"Got Potions","floor":28.0,"gold_loss":0.0,"damage_taken":0.0},{"cards_removed":["Defend_R"],"damage_healed":0.0,"max_hp_gain":0.0,"max_hp_loss":0.0,"gold_gain":0.0,"event_name":"Falling","player_choice":"Removed Skill","floor":37.0,"gold_loss":0.0,"damage_taken":0.0},{"damage_healed":0.0,"max_hp_gain":0.0,"max_hp_loss":0.0,"gold_gain":0.0,"event_name":"SensoryStone","player_choice":"Memory 1","floor":39.0,"gold_loss":0.0,"damage_taken":0.0}],"is_beta":false,"boss_relics":[{"not_picked":["Lizard Tail","Tiny House"],"picked":"Ectoplasm"},{"not_picked":["Empty Cage","Snecko Eye"],"picked":"Fusion Hammer"}],"items_purged_floors":[10],"is_endless":false,"potions_floor_spawned":[2,14,16,18,22,24,30,36,44,47],"ascension_level":14}