{"path_per_floor":["M","?","M","$","?","E","R","M","T","M","?","M","?","M","R","B",null,"M","?","M","M","M","R"],"character_chosen":"DEFECT","items_purchased":[],"gold_per_floor":[110,110,128,128,128,163,163,180,180,199,199,212,177,197,197,302,302,302,302,302,302,302,302,302],"floor_reached":24,"campfire_rested":1,"playtime":1076,"item_purchase_floors":[],"current_hp_per_floor":[64,64,61,61,66,44,44,43,43,30,22,20,40,29,53,18,80,76,76,57,52,51,51,0],"items_purged":[],"gold":302,"score":200,"play_id":"3c123029-7622-420f-bb48-73fe8badc77e","local_time":"20180529165938","is_prod":false,"is_daily":false,"chose_seed":false,"is_ascension_mode":false,"campfire_upgraded":2,"win_rate":0,"timestamp":1527577178,"campfire_choices":[{"data":"Beam Cell","floor":7,"key":"SMITH"},{"floor":15,"key":"REST"},{"data":"Electrodynamics","floor":23,"key":"SMITH"}],"path_taken":["M","?","?","$","?","E","R","M","T","M","?","M","?","M","R","BOSS","M","?","M","M","M","R","E"],"build_version":"2018-05-27","seed_source_timestamp":27799338974134,"purchased_purges":0,"victory":false,"master_deck":["Strike_B","Strike_B","Strike_B","Strike_B","Defend_B","Defend_B","Defend_B","Defend_B","Zap+1","Dualcast","Beam Cell+1","BootSequence","Doom and Gloom","Fusion","Rebound","Barrage","Reboot","Electrodynamics+1","Defragment","Go for the Eyes+1","Undo+1"],"max_hp_per_floor":[75,75,75,75,80,80,80,80,80,80,80,80,80,80,80,80,80,80,80,80,80,80,80,80],"relics":["Cracked Core","Potion Belt","Bottled Flame","Kunai","Ectoplasm"],"card_choices":[{"not_picked":["Undo","Cold Snap"],"picked":"Beam Cell","floor":1},{"not_picked":["Blizzard","Coolheaded"],"picked":"BootSequence","floor":3},{"not_picked":["Amplify","Rebound"],"picked":"Doom and Gloom","floor":6},{"not_picked":["Barrage","Skim"],"picked":"Fusion","floor":8},{"not_picked":["Beam Cell","Conserve Battery"],"picked":"Rebound","floor":10},{"not_picked":["Stack","Coolheaded"],"picked":"Barrage","floor":12},{"not_picked":["Hologram","Cold Snap"],"picked":"Reboot","floor":14},{"not_picked":["Reboot","All For One"],"picked":"Electrodynamics","floor":16},{"not_picked":["Aggregate","Cold Snap+1"],"picked":"Defragment","floor":18},{"not_picked":["Streamline","Chaos"],"picked":"Go for the Eyes+1","floor":20},{"not_picked":["Sweeping Beam+1","Leap"],"picked":"Undo+1","floor":21},{"not_picked":["Reinforced Body+1","Steam+1","Turbo+1"],"picked":"SKIP","floor":22}],"player_experience":26668,"potions_floor_usage":[6,21,21],"damage_taken":[{"damage":11,"enemies":"2 Louse","floor":1,"turns":3},{"damage":3,"enemies":"Jaw Worm","floor":3,"turns":3},{"damage":22,"enemies":"3 Sentries","floor":6,"turns":5},{"damage":1,"enemies":"Cultist","floor":8,"turns":3},{"damage":13,"enemies":"Red Slaver","floor":10,"turns":4},{"damage":2,"enemies":"3 Louse","floor":12,"turns":3},{"damage":11,"enemies":"Large Slime","floor":14,"turns":4},{"damage":35,"enemies":"The Guardian","floor":16,"turns":7},{"damage":4,"enemies":"3 Byrds","floor":18,"turns":3},{"damage":19,"enemies":"Shell Parasite","floor":20,"turns":6},{"damage":5,"enemies":"Snake Plant","floor":21,"turns":3},{"damage":1,"enemies":"Centurion and Healer","floor":22,"turns":5},{"damage":51,"enemies":"Slavers","floor":24,"turns":3}],"relics_obtained":[{"floor":6,"key":"Bottled Flame"},{"floor":9,"key":"Kunai"}],"event_choices":[{"event_name":"Living Wall","player_choice":"Grow","floor":2,"damage_taken":0},{"event_name":"Big Fish","player_choice":"Donut","floor":5,"damage_taken":0},{"event_name":"Wheel of Change","player_choice":"Damage","floor":11,"damage_taken":0},{"event_name":"The Cleric","player_choice":"Healed","floor":13,"damage_taken":0},{"event_name":"Vampires","player_choice":"Ignored","floor":19,"damage_taken":0}],"boss_relics":[{"not_picked":["Velvet Choker","Orrery"],"picked":"Ectoplasm"}],"items_purged_floors":[],"potions_floor_spawned":[1,6,8,16,18,21],"seed_played":"1836777235774434454","killed_by":"Slavers","ascension_level":0,"potions_obtained":[{"floor":1,"key":"PowerPotion"},{"floor":6,"key":"Energy Potion"},{"floor":8,"key":"Explosive Potion"},{"floor":16,"key":"Strength Potion"},{"floor":18,"key":"Poison Potion"},{"floor":21,"key":"SneckoOil"}],"is_trial":false}