{"gold_per_floor":[110,120,133,148,24,24,24,36,84,100,100,0,75,105,105,202,202,216,42,42,56,68,99,117,16,16,16,16,33,61,81,81,178,178,198,217,91,91],"floor_reached":38,"playtime":1933,"items_purged":["Strike_R","Decay","Strike_R"],"score":564,"play_id":"3a6f64f3-aebc-45c8-8f35-9355f66b2b4d","local_time":"20180814214948","is_ascension_mode":true,"campfire_choices":[{"data":"Whirlwind","floor":6.0,"key":"SMITH"},{"data":"True Grit","floor":11.0,"key":"SMITH"},{"data":"True Grit","floor":15.0,"key":"SMITH"},{"floor":27.0,"key":"REST"},{"floor":32.0,"key":"REST"}],"neow_cost":"","seed_source_timestamp":0,"circlet_count":0,"master_deck":["Strike_R","Strike_R","Strike_R","Defend_R","Defend_R","Defend_R","Defend_R","Bash","Sword Boomerang","Shrug It Off","Whirlwind+1","Inflame","True Grit+1","True Grit+1","Metallicize","Demon Form","Shrug It Off","Headbutt","Metallicize"],"special_seed":0,"relics":["Burning Blood","Centennial Puzzle","Self Forming Clay","Busted Crown","Vajra","Du-Vu Doll","Red Skull","Eternal Feather"],"potions_floor_usage":[],"damage_taken":[{"damage":6.0,"enemies":"Cultist","floor":1.0,"turns":4.0},{"damage":7.0,"enemies":"Small Slimes","floor":2.0,"turns":3.0},{"damage":2.0,"enemies":"Jaw Worm","floor":3.0,"turns":5.0},{"damage":2.0,"enemies":"2 Fungi Beasts","floor":4.0,"turns":4.0},{"damage":14.0,"enemies":"Exordium Wildlife","floor":8.0,"turns":3.0},{"damage":0.0,"enemies":"Lots of Slimes","floor":10.0,"turns":1.0},{"damage":3.0,"enemies":"3 Sentries","floor":14.0,"turns":4.0},{"damage":19.0,"enemies":"Slime Boss","floor":16.0,"turns":9.0},{"damage":17.0,"enemies":"Shell Parasite","floor":18.0,"turns":5.0},{"damage":12.0,"enemies":"Chosen","floor":21.0,"turns":6.0},{"damage":18.0,"enemies":"Snake Plant","floor":22.0,"turns":5.0},{"damage":27.0,"enemies":"Gremlin Leader","floor":23.0,"turns":6.0},{"damage":10.0,"enemies":"Centurion and Healer","floor":24.0,"turns":6.0},{"damage":14.0,"enemies":"Snecko","floor":29.0,"turns":7.0},{"damage":31.0,"enemies":"Book of Stabbing","floor":30.0,"turns":7.0},{"damage":0.0,"enemies":"3 Cultists","floor":31.0,"turns":3.0},{"damage":26.0,"enemies":"Champ","floor":33.0,"turns":11.0},{"damage":28.0,"enemies":"3 Shapes","floor":35.0,"turns":6.0},{"damage":17.0,"enemies":"Orb Walker","floor":36.0,"turns":4.0},{"damage":44,"enemies":"4 Shapes","floor":38,"turns":3}],"seed_played":"-8267795814033941356","potions_obtained":[{"floor":3.0,"key":"Weak Potion"},{"floor":4.0,"key":"Explosive Potion"},{"floor":21.0,"key":"Block Potion"},{"floor":23.0,"key":"Block Potion"},{"floor":29.0,"key":"Poison Potion"},{"floor":31.0,"key":"SpeedPotion"}],"is_trial":false,"path_per_floor":["M","M","M","M","$","R","?","M","T","M","R","$","?","E","R","B",null,"M","$","?","M","M","E","M","$","T","R","?","M","E","M","R","B",null,"M","M","$"],"character_chosen":"IRONCLAD","items_purchased":["Block Potion","Strength Potion","Strength Potion","Energy Potion","Metallicize","Strength Potion"],"campfire_rested":2,"item_purchase_floors":[5,19,25,25,37,37],"current_hp_per_floor":[72,71,75,79,79,79,79,71,71,77,77,77,66,69,69,56,74,63,63,63,57,45,24,20,20,20,44,70,62,37,43,67,47,72,50,39,39,0],"gold":91,"neow_bonus":"","is_prod":false,"is_daily":false,"chose_seed":false,"campfire_upgraded":3,"win_rate":0,"timestamp":1534297788,"path_taken":["M","M","M","?","$","R","?","?","T","M","R","$","?","E","R","BOSS","M","?","?","M","M","E","M","$","T","R","?","M","E","M","R","BOSS","M","M","$","M"],"build_version":"2018-08-09","purchased_purges":3,"victory":false,"max_hp_per_floor":[80,80,80,80,80,80,80,80,80,80,80,80,80,80,80,80,80,80,80,80,80,80,80,80,80,80,80,80,80,80,80,80,80,80,80,80,80,80],"card_choices":[{"not_picked":["Wild Strike","Sentinel"],"picked":"Sword Boomerang","floor":1.0},{"not_picked":["Double Tap","Clash"],"picked":"Shrug It Off","floor":2.0},{"not_picked":["Warcry","Havoc"],"picked":"Whirlwind","floor":3.0},{"not_picked":["Heavy Blade","Intimidate"],"picked":"Inflame","floor":4.0},{"not_picked":["Anger","Exhume"],"picked":"True Grit","floor":8.0},{"not_picked":["Clash","Ghostly Armor"],"picked":"True Grit","floor":10.0},{"not_picked":["Impervious","Clash"],"picked":"Metallicize","floor":14.0},{"not_picked":["Berserk","Impervious"],"picked":"Demon Form","floor":16.0},{"not_picked":["Fire Breathing"],"picked":"SKIP","floor":18.0},{"not_picked":[],"picked":"Shrug It Off","floor":21.0},{"not_picked":["Iron Wave"],"picked":"SKIP","floor":22.0},{"not_picked":["Bloodletting"],"picked":"SKIP","floor":23.0},{"not_picked":["Flex"],"picked":"SKIP","floor":24.0},{"not_picked":["Rupture+1"],"picked":"SKIP","floor":29.0},{"not_picked":["Power Through"],"picked":"SKIP","floor":30.0},{"not_picked":["Uppercut"],"picked":"SKIP","floor":31.0},{"not_picked":["True Grit+1"],"picked":"SKIP","floor":35.0},{"not_picked":[],"picked":"Headbutt","floor":36.0}],"player_experience":85238,"relics_obtained":[{"floor":9.0,"key":"Centennial Puzzle"},{"floor":14.0,"key":"Self Forming Clay"},{"floor":23.0,"key":"Vajra"},{"floor":26.0,"key":"Du-Vu Doll"},{"floor":30.0,"key":"Red Skull"}],"event_choices":[{"event_name":"Wheel of Change","player_choice":"Curse","floor":7.0,"damage_taken":0.0},{"event_name":"World of Goop","player_choice":"Gather Gold","floor":13.0,"damage_taken":0.0},{"event_name":"Addict","player_choice":"Ignored","floor":20.0,"damage_taken":0.0},{"event_name":"The Library","player_choice":"Heal","floor":28.0,"damage_taken":0.0}],"is_beta":false,"boss_relics":[{"not_picked":["Runic Dome","Runic Cube"],"picked":"Busted Crown"},{"not_picked":["Orrery","Coffee Dripper"],"picked":"Eternal Feather"}],"items_purged_floors":[5,12,19],"is_endless":false,"potions_floor_spawned":[3,4,21,23,29,31],"killed_by":"4 Shapes","ascension_level":7}