{"gold_per_floor":[116,132,132,146,160,189,202,202,202,202,221,221,239,257,257,354,354,371,371,401,66,77,77,36,36,36,49,61,78,78,91,91,91],"floor_reached":33,"playtime":1450,"items_purged":[],"score":266,"play_id":"3ef7f3d9-a9c7-4660-a4db-8882fe314900","local_time":"20180707115754","is_ascension_mode":true,"campfire_choices":[{"floor":8,"key":"REST"},{"data":"White Noise","floor":10,"key":"SMITH"},{"data":"Defragment","floor":12,"key":"SMITH"},{"floor":15,"key":"REST"},{"data":"Amplify","floor":23,"key":"SMITH"},{"floor":25,"key":"REST"},{"floor":32,"key":"REST"}],"neow_cost":"NONE","seed_source_timestamp":21545437727908,"circlet_count":0,"master_deck":["Strike_B+1","Strike_B","Strike_B","Strike_B","Defend_B","Defend_B","Defend_B","Defend_B","Zap","Dualcast+1","Thunder Strike","BootSequence","Conserve Battery","Streamline","White Noise+1","Biased Cognition","Chaos","Defragment+1","Conserve Battery","Steam","Creative AI","Tempest","Amplify+1","Consume","Coolheaded+1","Chill","Redo+1"],"relics":["Cracked Core","Bottled Flame","Pear","Nuclear Battery","Enchiridion","Tiny Chest","TwistedFunnel","Smiling Mask"],"potions_floor_usage":[14,31,31,31],"damage_taken":[{"damage":0,"enemies":"Small Slimes","floor":1,"turns":3},{"damage":10,"enemies":"Jaw Worm","floor":2,"turns":4},{"damage":0,"enemies":"2 Louse","floor":4,"turns":3},{"damage":15,"enemies":"Exordium Thugs","floor":5,"turns":5},{"damage":27,"enemies":"Lagavulin","floor":6,"turns":7},{"damage":5,"enemies":"3 Louse","floor":7,"turns":3},{"damage":0,"enemies":"Looter","floor":11,"turns":3},{"damage":1,"enemies":"2 Fungi Beasts","floor":13,"turns":3},{"damage":19,"enemies":"Exordium Wildlife","floor":14,"turns":3},{"damage":45,"enemies":"Hexaghost","floor":16,"turns":10},{"damage":27,"enemies":"3 Byrds","floor":18,"turns":5},{"damage":5,"enemies":"Shell Parasite","floor":22,"turns":4},{"damage":10,"enemies":"Cultist and Chosen","floor":27,"turns":5},{"damage":25,"enemies":"Centurion and Healer","floor":28,"turns":6},{"damage":5,"enemies":"Snake Plant","floor":29,"turns":3},{"damage":14,"enemies":"Sentry and Sphere","floor":31,"turns":5},{"damage":61,"enemies":"Champ","floor":33,"turns":15}],"seed_played":"-4609037499588303013","potions_obtained":[{"floor":1,"key":"SteroidPotion"},{"floor":5,"key":"Ancient Potion"},{"floor":11,"key":"Strength Potion"},{"floor":13,"key":"Regen Potion"},{"floor":14,"key":"Energy Potion"},{"floor":28,"key":"Regen Potion"}],"is_trial":false,"path_per_floor":["M","M","?","M","M","E","M","R","T","R","M","R","M","M","R","B",null,"M","?","?","$","M","R","$","R","T","M","M","M","$","M","R"],"character_chosen":"DEFECT","items_purchased":["TwistedFunnel","Amplify","Consume"],"campfire_rested":4,"item_purchase_floors":[21,21,24],"current_hp_per_floor":[75,65,50,50,35,8,3,25,35,35,35,35,34,24,49,4,85,58,42,42,42,37,37,37,62,62,52,27,22,22,29,54,0],"gold":91,"neow_bonus":"ONE_RANDOM_RARE_CARD","is_prod":false,"is_daily":false,"chose_seed":false,"campfire_upgraded":3,"win_rate":0,"timestamp":1530928674,"path_taken":["M","M","?","M","M","E","M","R","T","R","M","R","M","M","R","BOSS","M","?","?","$","?","R","?","R","T","?","M","M","?","M","R","BOSS"],"build_version":"2018-07-05","purchased_purges":0,"victory":false,"max_hp_per_floor":[75,75,75,75,75,75,75,75,85,85,85,85,85,85,85,85,85,85,85,85,85,85,85,85,85,85,85,85,85,85,85,85,85],"card_choices":[{"not_picked":["Beam Cell","Gash"],"picked":"BootSequence","floor":1},{"not_picked":["Redo","Barrage"],"picked":"Conserve Battery","floor":2},{"not_picked":["Darkness","Loop"],"picked":"Streamline","floor":4},{"not_picked":["Aggregate","Lockon"],"picked":"White Noise","floor":5},{"not_picked":["Coolheaded","Sweeping Beam","Biased Cognition"],"picked":"SKIP","floor":6},{"not_picked":["Coolheaded","Sweeping Beam"],"picked":"Biased Cognition","floor":6},{"not_picked":["Compile Driver","Beam Cell"],"picked":"Chaos","floor":7},{"not_picked":["Turbo","Undo"],"picked":"Defragment","floor":11},{"not_picked":["Leap","Coolheaded"],"picked":"Conserve Battery","floor":13},{"not_picked":["Rip and Tear","Stack"],"picked":"Steam","floor":14},{"not_picked":["Thunder Strike","Buffer"],"picked":"Creative AI","floor":16},{"not_picked":["Stack","Hologram"],"picked":"Tempest","floor":18},{"not_picked":["Stack","Compile Driver","Undo"],"picked":"SKIP","floor":22},{"not_picked":["Compile Driver+1","Turbo+1","Blizzard"],"picked":"SKIP","floor":27},{"not_picked":["Compile Driver","Stack"],"picked":"Coolheaded+1","floor":28},{"not_picked":["Gash","Buffer"],"picked":"Chill","floor":29},{"not_picked":["Sunder","Hello World"],"picked":"Redo+1","floor":31}],"player_experience":84947,"relics_obtained":[{"floor":6,"key":"Bottled Flame"},{"floor":9,"key":"Pear"},{"floor":19,"key":"Enchiridion"},{"floor":26,"key":"Smiling Mask"}],"event_choices":[{"event_name":"Shining Light","player_choice":"Entered Light","floor":3,"damage_taken":0},{"event_name":"Cursed Tome","player_choice":"Obtained Book","floor":19,"damage_taken":0},{"event_name":"The Mausoleum","player_choice":"Yes","floor":20,"damage_taken":0}],"boss_relics":[{"not_picked":["Inserter","Eternal Feather"],"picked":"Nuclear Battery"}],"items_purged_floors":[],"is_endless":false,"potions_floor_spawned":[1,5,11,13,14,27,28,29],"killed_by":"Champ","ascension_level":1}