{"gold_per_floor":[212,212,212,137,161,161,161,161,161,175,210,210,243,34,34,130,130,145,145],"floor_reached":19,"playtime":520,"items_purged":[],"score":318,"play_id":"a15d665a-21dd-4997-a992-ef29f2cb809c","local_time":"20190525143235","is_ascension_mode":true,"campfire_choices":[{"data":"Bash","floor":6.0,"key":"SMITH"},{"data":"Shrug It Off","floor":8.0,"key":"SMITH"},{"data":"Clothesline","floor":12.0,"key":"SMITH"},{"data":"Demon Form","floor":15.0,"key":"SMITH"}],"neow_cost":"NONE","seed_source_timestamp":47925885558930,"circlet_count":0,"master_deck":["AscendersBane","Strike_R","Strike_R","Strike_R","Strike_R+1","Defend_R","Defend_R","Defend_R","Defend_R","Bash+1","Pommel Strike+1","Shrug It Off+1","Iron Wave","Clothesline+1","Demon Form+1","Whirlwind"],"special_seed":0,"relics":["Burning Blood","Golden Idol","Meat on the Bone","Question Card","Odd Mushroom","The Courier","Anchor","Eternal Feather"],"potions_floor_usage":[19],"damage_taken":[{"damage":7.0,"enemies":"Small Slimes","floor":1.0,"turns":4.0},{"damage":3.0,"enemies":"2 Louse","floor":5.0,"turns":2.0},{"damage":1.0,"enemies":"Cultist","floor":10.0,"turns":4.0},{"damage":27.0,"enemies":"The Mushroom Lair","floor":11.0,"turns":6.0},{"damage":25.0,"enemies":"Lagavulin","floor":13.0,"turns":5.0},{"damage":41.0,"enemies":"Slime Boss","floor":16.0,"turns":9.0},{"damage":23.0,"enemies":"Chosen","floor":18.0,"turns":6.0},{"damage":55,"enemies":"3 Byrds","floor":19,"turns":5}],"seed_played":"2339381551086464436","potions_obtained":[{"floor":10.0,"key":"Regen Potion"},{"floor":16.0,"key":"Regen Potion"}],"is_trial":false,"path_per_floor":["M","?","?","?","M","R","T","R","T","M","?","R","E","$","R","B",null,"M","M"],"character_chosen":"IRONCLAD","items_purchased":["Anchor","Whirlwind"],"campfire_rested":0,"item_purchase_floors":[14,14],"current_hp_per_floor":[67,44,44,44,47,47,47,47,47,52,43,43,50,50,50,27,58,41,0],"gold":145,"neow_bonus":"HUNDRED_GOLD","is_prod":false,"is_daily":false,"chose_seed":false,"campfire_upgraded":4,"win_rate":0,"timestamp":1558816355,"path_taken":["M","?","?","?","M","R","?","R","T","?","?","R","E","$","R","BOSS","M","M"],"build_version":"2019-01-23","purchased_purges":0,"victory":false,"max_hp_per_floor":[75,75,68,68,68,68,68,68,68,68,68,68,68,68,68,68,68,68,68],"card_choices":[{"not_picked":["Thunderclap","Blood for Blood"],"picked":"Pommel Strike","floor":1.0},{"not_picked":["Heavy Blade","Body Slam"],"picked":"Shrug It Off","floor":5.0},{"not_picked":["Sword Boomerang","Infernal Blade","Thunderclap"],"picked":"Iron Wave","floor":10.0},{"not_picked":["Carnage","Havoc","Warcry"],"picked":"Clothesline","floor":11.0},{"not_picked":["Feel No Pain","Sword Boomerang","Disarm"],"picked":"Demon Form","floor":13.0},{"not_picked":["Entrench","Rupture","Perfected Strike","Cleave+1"],"picked":"SKIP","floor":18.0}],"player_experience":608612,"relics_obtained":[{"floor":7.0,"key":"Meat on the Bone"},{"floor":9.0,"key":"Question Card"},{"floor":11.0,"key":"Odd Mushroom"},{"floor":13.0,"key":"The Courier"}],"event_choices":[{"damage_healed":0.0,"max_hp_gain":0.0,"max_hp_loss":0.0,"gold_gain":0.0,"event_name":"Shining Light","player_choice":"Entered Light","floor":2.0,"gold_loss":0.0,"damage_taken":23.0,"cards_upgraded":["Strike_R","Pommel Strike"]},{"damage_healed":0.0,"max_hp_gain":0.0,"max_hp_loss":7.0,"gold_gain":0.0,"event_name":"Golden Idol","player_choice":"Lose Max HP","floor":3.0,"gold_loss":0.0,"damage_taken":0.0,"relics_obtained":["Golden Idol"]},{"cards_removed":["Strike_R"],"damage_healed":0.0,"max_hp_gain":0.0,"max_hp_loss":0.0,"gold_gain":0.0,"event_name":"The Cleric","player_choice":"Card Removal","floor":4.0,"gold_loss":75.0,"damage_taken":0.0},{"damage_healed":0.0,"max_hp_gain":0.0,"max_hp_loss":0.0,"gold_gain":0.0,"event_name":"Mushrooms","player_choice":"Fought Mushrooms","floor":11.0,"gold_loss":0.0,"damage_taken":0.0}],"is_beta":false,"boss_relics":[{"not_picked":["Orrery","Lizard Tail"],"picked":"Eternal Feather"}],"items_purged_floors":[],"is_endless":false,"potions_floor_spawned":[10,16],"killed_by":"3 Byrds","ascension_level":19}