{"gold_per_floor":[215,4,4,21,21,21,54,87,87,87,111,111,111,111,111,206,206,224,424,19,19],"floor_reached":21,"playtime":579,"items_purged":["Strike_R"],"score":337,"play_id":"374c58bd-9fab-4af1-a519-f60dfaab6708","local_time":"20190526195756","is_ascension_mode":true,"campfire_choices":[{"data":"Bash","floor":6.0,"key":"SMITH"},{"data":"Iron Wave","floor":10.0,"key":"SMITH"},{"data":"Defend_R","floor":12.0,"key":"SMITH"},{"data":"Defend_R","floor":15.0,"key":"SMITH"}],"neow_cost":"NONE","seed_source_timestamp":0,"circlet_count":0,"master_deck":["AscendersBane","Strike_R","Strike_R","Strike_R","Strike_R","Defend_R+1","Defend_R+1","Defend_R","Defend_R","Bash+1","Pommel Strike+1","Iron Wave+1","Impervious"],"special_seed":0,"relics":["Burning Blood","Brimstone","Golden Idol","Odd Mushroom","Letter Opener","Prayer Wheel","Art of War","Cursed Key","Turnip"],"potions_floor_usage":[21],"damage_taken":[{"damage":16.0,"enemies":"Jaw Worm","floor":1.0,"turns":6.0},{"damage":8.0,"enemies":"Small Slimes","floor":4.0,"turns":2.0},{"damage":4.0,"enemies":"The Mushroom Lair","floor":7.0,"turns":3.0},{"damage":22.0,"enemies":"Lagavulin","floor":8.0,"turns":3.0},{"damage":0.0,"enemies":"2 Louse","floor":11.0,"turns":3.0},{"damage":16.0,"enemies":"Slime Boss","floor":16.0,"turns":7.0},{"damage":6.0,"enemies":"2 Thieves","floor":18.0,"turns":3.0},{"damage":75,"enemies":"3 Byrds","floor":21,"turns":3}],"seed_played":"-4114830493083709407","potions_obtained":[{"floor":1.0,"key":"Explosive Potion"},{"floor":8.0,"key":"BloodPotion"}],"is_trial":false,"path_per_floor":["M","$","?","M","?","R","?","E","T","R","M","R","T","$","R","B",null,"M","?","$","M"],"character_chosen":"IRONCLAD","items_purchased":["Brimstone","Turnip"],"campfire_rested":0,"item_purchase_floors":[2,20],"current_hp_per_floor":[58,58,58,56,56,56,58,42,42,42,48,48,48,48,48,38,61,61,61,61,0],"gold":19,"neow_bonus":"HUNDRED_GOLD","is_prod":false,"is_daily":false,"chose_seed":false,"campfire_upgraded":4,"win_rate":0,"timestamp":1558922276,"path_taken":["M","$","?","M","?","R","?","E","T","R","?","R","?","$","R","BOSS","M","?","?","M"],"build_version":"2019-01-23","purchased_purges":1,"victory":false,"max_hp_per_floor":[75,75,75,75,68,68,68,68,68,68,68,68,68,68,68,68,68,68,68,68,68],"card_choices":[{"not_picked":["Bloodletting","Armaments"],"picked":"Pommel Strike","floor":1.0},{"not_picked":["Rage","Armaments","Anger"],"picked":"SKIP","floor":4.0},{"not_picked":["Dual Wield","True Grit"],"picked":"Iron Wave","floor":7.0},{"not_picked":["True Grit","Sever Soul","Wild Strike"],"picked":"SKIP","floor":8.0},{"not_picked":["Anger","Inflame","Pommel Strike"],"picked":"SKIP","floor":11.0},{"not_picked":["Flex","Headbutt","Feel No Pain"],"picked":"SKIP","floor":11.0},{"not_picked":["Fiend Fire","Bludgeon"],"picked":"Impervious","floor":16.0},{"not_picked":["Thunderclap","Body Slam","Cleave"],"picked":"SKIP","floor":18.0},{"not_picked":["Inflame","Seeing Red","Clash"],"picked":"SKIP","floor":18.0}],"player_experience":617823,"relics_obtained":[{"floor":7.0,"key":"Odd Mushroom"},{"floor":8.0,"key":"Letter Opener"},{"floor":9.0,"key":"Prayer Wheel"},{"floor":13.0,"key":"Art of War"}],"event_choices":[{"damage_healed":0.0,"max_hp_gain":0.0,"max_hp_loss":0.0,"gold_gain":0.0,"event_name":"Living Wall","player_choice":"Grow","floor":3.0,"gold_loss":0.0,"damage_taken":0.0,"cards_upgraded":["Pommel Strike"]},{"damage_healed":0.0,"max_hp_gain":0.0,"max_hp_loss":7.0,"gold_gain":0.0,"event_name":"Golden Idol","player_choice":"Lose Max HP","floor":5.0,"gold_loss":0.0,"damage_taken":0.0,"relics_obtained":["Golden Idol"]},{"damage_healed":0.0,"max_hp_gain":0.0,"max_hp_loss":0.0,"gold_gain":0.0,"event_name":"Mushrooms","player_choice":"Fought Mushrooms","floor":7.0,"gold_loss":0.0,"damage_taken":0.0},{"damage_healed":0.0,"max_hp_gain":0.0,"max_hp_loss":0.0,"gold_gain":200.0,"event_name":"Wheel of Change","player_choice":"Gold","floor":19.0,"gold_loss":0.0,"damage_taken":0.0}],"is_beta":false,"boss_relics":[{"not_picked":["Snecko Eye","Philosopher\u0027s Stone"],"picked":"Cursed Key"}],"items_purged_floors":[20],"is_endless":false,"potions_floor_spawned":[1,8],"killed_by":"3 Byrds","ascension_level":19}