{"gold_per_floor":[116,116,116,116,140,181,181,212,285,301,286],"floor_reached":11,"playtime":594,"items_purged":[],"score":117,"play_id":"897c171e-5b2e-4d4d-b88f-763b8c58b0c7","local_time":"20190607065134","is_ascension_mode":true,"campfire_choices":[{"floor":7,"key":"REST"}],"neow_cost":"NONE","seed_source_timestamp":728255349449140,"circlet_count":0,"master_deck":["Strike_B","Strike_B","Strike_B","Strike_B","Defend_B","Defend_B","Defend_B","Defend_B","Zap","Dualcast","Conserve Battery","Capacitor","Coolheaded"],"relics":["Cracked Core","Golden Idol","Bag of Marbles","Nunchaku","Cables","Bottled Lightning"],"potions_floor_usage":[6,8],"damage_taken":[{"damage":7,"enemies":"Small Slimes","floor":1,"turns":3},{"damage":0,"enemies":"2 Louse","floor":5,"turns":1},{"damage":19,"enemies":"Lagavulin","floor":6,"turns":10},{"damage":27,"enemies":"3 Sentries","floor":8,"turns":11},{"damage":7,"enemies":"Jaw Worm","floor":10,"turns":2},{"damage":6,"enemies":"Looter","floor":11,"turns":1}],"seed_played":"979351580329361800","potions_obtained":[{"floor":1,"key":"Dexterity Potion"},{"floor":5,"key":"EssenceOfSteel"}],"is_trial":false,"path_per_floor":["?","?","?"],"character_chosen":"DEFECT","items_purchased":[],"campfire_rested":1,"item_purchase_floors":[],"current_hp_per_floor":[61,43,36,36,36,17,39,12,12,5,0],"gold":286,"neow_bonus":"THREE_CARDS","is_prod":false,"is_daily":false,"chose_seed":false,"campfire_upgraded":0,"win_rate":0,"timestamp":1559919094,"path_taken":["M","?","?","?","M","E","R","E","T","M","M"],"build_version":"2019-01-23","purchased_purges":0,"victory":false,"max_hp_per_floor":[75,75,75,75,75,75,75,75,75,75,75],"card_choices":[{"not_picked":["Coolheaded","Fusion"],"picked":"Conserve Battery","floor":0},{"not_picked":["Storm","Tempest","Streamline"],"picked":"SKIP","floor":1},{"not_picked":["Rebound","Hologram"],"picked":"Capacitor","floor":5},{"not_picked":["Multi-Cast","Meteor Strike","Doom and Gloom"],"picked":"SKIP","floor":6},{"not_picked":["Aggregate","Double Energy","Streamline"],"picked":"SKIP","floor":8},{"not_picked":["Hello World","Recycle"],"picked":"Coolheaded","floor":10}],"player_experience":288040,"relics_obtained":[{"floor":6,"key":"Nunchaku"},{"floor":8,"key":"Cables"},{"floor":9,"key":"Bottled Lightning"}],"event_choices":[{"damage_healed":0,"gold_gain":0,"player_choice":"Take Damage","damage_taken":18,"relics_obtained":["Golden Idol"],"max_hp_gain":0,"max_hp_loss":0,"event_name":"Golden Idol","floor":2,"gold_loss":0},{"damage_healed":0,"gold_gain":0,"player_choice":"Success","damage_taken":7,"relics_obtained":["Bag of Marbles"],"max_hp_gain":0,"max_hp_loss":0,"event_name":"Scrap Ooze","floor":3,"gold_loss":0},{"damage_healed":0,"gold_gain":0,"player_choice":"Ignored","damage_taken":0,"max_hp_gain":0,"max_hp_loss":0,"event_name":"Liars Game","floor":4,"gold_loss":0}],"is_beta":false,"boss_relics":[],"items_purged_floors":[],"is_endless":false,"potions_floor_spawned":[1,5],"killed_by":"Looter","ascension_level":9}