{"gold_per_floor":[109,259,46,57,70,95,95,108,135,135,148,148,148,165,165,236,236,249,76,145,163,88,88,88],"floor_reached":24,"playtime":941,"items_purged":["Doubt"],"score":392,"play_id":"5ed96ec1-fa72-4f32-ae18-fe6dd0bceb3e","local_time":"20190405235504","is_ascension_mode":true,"campfire_choices":[{"data":"A Thousand Cuts","floor":7.0,"key":"SMITH"},{"data":"Neutralize","floor":10.0,"key":"SMITH"},{"data":"Cloak And Dagger","floor":12.0,"key":"SMITH"},{"data":"Backflip","floor":15.0,"key":"SMITH"},{"data":"Well Laid Plans","floor":23,"key":"SMITH"}],"neow_cost":"NONE","seed_source_timestamp":700843079663069,"circlet_count":0,"master_deck":["AscendersBane","Defend_G","Defend_G","Defend_G","Defend_G","Defend_G","Strike_G","Strike_G","Strike_G","Strike_G","Strike_G+1","Survivor","Neutralize+1","Backstab","Backstab+1","Flying Knee","A Thousand Cuts+1","Deflect","Cloak And Dagger+1","Backflip+1","Adrenaline","Infinite Blades+1","Well Laid Plans+1"],"special_seed":0,"relics":["Ring of the Snake","NeowsBlessing","Tiny Chest","Orichalcum","Omamori","Mango","Black Star","Whetstone","Blue Candle"],"potions_floor_usage":[24],"damage_taken":[{"damage":0.0,"enemies":"Jaw Worm","floor":1.0,"turns":1.0},{"damage":0.0,"enemies":"Cultist","floor":4.0,"turns":1.0},{"damage":0.0,"enemies":"Small Slimes","floor":5.0,"turns":1.0},{"damage":26.0,"enemies":"3 Sentries","floor":6.0,"turns":13.0},{"damage":0.0,"enemies":"Gremlin Gang","floor":8.0,"turns":3.0},{"damage":12.0,"enemies":"Large Slime","floor":11.0,"turns":6.0},{"damage":2.0,"enemies":"3 Louse","floor":14.0,"turns":3.0},{"damage":7.0,"enemies":"The Guardian","floor":16.0,"turns":14.0},{"damage":24,"enemies":"Spheric Guardian","floor":18,"turns":7},{"damage":16,"enemies":"Chosen","floor":21,"turns":5},{"damage":27,"enemies":"Gremlin Leader","floor":24,"turns":4}],"seed_played":"-6158154914424269760","potions_obtained":[{"floor":1.0,"key":"PowerPotion"},{"floor":5.0,"key":"FearPotion"},{"floor":6.0,"key":"Explosive Potion"},{"floor":11.0,"key":"PowerPotion"},{"floor":21,"key":"Poison Potion"}],"is_trial":false,"path_per_floor":["M","?","$","M","M","E","R","M","T","R","M","R","T","M","R","B",null,"M","$","T","M","$","R","E"],"character_chosen":"THE_SILENT","items_purchased":["Tiny Chest","Whetstone","Well Laid Plans"],"campfire_rested":0,"item_purchase_floors":[3,19,22],"current_hp_per_floor":[59,59,59,59,59,33,33,33,33,33,21,21,35,33,33,26,67,43,43,43,27,27,27,0],"gold":88,"neow_bonus":"THREE_ENEMY_KILL","is_prod":false,"is_daily":false,"chose_seed":false,"campfire_upgraded":5,"win_rate":0,"timestamp":1554530104,"path_taken":["M","?","?","M","M","E","R","M","T","R","M","R","?","?","R","BOSS","M","$","?","?","?","R","E"],"build_version":"2019-01-23","purchased_purges":1,"victory":false,"max_hp_per_floor":[66,66,66,66,66,66,66,66,66,66,66,66,80,80,80,80,80,80,80,80,80,80,80,80],"card_choices":[{"not_picked":["Crippling Poison","Catalyst"],"picked":"Backstab","floor":1.0},{"not_picked":["Heel Hook","Quick Slash"],"picked":"Backstab","floor":4.0},{"not_picked":["Prepared","Dodge and Roll"],"picked":"Flying Knee","floor":5.0},{"not_picked":["Tactician","Storm of Steel"],"picked":"A Thousand Cuts","floor":6.0},{"not_picked":["Outmaneuver","Heel Hook"],"picked":"Deflect","floor":8.0},{"not_picked":["Flechettes","Blade Dance"],"picked":"Cloak And Dagger","floor":11.0},{"not_picked":["PiercingWail","Prepared"],"picked":"Backflip","floor":14.0},{"not_picked":["Night Terror","Wraith Form v2"],"picked":"Adrenaline","floor":16.0},{"not_picked":["Flying Knee","Tactician"],"picked":"Infinite Blades+1","floor":18},{"not_picked":["Flying Knee","Infinite Blades","Acrobatics"],"picked":"SKIP","floor":21}],"player_experience":458990,"relics_obtained":[{"floor":6.0,"key":"Orichalcum"},{"floor":9.0,"key":"Omamori"},{"floor":13.0,"key":"Mango"},{"floor":20,"key":"Blue Candle"}],"event_choices":[{"damage_healed":0.0,"max_hp_gain":0.0,"max_hp_loss":0.0,"gold_gain":150.0,"event_name":"Liars Game","player_choice":"AGREE","floor":2.0,"gold_loss":0.0,"damage_taken":0.0,"cards_obtained":["Doubt"]}],"is_beta":false,"boss_relics":[{"not_picked":["Philosopher\u0027s Stone","Tiny House"],"picked":"Black Star"}],"items_purged_floors":[3],"is_endless":false,"potions_floor_spawned":[1,5,6,11,21],"killed_by":"Gremlin Leader","ascension_level":20}