{"gold_per_floor":[116,128,140,157,232,259,259,259,285,311,327,327,337,337,337,435,435,447,429,429,344,112,112,141,141,141,159,159,194,206,232,232,232],"floor_reached":33,"playtime":1463,"items_purged":["Strike_B"],"score":425,"play_id":"08847f51-cfe3-4208-9d51-69dd0411a07b","local_time":"20190605144718","is_ascension_mode":true,"campfire_choices":[{"floor":7,"key":"REST"},{"data":"Glacier","floor":12,"key":"SMITH"},{"data":"Zap","floor":15,"key":"SMITH"},{"data":"Ghostly","floor":23,"key":"SMITH"},{"data":"Ghostly","floor":25,"key":"SMITH"},{"floor":28,"key":"REST"},{"data":"Machine Learning","floor":32,"key":"SMITH"}],"neow_cost":"NONE","seed_source_timestamp":414139188053296,"circlet_count":0,"master_deck":["Strike_B","Strike_B","Strike_B","Defend_B+1","Defend_B","Defend_B","Defend_B","Zap+1","Dualcast","Ball Lightning","Compile Driver","Glacier+1","Self Repair","Melter","Leap","Machine Learning+1","Auto Shields","Go for the Eyes+1","Ghostly+1","Ghostly+1","Ghostly","Ghostly","Ghostly+1","Capacitor"],"relics":["Cracked Core","Happy Flower","Strawberry","Bag of Preparation","Shuriken","Kunai","Sozu","Omamori","War Paint","Juzu Bracelet","The Courier","Blood Vial","Red Mask"],"potions_floor_usage":[6,10],"damage_taken":[{"damage":0,"enemies":"Cultist","floor":1,"turns":4},{"damage":12,"enemies":"2 Louse","floor":2,"turns":3},{"damage":12,"enemies":"Jaw Worm","floor":3,"turns":3},{"damage":1,"enemies":"Looter","floor":4,"turns":3},{"damage":21,"enemies":"Gremlin Nob","floor":6,"turns":4},{"damage":11,"enemies":"3 Sentries","floor":10,"turns":8},{"damage":0,"enemies":"Large Slime","floor":11,"turns":4},{"damage":2,"enemies":"2 Fungi Beasts","floor":13,"turns":4},{"damage":8,"enemies":"Slime Boss","floor":16,"turns":10},{"damage":0,"enemies":"Spheric Guardian","floor":18,"turns":1},{"damage":8,"enemies":"2 Thieves","floor":19,"turns":4},{"damage":27,"enemies":"Slavers","floor":24,"turns":11},{"damage":6,"enemies":"Chosen and Byrds","floor":27,"turns":8},{"damage":0,"enemies":"Book of Stabbing","floor":29,"turns":7},{"damage":0,"enemies":"Snake Plant","floor":30,"turns":5},{"damage":0,"enemies":"Masked Bandits","floor":31,"turns":6},{"damage":62,"enemies":"Collector","floor":33,"turns":6}],"seed_played":"-6913984840649718053","potions_obtained":[{"floor":1,"key":"SpeedPotion"},{"floor":3,"key":"SteroidPotion"},{"floor":6,"key":"Explosive Potion"},{"floor":13,"key":"Block Potion"},{"floor":16,"key":"PowerPotion"}],"is_trial":false,"path_per_floor":["M","M","M","M","?","E","R","?","T","E","M","R","M","T","R","B",null,"M","M","?","?","$","R","E","R","T","M","R","E","M","?","R","B"],"character_chosen":"DEFECT","items_purchased":["War Paint"],"campfire_rested":2,"item_purchase_floors":[22],"current_hp_per_floor":[82,70,58,57,46,25,49,56,56,45,52,52,57,57,57,49,79,79,78,44,44,44,44,24,24,24,25,38,44,44,44,44,0],"gold":232,"neow_bonus":"TEN_PERCENT_HP_BONUS","is_prod":false,"is_daily":false,"chose_seed":false,"campfire_upgraded":5,"win_rate":0,"timestamp":1559767638,"path_taken":["M","M","M","M","?","E","R","?","T","E","M","R","?","?","R","BOSS","M","?","?","?","$","R","E","R","T","M","R","E","M","?","R","BOSS"],"build_version":"2019-01-23","purchased_purges":1,"victory":false,"max_hp_per_floor":[82,82,82,82,82,82,82,89,89,89,89,89,89,89,89,89,89,89,89,44,44,44,44,44,44,44,44,44,44,44,44,44,44],"card_choices":[{"not_picked":["Doom and Gloom","Barrage"],"picked":"Ball Lightning","floor":1},{"not_picked":["Rebound","Go for the Eyes"],"picked":"Compile Driver","floor":2},{"not_picked":["Reprogram","Cold Snap"],"picked":"Glacier","floor":3},{"not_picked":["Skim","Consume","Rebound"],"picked":"SKIP","floor":4},{"not_picked":["Stack","Static Discharge","Steam"],"picked":"SKIP","floor":6},{"not_picked":["Buffer","Compile Driver"],"picked":"Self Repair","floor":10},{"not_picked":["Loop","Cold Snap"],"picked":"Melter","floor":11},{"not_picked":["Undo","Chaos"],"picked":"Leap","floor":13},{"not_picked":["Hyperbeam","Biased Cognition"],"picked":"Machine Learning","floor":16},{"not_picked":["Steam Power","Coolheaded"],"picked":"Auto Shields","floor":18},{"not_picked":["Beam Cell","Lockon"],"picked":"Go for the Eyes+1","floor":19},{"not_picked":["Auto Shields","Reboot","Leap+1"],"picked":"SKIP","floor":24},{"not_picked":["Recycle+1","Hologram+1","Gash"],"picked":"SKIP","floor":27},{"not_picked":["Rebound","Leap+1","Chaos"],"picked":"SKIP","floor":29},{"not_picked":["Reprogram","Barrage","Beam Cell"],"picked":"SKIP","floor":30},{"not_picked":["Turbo+1","Gash+1"],"picked":"Capacitor","floor":31}],"player_experience":682865,"relics_obtained":[{"floor":6,"key":"Happy Flower"},{"floor":8,"key":"Strawberry"},{"floor":9,"key":"Bag of Preparation"},{"floor":10,"key":"Shuriken"},{"floor":14,"key":"Kunai"},{"floor":24,"key":"Juzu Bracelet"},{"floor":26,"key":"The Courier"},{"floor":29,"key":"Blood Vial"},{"floor":31,"key":"Red Mask"}],"event_choices":[{"damage_healed":0,"gold_gain":75,"player_choice":"Gather Gold","damage_taken":11,"max_hp_gain":0,"max_hp_loss":0,"event_name":"World of Goop","floor":5,"gold_loss":0},{"damage_healed":0,"gold_gain":0,"player_choice":"Relic","damage_taken":0,"max_hp_gain":0,"max_hp_loss":0,"event_name":"Wheel of Change","floor":8,"gold_loss":0},{"damage_healed":0,"gold_gain":0,"player_choice":"Became a Ghost","damage_taken":0,"max_hp_gain":0,"max_hp_loss":45,"event_name":"Ghosts","floor":20,"gold_loss":0,"cards_obtained":["Ghostly","Ghostly","Ghostly","Ghostly","Ghostly"]},{"damage_healed":0,"gold_gain":0,"player_choice":"Obtained Relic","damage_taken":0,"relics_obtained":["Omamori"],"max_hp_gain":0,"max_hp_loss":0,"event_name":"Addict","floor":21,"gold_loss":85},{"damage_healed":0,"gold_gain":0,"player_choice":"Fought Bandits","damage_taken":0,"max_hp_gain":0,"max_hp_loss":0,"event_name":"Masked Bandits","floor":31,"gold_loss":0}],"is_beta":false,"boss_relics":[{"not_picked":["Calling Bell","Fusion Hammer"],"picked":"Sozu"}],"items_purged_floors":[22],"is_endless":false,"potions_floor_spawned":[1,3,6,13,16,18,30],"killed_by":"Collector","ascension_level":5}