{"path_per_floor":["M","?","M","M","M","E","R","M","T","R","M","M","M","$","R","B",null,"M","M","M","$","M","E","R","M","T","M","R","?","R","$","R","B",null,"M","?","?","?","M","R"],"character_chosen":"DEFECT","items_purchased":["Vajra","Coolheaded","Whetstone","Loop"],"gold_per_floor":[110,110,125,145,160,190,190,209,209,209,220,238,258,93,93,194,194,212,231,242,14,28,62,62,73,155,166,166,166,166,129,129,232,232,252,252,252,0,16,16,16],"floor_reached":41,"campfire_rested":3,"playtime":2570,"item_purchase_floors":[14,14,21,31],"current_hp_per_floor":[78,75,75,74,67,48,48,36,36,36,13,12,12,12,36,25,82,81,80,73,73,73,44,44,20,20,5,29,29,53,53,53,17,82,52,73,73,73,60,60,0],"items_purged":["Defend_B"],"gold":16,"score":417,"play_id":"ab680540-b6b5-4506-9e8e-1c4595f9c33d","local_time":"20180529152757","is_prod":false,"is_daily":false,"chose_seed":false,"is_ascension_mode":false,"campfire_upgraded":5,"win_rate":0,"timestamp":1527571677,"campfire_choices":[{"data":"Hello World","floor":7,"key":"SMITH"},{"data":"Tempest","floor":10,"key":"SMITH"},{"floor":15,"key":"REST"},{"data":"Echo Form","floor":24,"key":"SMITH"},{"floor":28,"key":"REST"},{"floor":30,"key":"REST"},{"data":"Loop","floor":32,"key":"SMITH"},{"data":"Fission","floor":40,"key":"SMITH"}],"path_taken":["M","?","?","M","M","E","R","?","T","R","M","?","M","$","R","BOSS","M","M","?","$","M","E","R","M","T","M","R","?","R","$","R","BOSS","M","?","?","?","M","R","M"],"build_version":"2018-05-27","seed_source_timestamp":20803888446159,"purchased_purges":1,"victory":false,"master_deck":["Strike_B","Strike_B+1","Defend_B","Defend_B","Zap","Dualcast","Streamline","Beam Cell","Tempest+1","Streamline+1","Hello World+1","Blizzard+1","Go for the Eyes+1","Ball Lightning+1","Glacier","Coolheaded","Echo Form+1","Rebound+1","Conserve Battery+1","Beam Cell+1","Leap+1","Sweeping Beam+1","Consume","Loop+1","FTL+1","Echo Form+1","Loop+1","Fission+1","Writhe","Cold Snap+1"],"max_hp_per_floor":[82,82,82,82,82,82,82,82,82,82,82,82,82,82,82,82,82,82,82,82,82,82,82,82,82,82,82,82,82,82,82,82,82,82,82,82,82,82,82,82,82],"relics":["Cracked Core","Orichalcum","Molten Egg 2","Torii","Vajra","Astrolabe","Whetstone","Unceasing Top","Shuriken","Inserter","Red Mask"],"card_choices":[{"not_picked":["White Noise","BootSequence"],"picked":"Streamline","floor":1},{"not_picked":["Go for the Eyes","Steam"],"picked":"Beam Cell","floor":3},{"not_picked":["Redo","Go for the Eyes"],"picked":"Tempest","floor":4},{"not_picked":["Darkness","Conserve Battery"],"picked":"Streamline","floor":5},{"not_picked":["Leap","Steam"],"picked":"Hello World","floor":6},{"not_picked":["Darkness","Beam Cell+1"],"picked":"Blizzard+1","floor":8},{"not_picked":["Steam","Reinforced Body"],"picked":"Go for the Eyes+1","floor":11},{"not_picked":["Meteor Strike+1","Loop"],"picked":"Ball Lightning+1","floor":12},{"not_picked":["Turbo","Ball Lightning+1"],"picked":"Glacier","floor":13},{"not_picked":["Machine Learning","Amplify"],"picked":"Echo Form","floor":16},{"not_picked":["Chaos","Steam+1"],"picked":"Leap+1","floor":18},{"not_picked":["Leap+1","Turbo+1"],"picked":"Sweeping Beam+1","floor":19},{"not_picked":["Beam Cell+1","Hologram"],"picked":"Consume","floor":20},{"not_picked":["Tempest","Rebound+1"],"picked":"Loop+1","floor":22},{"not_picked":["Beam Cell+1","Streamline+1","Sweeping Beam+1"],"picked":"SKIP","floor":23},{"not_picked":["Sweeping Beam+1","Steam Power","Go for the Eyes+1"],"picked":"SKIP","floor":25},{"not_picked":["Coolheaded","Beam Cell+1"],"picked":"FTL+1","floor":27},{"not_picked":["Amplify","Seek"],"picked":"Fission","floor":33},{"not_picked":["Blizzard+1","Hologram+1"],"picked":"Compile Driver+1","floor":35},{"not_picked":["Auto Shields","Leap+1"],"picked":"Cold Snap+1","floor":39}],"player_experience":19778,"potions_floor_usage":[12,12,20,23,23,27],"damage_taken":[{"damage":4,"enemies":"2 Louse","floor":1,"turns":4},{"damage":0,"enemies":"Small Slimes","floor":3,"turns":3},{"damage":1,"enemies":"Cultist","floor":4,"turns":3},{"damage":7,"enemies":"Red Slaver","floor":5,"turns":2},{"damage":19,"enemies":"Gremlin Nob","floor":6,"turns":4},{"damage":12,"enemies":"Lots of Slimes","floor":8,"turns":4},{"damage":23,"enemies":"Gremlin Gang","floor":11,"turns":4},{"damage":10,"enemies":"3 Louse","floor":12,"turns":3},{"damage":0,"enemies":"2 Fungi Beasts","floor":13,"turns":2},{"damage":11,"enemies":"Hexaghost","floor":16,"turns":9},{"damage":1,"enemies":"Spheric Guardian","floor":18,"turns":4},{"damage":1,"enemies":"Chosen","floor":19,"turns":5},{"damage":7,"enemies":"Centurion and Healer","floor":20,"turns":8},{"damage":0,"enemies":"Snecko","floor":22,"turns":4},{"damage":29,"enemies":"Slavers","floor":23,"turns":4},{"damage":24,"enemies":"3 Cultists","floor":25,"turns":6},{"damage":15,"enemies":"Centurion and Healer","floor":27,"turns":5},{"damage":36,"enemies":"Champ","floor":33,"turns":8},{"damage":30,"enemies":"3 Shapes","floor":35,"turns":6},{"damage":13,"enemies":"Orb Walker","floor":39,"turns":3},{"damage":70,"enemies":"Flame Bruiser 2 Orb","floor":41,"turns":3}],"relics_obtained":[{"floor":6,"key":"Molten Egg 2"},{"floor":9,"key":"Torii"},{"floor":23,"key":"Unceasing Top"},{"floor":26,"key":"Shuriken"}],"event_choices":[{"event_name":"Scrap Ooze","player_choice":"success","floor":2,"damage_taken":3},{"event_name":"Duplicator","player_choice":"One dupe","floor":29,"damage_taken":0},{"event_name":"Winding Halls","player_choice":"Writhe","floor":36,"damage_taken":0},{"event_name":"Tomb of Lord Red Mask","player_choice":"Paid","floor":38,"damage_taken":0}],"boss_relics":[{"not_picked":["Calling Bell","Philosopher\u0027s Stone"],"picked":"Astrolabe"},{"not_picked":["Sozu","Velvet Choker"],"picked":"Inserter"}],"items_purged_floors":[21],"potions_floor_spawned":[4,11,13,16,18,19,22,33,39],"seed_played":"-6976719737140674271","killed_by":"Flame Bruiser 2 Orb","ascension_level":0,"potions_obtained":[{"floor":4,"key":"Regen Potion"},{"floor":11,"key":"AttackPotion"},{"floor":13,"key":"GamblersBrew"},{"floor":16,"key":"Block Potion"},{"floor":18,"key":"Block Potion"},{"floor":22,"key":"AttackPotion"},{"floor":33,"key":"SneckoOil"},{"floor":39,"key":"FearPotion"}],"is_trial":false}