{"gold_per_floor":[215,140,150,130,145,145,155,155,224,238,267,267,296,47,47,47],"floor_reached":16,"playtime":389,"items_purged":[],"score":209,"play_id":"59d1a941-47cc-440e-85cf-e0b74f9007e6","local_time":"20190525100540","is_ascension_mode":true,"campfire_choices":[{"data":"Cleave","floor":6,"key":"SMITH"},{"data":"Shrug It Off","floor":8,"key":"SMITH"},{"floor":12,"key":"REST"},{"data":"Whirlwind","floor":15,"key":"SMITH"}],"neow_cost":"NONE","seed_source_timestamp":32156212234748,"circlet_count":0,"master_deck":["AscendersBane","Strike_R","Strike_R","Strike_R","Strike_R","Strike_R","Defend_R","Defend_R","Defend_R","Bash","Iron Wave","Cleave+1","Shrug It Off+1","Headbutt","Whirlwind+1","Disarm","Battle Trance"],"relics":["Burning Blood","The Courier","Bag of Preparation","StoneCalendar","Pantograph"],"potions_floor_usage":[5,11,13],"damage_taken":[{"damage":9,"enemies":"2 Louse","floor":1,"turns":4},{"damage":7,"enemies":"Small Slimes","floor":3,"turns":3},{"damage":0,"enemies":"Cultist","floor":5,"turns":3},{"damage":9,"enemies":"Gremlin Gang","floor":7,"turns":3},{"damage":26,"enemies":"Exordium Wildlife","floor":10,"turns":4},{"damage":42,"enemies":"Lagavulin","floor":11,"turns":6},{"damage":25,"enemies":"3 Sentries","floor":13,"turns":4},{"damage":40,"enemies":"Slime Boss","floor":16,"turns":8}],"seed_played":"7612126888231994751","potions_obtained":[{"floor":3,"key":"Weak Potion"},{"floor":4,"key":"Poison Potion"},{"floor":10,"key":"Dexterity Potion"},{"floor":11,"key":"PowerPotion"}],"is_trial":false,"path_per_floor":["M","?","M","?","M","R","M","R","T","M","E","R","E","$","R","B"],"character_chosen":"IRONCLAD","items_purchased":["Pantograph","Battle Trance"],"campfire_rested":1,"item_purchase_floors":[14,14],"current_hp_per_floor":[65,65,64,64,70,70,67,67,67,47,11,33,14,14,14,0],"gold":47,"neow_bonus":"HUNDRED_GOLD","is_prod":false,"is_daily":false,"chose_seed":false,"campfire_upgraded":3,"win_rate":0,"timestamp":1558800340,"path_taken":["M","?","M","?","?","R","?","R","T","M","E","R","E","$","R","BOSS"],"build_version":"2019-01-23","purchased_purges":0,"victory":false,"max_hp_per_floor":[75,75,75,75,75,75,75,75,75,75,75,75,75,75,75,75],"card_choices":[{"not_picked":["Sword Boomerang","Warcry"],"picked":"Iron Wave","floor":1},{"not_picked":["Warcry","Infernal Blade"],"picked":"Cleave","floor":3},{"not_picked":["Heavy Blade","Thunderclap","Iron Wave"],"picked":"SKIP","floor":5},{"not_picked":["Entrench","Heavy Blade"],"picked":"Shrug It Off","floor":7},{"not_picked":["Headbutt","Infernal Blade","Body Slam"],"picked":"SKIP","floor":10},{"not_picked":["Infernal Blade","Body Slam"],"picked":"Headbutt","floor":10},{"not_picked":["Seeing Red","Thunderclap"],"picked":"Whirlwind","floor":11},{"not_picked":["Cleave","Heavy Blade"],"picked":"Disarm","floor":13}],"player_experience":606443,"relics_obtained":[{"floor":9,"key":"The Courier"},{"floor":11,"key":"Bag of Preparation"},{"floor":13,"key":"StoneCalendar"}],"event_choices":[{"cards_removed":["Defend_R"],"damage_healed":0,"gold_gain":0,"player_choice":"Card Removal","damage_taken":0,"max_hp_gain":0,"max_hp_loss":0,"event_name":"The Cleric","floor":2,"gold_loss":75},{"damage_healed":0,"gold_gain":0,"player_choice":"Bought 1 Potion","damage_taken":0,"max_hp_gain":0,"max_hp_loss":0,"event_name":"The Woman in Blue","floor":4,"gold_loss":0}],"is_beta":false,"boss_relics":[],"items_purged_floors":[],"is_endless":false,"potions_floor_spawned":[3,10,11],"killed_by":"Slime Boss","ascension_level":18}