{"gold_per_floor":[109,109,127,202,179,179,217,217,217,51,51,64,82,121,121,246,246,261,282,282,30,55,91,91,124,147,188,204,204,12,25,25,25],"floor_reached":33,"playtime":1347,"items_purged":["Defend_R","Strike_R"],"score":485,"play_id":"66c8c81f-1fc6-49b7-984f-7471fa138415","local_time":"20190425235741","is_ascension_mode":true,"campfire_choices":[{"data":"Flex","floor":6.0,"key":"SMITH"},{"data":"Flame Barrier","floor":8.0,"key":"SMITH"},{"data":"Inflame","floor":11.0,"key":"SMITH"},{"data":"Heavy Blade","floor":15.0,"key":"SMITH"},{"floor":24,"key":"REST"},{"data":"Ghostly Armor","floor":32,"key":"SMITH"}],"neow_cost":"NONE","seed_source_timestamp":27969213773840,"circlet_count":0,"master_deck":["AscendersBane","Strike_R","Strike_R","Strike_R","Strike_R+1","Defend_R","Defend_R","Defend_R","Bash","Flex+1","Flame Barrier+1","Inflame+1","Ghostly Armor+1","Heavy Blade+1","Impervious","Iron Wave+1","Whirlwind+1","Shrug It Off+1"],"special_seed":0,"relics":["Burning Blood","Golden Idol","Potion Belt","Pantograph","Bronze Scales","Black Star","Thread and Needle","Lee\u0027s Waffle","Bag of Preparation","Ornamental Fan","Lantern","FossilizedHelix","Dream Catcher","Bottled Lightning","Whetstone","Nloth\u0027s Gift","Toolbox"],"potions_floor_usage":[23,33],"damage_taken":[{"damage":23.0,"enemies":"Jaw Worm","floor":1.0,"turns":4.0},{"damage":1.0,"enemies":"Cultist","floor":3.0,"turns":3.0},{"damage":18.0,"enemies":"Gremlin Nob","floor":7.0,"turns":4.0},{"damage":4.0,"enemies":"2 Louse","floor":12.0,"turns":3.0},{"damage":14.0,"enemies":"Exordium Thugs","floor":13.0,"turns":4.0},{"damage":20.0,"enemies":"Lagavulin","floor":14.0,"turns":6.0},{"damage":46.0,"enemies":"Slime Boss","floor":16.0,"turns":11.0},{"damage":34,"enemies":"2 Thieves","floor":18,"turns":5},{"damage":16,"enemies":"Shell Parasite","floor":19,"turns":6},{"damage":26,"enemies":"3 Cultists","floor":22,"turns":6},{"damage":51,"enemies":"Slavers","floor":23,"turns":8},{"damage":12,"enemies":"Book of Stabbing","floor":25,"turns":7},{"damage":6,"enemies":"Gremlin Leader","floor":27,"turns":6},{"damage":9,"enemies":"Cultist and Chosen","floor":28,"turns":6},{"damage":0,"enemies":"Snecko","floor":31,"turns":4},{"damage":63,"enemies":"Champ","floor":33,"turns":13}],"seed_played":"2455768830080030953","potions_obtained":[{"floor":3.0,"key":"Block Potion"},{"floor":7.0,"key":"Regen Potion"},{"floor":14.0,"key":"SpeedPotion"},{"floor":19,"key":"Fire Potion"},{"floor":25,"key":"SmokeBomb"},{"floor":28,"key":"EssenceOfSteel"}],"is_trial":false,"path_per_floor":["M","?","M","?","$","R","E","R","T","$","R","M","M","E","R","B",null,"M","M","?","$","M","E","R","E","T","E","M","?","$","M","R","B"],"character_chosen":"IRONCLAD","items_purchased":["Flex","Inflame","Ghostly Armor","Lee\u0027s Waffle","Toolbox"],"campfire_rested":1,"item_purchase_floors":[5,10,10,21,30],"current_hp_per_floor":[55,55,60,49,49,49,37,37,37,37,37,39,31,17,17,17,60,32,22,22,81,61,16,40,34,34,34,31,31,31,37,37,0],"gold":25,"neow_bonus":"RANDOM_COMMON_RELIC","is_prod":false,"is_daily":false,"chose_seed":false,"campfire_upgraded":5,"win_rate":0,"timestamp":1556258261,"path_taken":["M","?","M","?","$","R","E","R","T","?","R","?","M","E","R","BOSS","M","M","?","$","M","E","R","E","T","E","?","?","?","M","R","BOSS"],"build_version":"2019-01-23","purchased_purges":2,"victory":false,"max_hp_per_floor":[80,74,74,74,74,74,74,74,74,74,74,74,74,74,74,74,74,74,74,74,81,81,81,81,81,81,81,81,81,81,81,81,81],"card_choices":[{"not_picked":["Wild Strike","Dual Wield","Anger"],"picked":"SKIP","floor":1.0},{"not_picked":["Clash","Armaments","Fiend Fire"],"picked":"SKIP","floor":3.0},{"not_picked":["True Grit","Burning Pact"],"picked":"Flame Barrier","floor":7.0},{"not_picked":["Warcry","Perfected Strike","Body Slam"],"picked":"SKIP","floor":12.0},{"not_picked":["Flex","Armaments","Clash"],"picked":"SKIP","floor":13.0},{"not_picked":["Combust","Headbutt"],"picked":"Heavy Blade","floor":14.0},{"not_picked":["Double Tap","Berserk"],"picked":"Impervious","floor":16.0},{"not_picked":["Body Slam","Wild Strike"],"picked":"Iron Wave","floor":18},{"not_picked":["Warcry","True Grit"],"picked":"Whirlwind+1","floor":19},{"not_picked":["Clothesline","Havoc"],"picked":"Shrug It Off+1","floor":22},{"not_picked":["Havoc","True Grit","Whirlwind"],"picked":"SKIP","floor":23},{"not_picked":["Rampage","Sever Soul","Cleave"],"picked":"SKIP","floor":25},{"not_picked":["Spot Weakness","Inflame","Shrug It Off"],"picked":"SKIP","floor":27},{"not_picked":["Bloodletting","Reckless Charge","Seeing Red"],"picked":"SKIP","floor":28},{"not_picked":["Sword Boomerang+1","Wild Strike","Entrench"],"picked":"SKIP","floor":31}],"player_experience":537024,"relics_obtained":[{"floor":7.0,"key":"Potion Belt"},{"floor":9.0,"key":"Pantograph"},{"floor":14.0,"key":"Bronze Scales"},{"floor":20,"key":"Thread and Needle"},{"floor":23,"key":"Bag of Preparation"},{"floor":23,"key":"Ornamental Fan"},{"floor":25,"key":"Lantern"},{"floor":25,"key":"FossilizedHelix"},{"floor":26,"key":"Dream Catcher"},{"floor":27,"key":"Bottled Lightning"},{"floor":27,"key":"Whetstone"}],"event_choices":[{"damage_healed":0.0,"max_hp_gain":0.0,"max_hp_loss":6.0,"gold_gain":0.0,"event_name":"Golden Idol","player_choice":"Lose Max HP","floor":2.0,"gold_loss":0.0,"damage_taken":0.0,"relics_obtained":["Golden Idol"]},{"damage_healed":0.0,"max_hp_gain":0.0,"max_hp_loss":0.0,"gold_gain":75.0,"event_name":"World of Goop","player_choice":"Gather Gold","floor":4.0,"gold_loss":0.0,"damage_taken":11.0},{"damage_healed":0,"gold_gain":0,"player_choice":"Relic","damage_taken":0,"max_hp_gain":0,"max_hp_loss":0,"event_name":"Wheel of Change","floor":20,"gold_loss":0},{"damage_healed":0,"gold_gain":0,"player_choice":"Traded Relic","damage_taken":0,"relics_obtained":["Nloth\u0027s Gift"],"max_hp_gain":0,"max_hp_loss":0,"event_name":"N\u0027loth","floor":29,"relics_lost":["Smiling Mask"],"gold_loss":0}],"is_beta":false,"boss_relics":[{"not_picked":["Empty Cage","Pandora\u0027s Box"],"picked":"Black Star"}],"items_purged_floors":[10,21],"is_endless":false,"potions_floor_spawned":[3,7,14,19,25,28],"killed_by":"Champ","ascension_level":11}