{"gold_per_floor":[212,212,12,28,46,46,46,71,94,94,94],"floor_reached":11,"playtime":258,"items_purged":[],"score":121,"play_id":"dc77deda-e92e-4f0e-b7bf-4624d53899d9","local_time":"20190517235745","is_ascension_mode":true,"campfire_choices":[{"data":"Limit Break","floor":6,"key":"SMITH"}],"neow_cost":"NONE","seed_source_timestamp":1300318035562097,"circlet_count":0,"master_deck":["AscendersBane","Strike_R","Strike_R","Strike_R","Strike_R","Strike_R+1","Defend_R","Defend_R","Defend_R+1","Defend_R","Bash","Limit Break+1","Carnage+1","Regret"],"relics":["Burning Blood","Art of War","Oddly Smooth Stone","Blood Vial"],"potions_floor_usage":[],"damage_taken":[{"damage":1,"enemies":"Cultist","floor":1,"turns":4},{"damage":7,"enemies":"Small Slimes","floor":4,"turns":4},{"damage":11,"enemies":"2 Louse","floor":5,"turns":3},{"damage":51,"enemies":"3 Sentries","floor":8,"turns":11},{"damage":19,"enemies":"Gremlin Nob","floor":11,"turns":2}],"seed_played":"-354516222855738199","potions_obtained":[{"floor":8,"key":"FearPotion"}],"is_trial":false,"path_per_floor":["M","?","$","M","M","R","?","E","T","?","E"],"character_chosen":"IRONCLAD","items_purchased":["Limit Break","Carnage"],"campfire_rested":0,"item_purchase_floors":[3,3],"current_hp_per_floor":[73,58,58,57,52,52,52,7,7,7,0],"gold":94,"neow_bonus":"HUNDRED_GOLD","is_prod":false,"is_daily":false,"chose_seed":false,"campfire_upgraded":1,"win_rate":0,"timestamp":1558159065,"path_taken":["M","?","$","M","M","R","?","E","T","?","E"],"build_version":"2019-01-23","purchased_purges":0,"victory":false,"max_hp_per_floor":[75,75,75,75,75,75,75,75,75,75,75],"card_choices":[{"not_picked":["Iron Wave","Power Through","True Grit"],"picked":"SKIP","floor":1},{"not_picked":["Searing Blow","Armaments","Sword Boomerang"],"picked":"SKIP","floor":4},{"not_picked":["Uppercut","Shrug It Off","Armaments"],"picked":"SKIP","floor":5},{"not_picked":["Clash","Perfected Strike","Body Slam"],"picked":"SKIP","floor":8}],"player_experience":565659,"relics_obtained":[{"floor":8,"key":"Oddly Smooth Stone"},{"floor":9,"key":"Blood Vial"}],"event_choices":[{"damage_healed":0,"gold_gain":0,"player_choice":"Entered Light","damage_taken":15,"max_hp_gain":0,"max_hp_loss":0,"event_name":"Shining Light","floor":2,"gold_loss":0,"cards_upgraded":["Strike_R","Defend_R"]},{"damage_healed":0,"gold_gain":0,"player_choice":"Box","damage_taken":0,"relics_obtained":["Art of War"],"max_hp_gain":0,"max_hp_loss":0,"event_name":"Big Fish","floor":7,"gold_loss":0,"cards_obtained":["Regret"]},{"damage_healed":0,"gold_gain":0,"player_choice":"Grow","damage_taken":0,"max_hp_gain":0,"max_hp_loss":0,"event_name":"Living Wall","floor":10,"gold_loss":0,"cards_upgraded":["Carnage"]}],"is_beta":false,"boss_relics":[],"items_purged_floors":[],"is_endless":false,"potions_floor_spawned":[8],"killed_by":"Gremlin Nob","ascension_level":14}