{"gold_per_floor":[110,110,110,110,110,135,135,160,206,221,239,49,68,96,96,175,175,192,192,67,87,99,99,117,117,163,163,70,70,70,80,80,80],"floor_reached":33,"playtime":892,"items_purged":[],"score":541,"play_id":"20dd1b5c-daa3-4b6d-9cf9-4828e90f3934","local_time":"20190505132839","is_ascension_mode":true,"campfire_choices":[{"data":"Heavy Blade","floor":7.0,"key":"SMITH"},{"data":"Pommel Strike","floor":15.0,"key":"SMITH"},{"floor":23.0,"key":"REST"},{"floor":25.0,"key":"REST"},{"data":"Immolate","floor":29.0,"key":"SMITH"},{"floor":32.0,"key":"REST"}],"neow_cost":"NONE","seed_source_timestamp":224941087590968,"circlet_count":0,"master_deck":["AscendersBane","Defend_R+1","Defend_R+1","Defend_R+1","Bash","Flex+1","Heavy Blade+1","Pommel Strike+1","Immolate+1","Cleave+1","Bite","Bite","Bite","Bite","Bite","Cleave","Good Instincts+1"],"special_seed":0,"relics":["Burning Blood","NeowsBlessing","Pear","StoneCalendar","The Courier","Potion Belt","Matryoshka","Blue Candle","Velvet Choker","Bag of Marbles","Paper Frog","War Paint","Question Card"],"potions_floor_usage":[33],"damage_taken":[{"damage":0.0,"enemies":"2 Louse","floor":1.0,"turns":1.0},{"damage":0.0,"enemies":"Gremlin Nob","floor":6.0,"turns":1.0},{"damage":0.0,"enemies":"Lagavulin","floor":8.0,"turns":1.0},{"damage":15.0,"enemies":"Small Slimes","floor":10.0,"turns":3.0},{"damage":0.0,"enemies":"Cultist","floor":11.0,"turns":2.0},{"damage":2.0,"enemies":"3 Louse","floor":13.0,"turns":4.0},{"damage":36.0,"enemies":"3 Sentries","floor":14.0,"turns":7.0},{"damage":36.0,"enemies":"Slime Boss","floor":16.0,"turns":7.0},{"damage":15.0,"enemies":"3 Byrds","floor":18.0,"turns":5.0},{"damage":21.0,"enemies":"2 Thieves","floor":21.0,"turns":4.0},{"damage":40.0,"enemies":"Centurion and Healer","floor":22.0,"turns":5.0},{"damage":27.0,"enemies":"Snake Plant","floor":24.0,"turns":3.0},{"damage":39.0,"enemies":"Shelled Parasite and Fungi","floor":31.0,"turns":7.0},{"damage":88,"enemies":"Automaton","floor":33,"turns":8}],"seed_played":"-8104848315130741735","potions_obtained":[{"floor":8.0,"key":"SkillPotion"},{"floor":11.0,"key":"Block Potion"},{"floor":16.0,"key":"Dexterity Potion"}],"is_trial":false,"path_per_floor":["M","?","?","?","?","E","R","E","T","M","M","$","M","E","R","B",null,"M","?","$","M","M","R","M","R","T","?","$","R","T","M","R","B"],"character_chosen":"IRONCLAD","items_purchased":["Matryoshka","Bag of Marbles","Cleave","Good Instincts"],"campfire_rested":3,"item_purchase_floors":[12,20,28,28],"current_hp_per_floor":[78,71,55,58,58,64,64,70,70,61,67,67,71,41,41,11,70,61,61,61,46,12,39,18,45,45,45,45,45,45,30,57,0],"gold":80,"neow_bonus":"THREE_ENEMY_KILL","is_prod":false,"is_daily":false,"chose_seed":false,"campfire_upgraded":3,"win_rate":0,"timestamp":1557084519,"path_taken":["M","?","?","?","?","E","R","E","T","M","M","$","M","E","R","BOSS","M","?","$","?","M","R","M","R","T","?","$","R","?","?","R","BOSS"],"build_version":"2019-01-23","purchased_purges":0,"victory":false,"max_hp_per_floor":[80,80,80,90,90,90,90,90,90,90,90,90,90,90,90,90,90,90,90,90,90,90,90,90,90,90,90,90,90,90,90,90,90],"card_choices":[{"not_picked":["Dropkick","Evolve"],"picked":"Flex","floor":1.0},{"not_picked":["Pommel Strike","Dropkick"],"picked":"Heavy Blade","floor":6.0},{"not_picked":["Sword Boomerang","Headbutt","Wild Strike"],"picked":"SKIP","floor":8.0},{"not_picked":["Seeing Red","Wild Strike","Bloodletting"],"picked":"SKIP","floor":10.0},{"not_picked":["Armaments","Blood for Blood","Clothesline"],"picked":"SKIP","floor":11.0},{"not_picked":["Anger","Hemokinesis","Dropkick"],"picked":"SKIP","floor":13.0},{"not_picked":["Dark Embrace","Anger"],"picked":"Pommel Strike","floor":14.0},{"not_picked":["Feed","Brutality"],"picked":"Immolate","floor":16.0},{"not_picked":["Havoc","Pummel","Armaments"],"picked":"SKIP","floor":18.0},{"not_picked":["Wild Strike","Thunderclap","Clash"],"picked":"SKIP","floor":21.0},{"not_picked":["Havoc","Anger+1"],"picked":"Cleave+1","floor":22.0},{"not_picked":["Shockwave","Warcry","True Grit"],"picked":"SKIP","floor":24.0},{"not_picked":["True Grit","Anger","Reckless Charge","Exhume"],"picked":"SKIP","floor":31.0}],"player_experience":553029,"relics_obtained":[{"floor":6.0,"key":"StoneCalendar"},{"floor":8.0,"key":"The Courier"},{"floor":9.0,"key":"Potion Belt"},{"floor":14.0,"key":"Blue Candle"},{"floor":26.0,"key":"Paper Frog"},{"floor":26.0,"key":"Blood Vial"},{"floor":30.0,"key":"War Paint"},{"floor":30.0,"key":"Question Card"}],"event_choices":[{"cards_removed":["Defend_R"],"damage_healed":0.0,"max_hp_gain":0.0,"max_hp_loss":0.0,"gold_gain":0.0,"event_name":"Golden Wing","player_choice":"Card Removal","floor":2.0,"gold_loss":0.0,"damage_taken":7.0},{"damage_healed":0.0,"max_hp_gain":0.0,"max_hp_loss":0.0,"gold_gain":0.0,"event_name":"Shining Light","player_choice":"Entered Light","floor":3.0,"gold_loss":0.0,"damage_taken":16.0,"cards_upgraded":["Defend_R","Defend_R"]},{"damage_healed":0.0,"max_hp_gain":0.0,"max_hp_loss":0.0,"gold_gain":0.0,"event_name":"Scrap Ooze","player_choice":"Success","floor":4.0,"gold_loss":0.0,"damage_taken":7.0,"relics_obtained":["Pear"]},{"damage_healed":0.0,"max_hp_gain":0.0,"max_hp_loss":0.0,"gold_gain":0.0,"event_name":"Living Wall","player_choice":"Grow","floor":5.0,"gold_loss":0.0,"damage_taken":0.0,"cards_upgraded":["Flex"]},{"damage_healed":0.0,"max_hp_gain":0.0,"max_hp_loss":0.0,"gold_gain":0.0,"event_name":"Match and Keep!","player_choice":"0 cards matched","floor":19.0,"gold_loss":0.0,"damage_taken":0.0,"cards_obtained":[]},{"damage_healed":0.0,"max_hp_gain":0.0,"max_hp_loss":0.0,"gold_gain":0.0,"event_name":"Vampires","player_choice":"Became a vampire (Vial)","floor":27.0,"relics_lost":["Blood Vial"],"gold_loss":0.0,"damage_taken":0.0,"cards_obtained":["Bite","Bite","Bite","Bite","Bite"]}],"is_beta":false,"boss_relics":[{"not_picked":["Empty Cage","Orrery"],"picked":"Velvet Choker"}],"items_purged_floors":[],"is_endless":false,"potions_floor_spawned":[8,11,16],"killed_by":"Automaton","ascension_level":13}