{"gold_per_floor":[15,15,15,35,50,50,76,76,147,147,69,86,86,86],"floor_reached":14,"playtime":379,"items_purged":[],"score":176,"play_id":"f36064d4-7a37-4557-902d-1fcdfe9d76ab","local_time":"20190402021933","is_ascension_mode":true,"campfire_choices":[{"data":"Corpse Explosion","floor":6,"key":"SMITH"},{"data":"Skewer","floor":8,"key":"SMITH"},{"data":"Neutralize","floor":10,"key":"SMITH"}],"neow_cost":"NO_GOLD","seed_source_timestamp":364516278205345,"circlet_count":0,"master_deck":["AscendersBane","Defend_G","Defend_G","Defend_G","Defend_G+1","Defend_G","Strike_G","Strike_G","Strike_G+1","Strike_G","Strike_G","Survivor","Neutralize+1","Corpse Explosion+1","Dagger Throw","Skewer+1","Well Laid Plans","Dagger Spray"],"relics":["Ring of the Snake","Ninja Scroll","Meat on the Bone","Dodecahedron"],"potions_floor_usage":[7],"damage_taken":[{"damage":11,"enemies":"Jaw Worm","floor":1,"turns":5},{"damage":0,"enemies":"Small Slimes","floor":4,"turns":3},{"damage":0,"enemies":"Cultist","floor":5,"turns":4},{"damage":25,"enemies":"Lagavulin","floor":7,"turns":6},{"damage":0,"enemies":"Blue Slaver","floor":12,"turns":2},{"damage":20,"enemies":"3 Sentries","floor":14,"turns":2}],"seed_played":"6714953812416025452","potions_obtained":[{"floor":5,"key":"Explosive Potion"}],"is_trial":false,"path_per_floor":["M","?","T","M","M","R","E","R","T","R","$","M","?","E"],"character_chosen":"THE_SILENT","items_purchased":["Well Laid Plans"],"campfire_rested":0,"item_purchase_floors":[11],"current_hp_per_floor":[48,28,28,28,28,28,3,3,3,3,3,15,15,0],"gold":86,"neow_bonus":"THREE_RARE_CARDS","is_prod":false,"is_daily":false,"chose_seed":false,"campfire_upgraded":3,"win_rate":0,"timestamp":1554193173,"path_taken":["M","?","?","M","M","R","E","R","T","R","$","M","?","E"],"build_version":"2019-01-23","purchased_purges":0,"victory":false,"max_hp_per_floor":[66,66,66,66,66,66,66,66,66,66,66,66,66,66],"card_choices":[{"not_picked":["Adrenaline","Wraith Form v2"],"picked":"Corpse Explosion","floor":0},{"not_picked":["Quick Slash","Outmaneuver","Deflect"],"picked":"SKIP","floor":1},{"not_picked":["Calculated Gamble","Backflip"],"picked":"Dagger Throw","floor":4},{"not_picked":["Cloak And Dagger","Predator"],"picked":"Skewer","floor":5},{"not_picked":["Tools of the Trade","Endless Agony","Dagger Throw"],"picked":"SKIP","floor":7},{"not_picked":["All Out Attack","Dodge and Roll"],"picked":"Dagger Spray","floor":12}],"player_experience":421017,"relics_obtained":[{"floor":3,"key":"Ninja Scroll"},{"floor":7,"key":"Meat on the Bone"},{"floor":9,"key":"Dodecahedron"}],"event_choices":[{"damage_healed":0,"gold_gain":0,"player_choice":"Entered Light","damage_taken":20,"max_hp_gain":0,"max_hp_loss":0,"event_name":"Shining Light","floor":2,"gold_loss":0,"cards_upgraded":["Strike_G","Defend_G"]},{"damage_healed":0,"gold_gain":0,"player_choice":"Ignored","damage_taken":0,"max_hp_gain":0,"max_hp_loss":0,"event_name":"Liars Game","floor":13,"gold_loss":0}],"is_beta":false,"boss_relics":[],"items_purged_floors":[],"is_endless":false,"potions_floor_spawned":[5],"killed_by":"3 Sentries","ascension_level":20}