{"gold_per_floor":[14,14,29,45,45,45,81,81,161,161,180,198,198,229,229,325,325,338,71,96,110,134,134,59,59,127,143,53,66,66,66,66,159,159,180,196,196,196],"floor_reached":38,"playtime":40440,"items_purged":["Strike_B"],"score":620,"play_id":"f5ef1044-2a03-42a0-a365-780561ba4e4b","local_time":"20190608213040","is_ascension_mode":true,"campfire_choices":[{"data":"Dualcast","floor":6,"key":"SMITH"},{"floor":8,"key":"REST"},{"data":"Cold Snap","floor":13,"key":"SMITH"},{"data":"Conserve Battery","floor":15,"key":"SMITH"},{"floor":23,"key":"REST"},{"data":"Apotheosis","floor":30,"key":"SMITH"},{"data":"Coolheaded","floor":32,"key":"SMITH"}],"neow_cost":"NO_GOLD","seed_source_timestamp":827474506860091,"circlet_count":0,"master_deck":["AscendersBane","Defend_B","Defend_B","Dualcast+1","Ball Lightning","Conserve Battery+1","Coolheaded+1","Coolheaded+1","Cold Snap+1","BootSequence","Conserve Battery","Core Surge","Apotheosis+1","BootSequence","Hologram","Capacitor","Capacitor","Buffer"],"relics":["Cracked Core","Gambling Chip","Golden Idol","Bag of Preparation","Dodecahedron","Lantern","Odd Mushroom","Nuclear Battery","Mummified Hand","Empty Cage"],"potions_floor_usage":[7,14,16,33,35,38,38],"damage_taken":[{"damage":1,"enemies":"2 Louse","floor":1,"turns":3},{"damage":0,"enemies":"Cultist","floor":3,"turns":2},{"damage":7,"enemies":"Jaw Worm","floor":4,"turns":3},{"damage":16,"enemies":"Lagavulin","floor":7,"turns":6},{"damage":0,"enemies":"Blue Slaver","floor":11,"turns":2},{"damage":0,"enemies":"Red Slaver","floor":12,"turns":3},{"damage":0,"enemies":"The Mushroom Lair","floor":14,"turns":3},{"damage":1,"enemies":"Slime Boss","floor":16,"turns":7},{"damage":35,"enemies":"3 Byrds","floor":18,"turns":6},{"damage":0,"enemies":"Spheric Guardian","floor":20,"turns":3},{"damage":0,"enemies":"Shelled Parasite and Fungi","floor":21,"turns":8},{"damage":2,"enemies":"3 Cultists","floor":22,"turns":6},{"damage":0,"enemies":"Cultist and Chosen","floor":27,"turns":5},{"damage":5,"enemies":"Snake Plant","floor":29,"turns":4},{"damage":12,"enemies":"Champ","floor":33,"turns":16},{"damage":0,"enemies":"Orb Walker","floor":35,"turns":4},{"damage":0,"enemies":"3 Shapes","floor":36,"turns":6},{"damage":82,"enemies":"2 Orb Walkers","floor":38,"turns":6}],"seed_played":"3989304789252599843","potions_obtained":[{"floor":1,"key":"Weak Potion"},{"floor":7,"key":"PowerPotion"},{"floor":12,"key":"SkillPotion"},{"floor":18,"key":"Ancient Potion"},{"floor":22,"key":"PowerPotion"},{"floor":29,"key":"Fire Potion"},{"floor":33,"key":"EssenceOfSteel"},{"floor":35,"key":"SteroidPotion"},{"floor":36,"key":"SpeedPotion"}],"is_trial":false,"path_per_floor":["?","M","?","?","M","?","?","?","M","?","M","?","?","?"],"character_chosen":"DEFECT","items_purchased":["Apotheosis"],"campfire_rested":2,"item_purchase_floors":[19],"current_hp_per_floor":[67,67,67,60,42,42,26,48,48,48,48,48,48,48,48,47,68,33,33,33,33,31,53,53,53,53,53,53,48,48,75,75,63,72,72,72,72,0],"gold":196,"neow_bonus":"ONE_RARE_RELIC","is_prod":false,"is_daily":false,"chose_seed":false,"campfire_upgraded":5,"win_rate":0,"timestamp":1560058240,"path_taken":["M","?","?","M","?","R","E","R","T","?","M","?","R","?","R","BOSS","M","$","M","M","M","R","?","?","T","?","?","?","R","?","R","BOSS","M","M","?","?"],"build_version":"2019-01-23","purchased_purges":1,"victory":false,"max_hp_per_floor":[75,75,75,75,75,75,75,75,75,75,75,75,75,75,75,75,75,75,75,75,75,75,75,75,75,75,75,75,75,75,75,75,75,75,75,75,75,75],"card_choices":[{"not_picked":["Double Energy","Gash"],"picked":"Ball Lightning","floor":1},{"not_picked":["Static Discharge","Gash"],"picked":"Conserve Battery","floor":3},{"not_picked":["Go for the Eyes","Beam Cell"],"picked":"Coolheaded","floor":4},{"not_picked":["Sweeping Beam","Aggregate"],"picked":"Coolheaded","floor":7},{"not_picked":["Go for the Eyes","Darkness"],"picked":"Cold Snap","floor":11},{"not_picked":["Leap","Double Energy"],"picked":"BootSequence","floor":12},{"not_picked":["Skim","Reinforced Body"],"picked":"Conserve Battery","floor":14},{"not_picked":["Amplify","Hyperbeam"],"picked":"Core Surge","floor":16},{"not_picked":["Static Discharge","Stack","Compile Driver"],"picked":"SKIP","floor":18},{"not_picked":["Sweeping Beam","Aggregate"],"picked":"BootSequence","floor":20},{"not_picked":["Rip and Tear+1","Double Energy","Ball Lightning"],"picked":"SKIP","floor":21},{"not_picked":["Doom and Gloom+1","Gash"],"picked":"Hologram","floor":22},{"not_picked":["Beam Cell","Turbo"],"picked":"Capacitor","floor":27},{"not_picked":["Multi-Cast","Reinforced Body+1"],"picked":"Capacitor","floor":29},{"not_picked":["Multi-Cast","Fission"],"picked":"Buffer","floor":33},{"not_picked":["Ball Lightning+1","Turbo","Compile Driver"],"picked":"SKIP","floor":35},{"not_picked":["Sweeping Beam+1","Redo","Ball Lightning+1"],"picked":"SKIP","floor":36}],"player_experience":351323,"relics_obtained":[{"floor":7,"key":"Bag of Preparation"},{"floor":9,"key":"Dodecahedron"},{"floor":10,"key":"Lantern"},{"floor":14,"key":"Odd Mushroom"},{"floor":26,"key":"Mummified Hand"}],"event_choices":[{"damage_healed":0,"gold_gain":0,"player_choice":"Forge","damage_taken":0,"max_hp_gain":0,"max_hp_loss":0,"event_name":"Accursed Blacksmith","floor":2,"gold_loss":0,"cards_upgraded":["Zap"]},{"damage_healed":0,"gold_gain":0,"player_choice":"Take Damage","damage_taken":18,"relics_obtained":["Golden Idol"],"max_hp_gain":0,"max_hp_loss":0,"event_name":"Golden Idol","floor":5,"gold_loss":0},{"damage_healed":0,"gold_gain":0,"player_choice":"Relic","damage_taken":0,"max_hp_gain":0,"max_hp_loss":0,"event_name":"Wheel of Change","floor":10,"gold_loss":0},{"damage_healed":0,"gold_gain":0,"player_choice":"Fought Mushrooms","damage_taken":0,"max_hp_gain":0,"max_hp_loss":0,"event_name":"Mushrooms","floor":14,"gold_loss":0},{"cards_removed":["Strike_B"],"damage_healed":0,"gold_gain":0,"player_choice":"Gave Gold","damage_taken":0,"max_hp_gain":0,"max_hp_loss":0,"event_name":"Beggar","floor":24,"gold_loss":75},{"cards_removed":["Strike_B"],"damage_healed":0,"gold_gain":0,"player_choice":"Offered Basic","damage_taken":0,"max_hp_gain":0,"max_hp_loss":0,"event_name":"Bonfire Elementals","floor":25,"gold_loss":0},{"cards_removed":["Defend_B"],"damage_healed":0,"gold_gain":0,"player_choice":"Upgrade and Remove","damage_taken":0,"max_hp_gain":0,"max_hp_loss":0,"event_name":"Designer","floor":28,"gold_loss":90,"cards_upgraded":["Coolheaded"]},{"damage_healed":27,"gold_gain":0,"player_choice":"Full Heal","damage_taken":0,"max_hp_gain":0,"max_hp_loss":0,"event_name":"Wheel of Change","floor":31,"gold_loss":0},{"cards_removed":["Zap"],"damage_healed":0,"gold_gain":0,"player_choice":"Removed Skill","damage_taken":0,"max_hp_gain":0,"max_hp_loss":0,"event_name":"Falling","floor":37,"gold_loss":0},{"damage_healed":0,"gold_gain":0,"player_choice":"Fight","damage_taken":0,"max_hp_gain":0,"max_hp_loss":0,"event_name":"Mysterious Sphere","floor":38,"gold_loss":0}],"is_beta":false,"boss_relics":[{"not_picked":["Ectoplasm","Tiny House"],"picked":"Nuclear Battery"},{"not_picked":["Black Star","Busted Crown"],"picked":"Empty Cage"}],"items_purged_floors":[19],"is_endless":false,"potions_floor_spawned":[1,7,12,18,22,29,33,35,36],"killed_by":"2 Orb Walkers","ascension_level":13}