{"gold_per_floor":[116,48,48,61,129,157,177,227,250,300,319,319,63,90,90,90],"floor_reached":16,"playtime":1215,"items_purged":["Strike_B"],"score":160,"play_id":"791074bf-6e3d-4d2b-8309-656e1b197171","local_time":"20190330204108","is_ascension_mode":true,"campfire_choices":[{"floor":12,"key":"REST"},{"floor":15,"key":"REST"}],"neow_cost":"NONE","seed_source_timestamp":735502456566000,"circlet_count":0,"master_deck":["Strike_B+1","Strike_B+1","Defend_B","Defend_B","Defend_B","Defend_B","Zap","Dualcast","Auto Shields","Sunder","Go for the Eyes","Leap","Darkness","Reboot","Turbo","White Noise","Amplify","Storm","Fission","Genetic Algorithm"],"relics":["Cracked Core","SsserpentHead","Juzu Bracelet","Dream Catcher","Blood Vial"],"potions_floor_usage":[14,14],"damage_taken":[{"damage":0,"enemies":"2 Louse","floor":1,"turns":1},{"damage":0,"enemies":"Cultist","floor":4,"turns":3},{"damage":0,"enemies":"Small Slimes","floor":5,"turns":3},{"damage":45,"enemies":"3 Sentries","floor":6,"turns":13},{"damage":0,"enemies":"Exordium Thugs","floor":7,"turns":5},{"damage":0,"enemies":"Large Slime","floor":11,"turns":6},{"damage":12,"enemies":"Lagavulin","floor":14,"turns":7},{"damage":53,"enemies":"The Guardian","floor":16,"turns":12}],"seed_played":"2447948511846338445","potions_obtained":[{"floor":1,"key":"Block Potion"},{"floor":7,"key":"Swift Potion"}],"is_trial":false,"path_per_floor":["M","$","?","M","M","E","M","?","T","?","M","R","$","E","R","B"],"character_chosen":"DEFECT","items_purchased":["Sunder","Amplify","Storm"],"campfire_rested":2,"item_purchase_floors":[2,13,13],"current_hp_per_floor":[75,75,75,75,75,30,30,14,14,14,14,38,38,26,50,0],"gold":90,"neow_bonus":"TEN_PERCENT_HP_BONUS","is_prod":false,"is_daily":false,"chose_seed":false,"campfire_upgraded":0,"win_rate":0,"timestamp":1554000068,"path_taken":["M","$","?","M","?","E","M","?","T","?","M","R","?","E","R","BOSS"],"build_version":"2019-01-23","purchased_purges":1,"victory":false,"max_hp_per_floor":[82,82,82,82,82,82,82,82,82,82,82,82,82,82,82,82],"card_choices":[{"not_picked":["Stack","Coolheaded"],"picked":"Auto Shields","floor":1},{"not_picked":["Ball Lightning","Skim"],"picked":"Go for the Eyes","floor":4},{"not_picked":["Ball Lightning","Steam"],"picked":"Leap","floor":5},{"not_picked":["Force Field","Lockon","Compile Driver"],"picked":"SKIP","floor":6},{"not_picked":["Ball Lightning","Turbo"],"picked":"Darkness","floor":7},{"not_picked":["White Noise","Cold Snap"],"picked":"Turbo","floor":11},{"not_picked":["Fusion","Leap"],"picked":"White Noise","floor":12},{"not_picked":["Ball Lightning","Steam Power"],"picked":"Fission","floor":14},{"not_picked":["Ball Lightning","Conserve Battery"],"picked":"Genetic Algorithm","floor":15}],"player_experience":513081,"relics_obtained":[{"floor":6,"key":"Juzu Bracelet"},{"floor":9,"key":"Dream Catcher"},{"floor":14,"key":"Blood Vial"}],"event_choices":[{"damage_healed":0,"gold_gain":0,"player_choice":"Trade","damage_taken":0,"relics_obtained":["SsserpentHead"],"max_hp_gain":0,"max_hp_loss":0,"event_name":"FaceTrader","floor":3,"gold_loss":0},{"damage_healed":0,"gold_gain":0,"player_choice":"Entered Light","damage_taken":16,"max_hp_gain":0,"max_hp_loss":0,"event_name":"Shining Light","floor":8,"gold_loss":0,"cards_upgraded":["Strike_B","Strike_B"]},{"damage_healed":0,"gold_gain":0,"cards_transformed":["Strike_B"],"player_choice":"Transformed","damage_taken":0,"max_hp_gain":0,"max_hp_loss":0,"event_name":"Transmorgrifier","floor":10,"gold_loss":0,"cards_obtained":["Reboot"]}],"is_beta":false,"boss_relics":[],"items_purged_floors":[13],"is_endless":false,"potions_floor_spawned":[1,7],"killed_by":"The Guardian","ascension_level":9}