{"gold_per_floor":[118,128,128,128,49,49,78,78,152,152,186,186,216,229,229,229],"floor_reached":16,"playtime":492,"items_purged":[],"score":332,"play_id":"ce6d7080-e9cd-4d21-8d6d-91be90b63367","local_time":"20190331212546","is_ascension_mode":true,"campfire_choices":[{"data":"Noxious Fumes","floor":6,"key":"SMITH"},{"data":"Neutralize","floor":8,"key":"SMITH"},{"data":"Catalyst","floor":12,"key":"SMITH"},{"data":"Survivor","floor":15,"key":"SMITH"}],"neow_cost":"NONE","seed_source_timestamp":260376709771735,"circlet_count":0,"master_deck":["AscendersBane","Defend_G","Defend_G","Defend_G","Defend_G","Defend_G","Strike_G","Strike_G","Strike_G","Strike_G","Survivor+1","Neutralize+1","Deflect","Bouncing Flask+1","Noxious Fumes+1","Backflip","Catalyst+1","Backflip"],"relics":["Ring of the Snake","NeowsBlessing","Oddly Smooth Stone","Meat on the Bone","Tough Bandages","Orichalcum","Letter Opener"],"potions_floor_usage":[11,16,16],"damage_taken":[{"damage":0,"enemies":"Cultist","floor":1,"turns":1},{"damage":0,"enemies":"Jaw Worm","floor":2,"turns":1},{"damage":0,"enemies":"Gremlin Nob","floor":7,"turns":1},{"damage":12,"enemies":"Lagavulin","floor":11,"turns":6},{"damage":0,"enemies":"Gremlin Nob","floor":13,"turns":3},{"damage":0,"enemies":"Small Slimes","floor":14,"turns":3},{"damage":53,"enemies":"Slime Boss","floor":16,"turns":9}],"seed_played":"9008044521312558368","potions_obtained":[{"floor":1,"key":"Strength Potion"},{"floor":2,"key":"Explosive Potion"},{"floor":14,"key":"Regen Potion"}],"is_trial":false,"path_per_floor":["M","M","?","?","$","R","E","R","T","?","E","R","E","M","R","B"],"character_chosen":"THE_SILENT","items_purchased":["Noxious Fumes"],"campfire_rested":0,"item_purchase_floors":[5],"current_hp_per_floor":[59,59,52,52,52,52,52,52,52,47,35,35,35,35,35,0],"gold":229,"neow_bonus":"THREE_ENEMY_KILL","is_prod":false,"is_daily":false,"chose_seed":false,"campfire_upgraded":4,"win_rate":0,"timestamp":1554089146,"path_taken":["M","?","?","?","$","R","E","R","T","?","E","R","E","?","R","BOSS"],"build_version":"2019-01-23","purchased_purges":0,"victory":false,"max_hp_per_floor":[66,66,66,66,66,66,66,66,66,66,66,66,66,66,66,66],"card_choices":[{"not_picked":["Crippling Poison","Infinite Blades"],"picked":"Deflect","floor":1},{"not_picked":["Underhanded Strike","Bane"],"picked":"Bouncing Flask","floor":2},{"not_picked":["Expertise","Doppelganger"],"picked":"Backflip","floor":7},{"not_picked":["Dodge and Roll","Flying Knee"],"picked":"Catalyst","floor":11},{"not_picked":["Endless Agony","Bane","Skewer"],"picked":"SKIP","floor":13},{"not_picked":["Deflect","Bullet Time"],"picked":"Backflip","floor":14}],"player_experience":395925,"relics_obtained":[{"floor":7,"key":"Oddly Smooth Stone"},{"floor":9,"key":"Meat on the Bone"},{"floor":11,"key":"Orichalcum"},{"floor":13,"key":"Letter Opener"}],"event_choices":[{"cards_removed":["Strike_G"],"damage_healed":0,"gold_gain":0,"player_choice":"Card Removal","damage_taken":7,"max_hp_gain":0,"max_hp_loss":0,"event_name":"Golden Wing","floor":3,"gold_loss":0},{"damage_healed":0,"gold_gain":0,"player_choice":"Grow","damage_taken":0,"max_hp_gain":0,"max_hp_loss":0,"event_name":"Living Wall","floor":4,"gold_loss":0,"cards_upgraded":["Bouncing Flask"]},{"damage_healed":0,"gold_gain":0,"player_choice":"Success","damage_taken":5,"relics_obtained":["Tough Bandages"],"max_hp_gain":0,"max_hp_loss":0,"event_name":"Scrap Ooze","floor":10,"gold_loss":0}],"is_beta":false,"boss_relics":[],"items_purged_floors":[],"is_endless":false,"potions_floor_spawned":[1,2,14],"killed_by":"Slime Boss","ascension_level":20}