{"gold_per_floor":[115,65,84,159,179,179,211,211,235,235,245,263,36,69,69,167,167,181,181,192,207,207],"floor_reached":22,"playtime":2431,"items_purged":["Strike_G"],"score":235,"play_id":"c1dbc3c3-381d-4340-af7c-a2bae87ca752","local_time":"20190604230531","is_ascension_mode":true,"campfire_choices":[{"floor":6,"key":"REST"},{"data":"A Thousand Cuts","floor":8,"key":"SMITH"},{"floor":10,"key":"REST"},{"data":"Sucker Punch","floor":15,"key":"SMITH"}],"neow_cost":"PERCENT_DAMAGE","seed_source_timestamp":525654681594428,"circlet_count":0,"master_deck":["Defend_G","Defend_G","Defend_G","Defend_G","Defend_G","Strike_G","Strike_G","Strike_G","Survivor","Neutralize","Poisoned Stab","Well Laid Plans","Deflect","Deadly Poison","Dagger Throw","Catalyst","A Thousand Cuts+1","Sucker Punch+1","Endless Agony","Cloak And Dagger","Grand Finale","Prepared","Noxious Fumes","Backstab","Flying Knee+1","After Image","Escape Plan"],"relics":["Ring of the Snake","Prayer Wheel","Omamori","Snake Skull","Strawberry","PreservedInsect","Eternal Feather","WarpedTongs"],"potions_floor_usage":[5,20,21],"damage_taken":[{"damage":9,"enemies":"Jaw Worm","floor":1,"turns":6},{"damage":0,"enemies":"2 Louse","floor":3,"turns":3},{"damage":0,"enemies":"Cultist","floor":5,"turns":5},{"damage":23,"enemies":"3 Sentries","floor":7,"turns":11},{"damage":1,"enemies":"Looter","floor":11,"turns":4},{"damage":13,"enemies":"Large Slime","floor":12,"turns":5},{"damage":16,"enemies":"Gremlin Nob","floor":14,"turns":4},{"damage":36,"enemies":"The Guardian","floor":16,"turns":10},{"damage":16,"enemies":"Spheric Guardian","floor":18,"turns":4},{"damage":17,"enemies":"2 Thieves","floor":20,"turns":4},{"damage":13,"enemies":"Cultist and Chosen","floor":21,"turns":5},{"damage":33,"enemies":"Sentry and Sphere","floor":22,"turns":7}],"seed_played":"829105641781012101","potions_obtained":[{"floor":1,"key":"Regen Potion"},{"floor":3,"key":"Fire Potion"},{"floor":12,"key":"Energy Potion"},{"floor":20,"key":"Poison Potion"}],"is_trial":false,"path_per_floor":["?","?","?","M"],"character_chosen":"THE_SILENT","items_purchased":["Strawberry"],"campfire_rested":2,"item_purchase_floors":[13],"current_hp_per_floor":[40,40,40,29,44,65,42,42,42,63,62,49,56,40,40,4,77,61,61,44,31,0],"gold":207,"neow_bonus":"ONE_RARE_RELIC","is_prod":false,"is_daily":false,"chose_seed":false,"campfire_upgraded":2,"win_rate":0,"timestamp":1559718331,"path_taken":["M","?","M","?","M","R","E","R","T","R","M","M","$","E","R","BOSS","M","?","M","?","M"],"build_version":"2019-01-23","purchased_purges":1,"victory":false,"max_hp_per_floor":[70,70,70,70,70,70,70,70,70,70,70,70,77,77,77,77,77,77,77,77,77,77],"card_choices":[{"not_picked":["Reflex","Calculated Gamble"],"picked":"Poisoned Stab","floor":1},{"not_picked":["Dodge and Roll","Underhanded Strike"],"picked":"Well Laid Plans","floor":1},{"not_picked":["Expertise","Riddle With Holes"],"picked":"Deflect","floor":3},{"not_picked":["Deflect","Dagger Spray"],"picked":"Deadly Poison","floor":3},{"not_picked":["Deadly Poison","Slice"],"picked":"Dagger Throw","floor":5},{"not_picked":["Backflip","Dagger Throw"],"picked":"Catalyst","floor":5},{"not_picked":["Blade Dance","Sucker Punch"],"picked":"A Thousand Cuts","floor":7},{"not_picked":["Dagger Throw","Flechettes"],"picked":"Sucker Punch","floor":11},{"not_picked":["Deflect","Quick Slash"],"picked":"Endless Agony","floor":11},{"not_picked":["Flying Knee","Slice"],"picked":"Cloak And Dagger","floor":12},{"not_picked":["Flying Knee","Sucker Punch","Dagger Spray"],"picked":"SKIP","floor":12},{"not_picked":["Accuracy","PiercingWail"],"picked":"Grand Finale","floor":14},{"not_picked":["Setup","Predator"],"picked":"Prepared","floor":18},{"not_picked":["Expertise","Infinite Blades"],"picked":"Noxious Fumes","floor":18},{"not_picked":["Leg Sweep+1","Flechettes"],"picked":"Backstab","floor":20},{"not_picked":["Deadly Poison","Bane"],"picked":"Flying Knee+1","floor":20},{"not_picked":["Dagger Spray","PiercingWail+1"],"picked":"After Image","floor":21},{"not_picked":["Slice","Dodge and Roll"],"picked":"Escape Plan","floor":21}],"player_experience":186104,"relics_obtained":[{"floor":7,"key":"Omamori"},{"floor":9,"key":"Snake Skull"},{"floor":14,"key":"PreservedInsect"}],"event_choices":[{"cards_removed":["Strike_G"],"damage_healed":0,"gold_gain":0,"player_choice":"Card Removal","damage_taken":0,"max_hp_gain":0,"max_hp_loss":0,"event_name":"The Cleric","floor":2,"gold_loss":50},{"damage_healed":0,"gold_gain":75,"player_choice":"Gather Gold","damage_taken":11,"max_hp_gain":0,"max_hp_loss":0,"event_name":"World of Goop","floor":4,"gold_loss":0},{"damage_healed":0,"gold_gain":0,"player_choice":"Rummage","damage_taken":0,"relics_obtained":["WarpedTongs"],"max_hp_gain":0,"max_hp_loss":0,"event_name":"Accursed Blacksmith","floor":19,"gold_loss":0,"cards_obtained":["Pain"]}],"is_beta":false,"boss_relics":[{"not_picked":["Ectoplasm","Orrery"],"picked":"Eternal Feather"}],"items_purged_floors":[13],"is_endless":false,"potions_floor_spawned":[1,3,12,20],"killed_by":"Sentry and Sphere","ascension_level":4}