{"gold_per_floor":[110,110,125,142,142,177,29,47,47,78,93,93,127,137,137,237,237,223,223,243,36,50,50,82,82,82,82,82,110,110,139,139,139],"floor_reached":33,"playtime":3643,"items_purged":[],"score":389,"play_id":"6ff94553-bae7-4048-9eef-8a03bd512cf5","local_time":"20190602171049","is_ascension_mode":true,"campfire_choices":[{"floor":12,"key":"REST"},{"floor":15,"key":"REST"},{"floor":23,"key":"REST"},{"data":"Envenom","floor":25,"key":"SMITH"},{"data":"Dash","floor":27,"key":"SMITH"},{"data":"Bouncing Flask","floor":32,"key":"SMITH"}],"neow_cost":"NONE","seed_source_timestamp":330361167994760,"circlet_count":0,"master_deck":["Defend_G+1","Defend_G+1","Defend_G+1","Defend_G+1","Defend_G+1","Strike_G+1","Strike_G+1","Strike_G+1","Strike_G+1","Strike_G+1","Survivor+1","Neutralize","Malaise","Dagger Spray+1","After Image","Dagger Spray","Dagger Throw","Dash+1","Cloak And Dagger","Prepared","Poisoned Stab","Deflect","Envenom+1","Prepared+1","Bouncing Flask+1","Flying Knee","PiercingWail","Slice","Deadly Poison","Ghostly","Ghostly","Ghostly","Ghostly","Ghostly","Endless Agony"],"relics":["Ring of the Snake","Darkstone Periapt","Lantern","Gremlin Horn","Pear","Orichalcum","Philosopher\u0027s Stone","Toy Ornithopter","Whetstone","Pantograph","Smiling Mask","Snake Skull"],"potions_floor_usage":[13,22,29,31,33,33],"damage_taken":[{"damage":2,"enemies":"2 Louse","floor":1,"turns":4},{"damage":0,"enemies":"Cultist","floor":3,"turns":3},{"damage":0,"enemies":"Small Slimes","floor":4,"turns":4},{"damage":30,"enemies":"3 Sentries","floor":6,"turns":7},{"damage":0,"enemies":"Blue Slaver","floor":8,"turns":4},{"damage":16,"enemies":"Gremlin Nob","floor":10,"turns":5},{"damage":0,"enemies":"Large Slime","floor":11,"turns":5},{"damage":8,"enemies":"3 Sentries","floor":13,"turns":8},{"damage":0,"enemies":"Exordium Wildlife","floor":14,"turns":4},{"damage":30,"enemies":"Hexaghost","floor":16,"turns":17},{"damage":21,"enemies":"2 Thieves","floor":18,"turns":4},{"damage":0,"enemies":"3 Byrds","floor":20,"turns":3},{"damage":8,"enemies":"Centurion and Healer","floor":22,"turns":10},{"damage":21,"enemies":"Gremlin Leader","floor":24,"turns":7},{"damage":13,"enemies":"Slavers","floor":29,"turns":7},{"damage":13,"enemies":"Book of Stabbing","floor":31,"turns":6},{"damage":58,"enemies":"Champ","floor":33,"turns":7}],"seed_played":"-1237320618994465148","potions_obtained":[{"floor":6,"key":"LiquidBronze"},{"floor":8,"key":"GamblersBrew"},{"floor":10,"key":"Fire Potion"},{"floor":14,"key":"GamblersBrew"},{"floor":29,"key":"Fruit Juice"},{"floor":31,"key":"SteroidPotion"}],"is_trial":false,"path_per_floor":["?","?","M","?","?","?"],"character_chosen":"THE_SILENT","items_purchased":["Lantern","Toy Ornithopter"],"campfire_rested":3,"item_purchase_floors":[7,21],"current_hp_per_floor":[68,54,54,54,54,24,24,24,24,18,18,42,34,34,58,28,80,59,59,59,59,56,80,59,59,59,59,59,56,42,30,30,0],"gold":139,"neow_bonus":"ONE_RANDOM_RARE_CARD","is_prod":false,"is_daily":false,"chose_seed":false,"campfire_upgraded":3,"win_rate":0,"timestamp":1559524249,"path_taken":["M","?","M","M","?","E","$","?","T","E","M","R","E","M","R","BOSS","M","?","M","$","M","R","E","R","T","R","?","E","?","E","R","BOSS"],"build_version":"2019-01-23","purchased_purges":0,"victory":false,"max_hp_per_floor":[70,70,70,70,70,70,70,70,70,80,80,80,80,80,80,80,80,80,80,80,80,80,80,80,80,80,80,80,85,42,42,42,42],"card_choices":[{"not_picked":["Prepared","Backflip"],"picked":"Dagger Spray","floor":1},{"not_picked":["Bane","Cloak And Dagger"],"picked":"After Image","floor":3},{"not_picked":["Caltrops","Bane"],"picked":"Dagger Spray","floor":4},{"not_picked":["Prepared","Night Terror"],"picked":"Dagger Throw","floor":6},{"not_picked":["Backflip","Dodge and Roll"],"picked":"Dash","floor":8},{"not_picked":["Deadly Poison","Bane"],"picked":"Cloak And Dagger","floor":10},{"not_picked":["Dagger Spray","Dodge and Roll"],"picked":"Prepared","floor":11},{"not_picked":["Bane","Slice"],"picked":"Poisoned Stab","floor":13},{"not_picked":["Night Terror","Skewer"],"picked":"Deflect","floor":14},{"not_picked":["Phantasmal Killer","Malaise"],"picked":"Envenom","floor":16},{"not_picked":["Dagger Throw","Footwork"],"picked":"Prepared+1","floor":18},{"not_picked":["Cloak And Dagger","Dodge and Roll"],"picked":"Flying Knee","floor":20},{"not_picked":["Deflect","Dash"],"picked":"PiercingWail","floor":22},{"not_picked":["Prepared","Poisoned Stab"],"picked":"Slice","floor":24},{"not_picked":["Dagger Spray","Leg Sweep"],"picked":"Deadly Poison","floor":29},{"not_picked":["Acrobatics","Deadly Poison"],"picked":"Endless Agony","floor":31}],"player_experience":88229,"relics_obtained":[{"floor":6,"key":"Darkstone Periapt"},{"floor":9,"key":"Gremlin Horn"},{"floor":10,"key":"Pear"},{"floor":13,"key":"Orichalcum"},{"floor":24,"key":"Whetstone"},{"floor":26,"key":"Pantograph"},{"floor":29,"key":"Smiling Mask"},{"floor":31,"key":"Snake Skull"}],"event_choices":[{"damage_healed":0,"gold_gain":0,"player_choice":"Entered Light","damage_taken":14,"max_hp_gain":0,"max_hp_loss":0,"event_name":"Shining Light","floor":2,"gold_loss":0,"cards_upgraded":["Survivor","Defend_G"]},{"damage_healed":0,"gold_gain":0,"player_choice":"Bought 0 Potions","damage_taken":0,"max_hp_gain":0,"max_hp_loss":0,"event_name":"The Woman in Blue","floor":5,"gold_loss":0},{"damage_healed":0,"gold_gain":0,"player_choice":"Read","damage_taken":0,"max_hp_gain":0,"max_hp_loss":0,"event_name":"The Library","floor":19,"gold_loss":0,"cards_obtained":["Bouncing Flask"]},{"damage_healed":0,"gold_gain":0,"player_choice":"Simplicity","damage_taken":0,"max_hp_gain":0,"max_hp_loss":0,"event_name":"Back to Basics","floor":28,"gold_loss":0,"cards_upgraded":["Defend_G","Defend_G","Defend_G","Defend_G","Strike_G","Strike_G","Strike_G","Strike_G"]},{"damage_healed":0,"gold_gain":0,"player_choice":"Became a Ghost","damage_taken":0,"max_hp_gain":0,"max_hp_loss":43,"event_name":"Ghosts","floor":30,"gold_loss":0,"cards_obtained":["Ghostly","Ghostly","Ghostly","Ghostly","Ghostly"]}],"is_beta":false,"boss_relics":[{"not_picked":["Eternal Feather","White Beast Statue"],"picked":"Philosopher\u0027s Stone"}],"items_purged_floors":[],"is_endless":false,"potions_floor_spawned":[6,8,10,14,16,29,31],"killed_by":"Champ","ascension_level":1}