{"gold_per_floor":[112,86,361,376,386,413,413,413,467,487,487],"floor_reached":11,"playtime":342,"items_purged":[],"score":120,"play_id":"6eb949ec-bfb2-4ff8-88f4-56c71fa0d00b","local_time":"20190505130324","is_ascension_mode":true,"campfire_choices":[{"floor":7,"key":"REST"}],"neow_cost":"NONE","seed_source_timestamp":224156394133048,"circlet_count":0,"master_deck":["AscendersBane","Strike_R","Strike_R","Strike_R","Strike_R","Strike_R","Defend_R","Defend_R","Defend_R","Defend_R","Bash","Flex","Regret","Metallicize","Shrug It Off","Ghostly Armor"],"relics":["Burning Blood","Potion Belt","Dream Catcher","Happy Flower"],"potions_floor_usage":[6,11],"damage_taken":[{"damage":12,"enemies":"Small Slimes","floor":1,"turns":5},{"damage":10,"enemies":"Cultist","floor":4,"turns":4},{"damage":8,"enemies":"2 Louse","floor":5,"turns":4},{"damage":58,"enemies":"Lagavulin","floor":6,"turns":10},{"damage":12,"enemies":"2 Fungi Beasts","floor":10,"turns":6},{"damage":53,"enemies":"Gremlin Nob","floor":11,"turns":5}],"seed_played":"1310418946533477414","potions_obtained":[{"floor":1,"key":"Block Potion"},{"floor":5,"key":"SpeedPotion"},{"floor":10,"key":"EssenceOfSteel"}],"is_trial":false,"path_per_floor":["M","$","?","M","M","E","R","?","T","M","E"],"character_chosen":"IRONCLAD","items_purchased":["Flex"],"campfire_rested":1,"item_purchase_floors":[2],"current_hp_per_floor":[74,74,74,70,68,16,42,42,42,36,0],"gold":487,"neow_bonus":"TEN_PERCENT_HP_BONUS","is_prod":false,"is_daily":false,"chose_seed":false,"campfire_upgraded":0,"win_rate":0,"timestamp":1557083004,"path_taken":["M","$","?","?","M","E","R","?","T","M","E"],"build_version":"2019-01-23","purchased_purges":0,"victory":false,"max_hp_per_floor":[88,88,88,88,88,88,88,88,88,88,88],"card_choices":[{"not_picked":["Bloodletting","Body Slam","Flex"],"picked":"SKIP","floor":1},{"not_picked":["Thunderclap","Sentinel"],"picked":"Metallicize","floor":4},{"not_picked":["Headbutt","Clothesline"],"picked":"Shrug It Off","floor":5},{"not_picked":["Rage","Bloodletting","Clash"],"picked":"SKIP","floor":6},{"not_picked":["Dropkick","Thunderclap"],"picked":"Ghostly Armor","floor":10}],"player_experience":552275,"relics_obtained":[{"floor":6,"key":"Potion Belt"},{"floor":9,"key":"Happy Flower"}],"event_choices":[{"damage_healed":0,"gold_gain":275,"player_choice":"Desecrate","damage_taken":0,"max_hp_gain":0,"max_hp_loss":0,"event_name":"Golden Shrine","floor":3,"gold_loss":0,"cards_obtained":["Regret"]},{"damage_healed":0,"gold_gain":0,"player_choice":"Gave Potion","damage_taken":0,"relics_obtained":["Dream Catcher"],"max_hp_gain":0,"max_hp_loss":0,"event_name":"WeMeetAgain","floor":8,"gold_loss":0}],"is_beta":false,"boss_relics":[],"items_purged_floors":[],"is_endless":false,"potions_floor_spawned":[1,5,10],"killed_by":"Gremlin Nob","ascension_level":13}