{"gold_per_floor":[113,113,188,206,132,167,167,197,197,197,197,197,197,207,207,302,302,322,237,249,177,277,277,277,293,320,320,350,364,395,412,412,412],"floor_reached":33,"playtime":1077,"items_purged":[],"score":332,"play_id":"5551317f-a6b8-407d-8c88-9e5747cb4f18","local_time":"20181028214906","is_ascension_mode":true,"campfire_choices":[{"data":"Electrodynamics","floor":7,"key":"SMITH"},{"floor":10,"key":"REST"},{"data":"Fusion","floor":13,"key":"SMITH"},{"data":"Zap","floor":15,"key":"SMITH"},{"data":"White Noise","floor":23,"key":"SMITH"},{"floor":27,"key":"REST"},{"floor":32,"key":"REST"}],"neow_cost":"NONE","seed_source_timestamp":42943872586966,"circlet_count":0,"master_deck":["Strike_B","Strike_B","Strike_B","Strike_B","Defend_B","Defend_B","Defend_B","Defend_B","Zap+1","Dualcast","Sweeping Beam","Reboot","Static Discharge","Electrodynamics+1","Blind","Fusion+1","Go for the Eyes","Double Energy","Biased Cognition","White Noise+1","Streamline+1","Sunder","Leap","Beam Cell","Hologram+1","Skim"],"relics":["Cracked Core","NeowsBlessing","Singing Bowl","WingedGreaves","Meat on the Bone","Question Card","Runic Pyramid","Pocketwatch","PreservedInsect","Pen Nib","Bag of Marbles"],"potions_floor_usage":[16,33,33],"damage_taken":[{"damage":0,"enemies":"Small Slimes","floor":1,"turns":1},{"damage":0,"enemies":"2 Louse","floor":4,"turns":1},{"damage":0,"enemies":"3 Sentries","floor":6,"turns":1},{"damage":30,"enemies":"Gremlin Nob","floor":8,"turns":4},{"damage":11,"enemies":"Jaw Worm","floor":14,"turns":3},{"damage":26,"enemies":"The Guardian","floor":16,"turns":12},{"damage":5,"enemies":"Spheric Guardian","floor":18,"turns":3},{"damage":12,"enemies":"Shell Parasite","floor":20,"turns":4},{"damage":12,"enemies":"Centurion and Healer","floor":25,"turns":3},{"damage":32,"enemies":"Slavers","floor":28,"turns":3},{"damage":2,"enemies":"3 Cultists","floor":29,"turns":3},{"damage":25,"enemies":"Book of Stabbing","floor":30,"turns":4},{"damage":21,"enemies":"Cultist and Chosen","floor":31,"turns":4},{"damage":53,"enemies":"Champ","floor":33,"turns":7}],"seed_played":"-7725442633883874813","potions_obtained":[{"floor":4,"key":"Regen Potion"},{"floor":6,"key":"Fire Potion"},{"floor":8,"key":"SkillPotion"},{"floor":14,"key":"Poison Potion"},{"floor":18,"key":"FocusPotion"}],"is_trial":false,"path_per_floor":["M","?","?","M","$","E","R","E","T","R","?","?","R","M","R","B",null,"M","?","M","$","?","R","?","M","T","R","E","M","E","M","R"],"character_chosen":"DEFECT","items_purchased":["Static Discharge","Sunder"],"campfire_rested":3,"item_purchase_floors":[5,21],"current_hp_per_floor":[75,63,52,52,52,52,52,24,24,47,47,47,47,48,48,34,77,72,72,60,60,60,60,46,46,46,70,50,48,37,28,53,0],"gold":412,"neow_bonus":"THREE_ENEMY_KILL","is_prod":false,"is_daily":false,"chose_seed":false,"campfire_upgraded":4,"win_rate":0,"timestamp":1540723746,"path_taken":["M","?","?","M","$","E","R","E","T","R","?","?","R","M","R","BOSS","M","?","M","$","?","R","?","M","T","R","E","?","E","M","R","BOSS"],"build_version":"2018-10-25v2","purchased_purges":0,"victory":false,"max_hp_per_floor":[75,75,75,75,75,75,75,77,77,77,77,77,77,77,77,77,77,77,77,77,77,77,77,82,82,82,82,82,82,84,84,84,84],"card_choices":[{"not_picked":["Go for the Eyes","Turbo"],"picked":"Sweeping Beam","floor":1},{"not_picked":["Sweeping Beam","Streamline"],"picked":"Reboot","floor":4},{"not_picked":["Chill","Turbo"],"picked":"Electrodynamics","floor":6},{"not_picked":["Chill","Beam Cell","Meteor Strike"],"picked":"Singing Bowl","floor":8},{"not_picked":["Redo","Coolheaded","Streamline"],"picked":"Double Energy","floor":14},{"not_picked":["Buffer","Hyperbeam","Meteor Strike"],"picked":"Biased Cognition","floor":16},{"not_picked":["Rip and Tear","Recycle","Beam Cell"],"picked":"White Noise","floor":18},{"not_picked":["Heatsinks","Coolheaded","Leap"],"picked":"Streamline+1","floor":20},{"not_picked":["Blizzard+1","Compile Driver","Glacier"],"picked":"Leap","floor":25},{"not_picked":["Turbo","Rebound","Gash+1"],"picked":"Beam Cell","floor":28},{"not_picked":["Streamline","Go for the Eyes","Self Repair"],"picked":"Hologram+1","floor":29},{"not_picked":["Turbo+1","Barrage","Steam","Sweeping Beam"],"picked":"Singing Bowl","floor":30},{"not_picked":["Beam Cell+1","Ball Lightning","Sweeping Beam+1"],"picked":"Skim","floor":31}],"player_experience":133153,"relics_obtained":[{"floor":6,"key":"WingedGreaves"},{"floor":8,"key":"Meat on the Bone"},{"floor":9,"key":"Question Card"},{"floor":26,"key":"PreservedInsect"},{"floor":28,"key":"Pen Nib"},{"floor":30,"key":"Bag of Marbles"}],"event_choices":[{"damage_healed":0,"gold_gain":0,"player_choice":"Success","damage_taken":12,"relics_obtained":["Singing Bowl"],"max_hp_gain":0,"max_hp_loss":0,"event_name":"Scrap Ooze","floor":2,"gold_loss":0},{"damage_healed":0,"gold_gain":75,"player_choice":"Gather Gold","damage_taken":11,"max_hp_gain":0,"max_hp_loss":0,"event_name":"World of Goop","floor":3,"gold_loss":0},{"damage_healed":0,"gold_gain":0,"player_choice":"3 cards matched","damage_taken":0,"max_hp_gain":0,"max_hp_loss":0,"event_name":"Match and Keep!","floor":11,"gold_loss":0,"cards_obtained":["Blind","Fusion","Go for the Eyes"]},{"damage_healed":0,"gold_gain":0,"player_choice":"Got Potions","damage_taken":0,"max_hp_gain":0,"max_hp_loss":0,"event_name":"The Lab","floor":12,"gold_loss":0},{"damage_healed":0,"gold_gain":0,"player_choice":"Obtained Relic","damage_taken":0,"relics_obtained":["Pocketwatch"],"max_hp_gain":0,"max_hp_loss":0,"event_name":"Addict","floor":19,"gold_loss":85},{"damage_healed":0,"gold_gain":100,"player_choice":"Pray","damage_taken":0,"max_hp_gain":0,"max_hp_loss":0,"event_name":"Golden Shrine","floor":22,"gold_loss":0},{"damage_healed":0,"gold_gain":0,"player_choice":"Shed Blood","damage_taken":19,"max_hp_gain":5,"max_hp_loss":0,"event_name":"Forgotten Altar","floor":24,"gold_loss":0}],"is_beta":true,"boss_relics":[{"not_picked":["Lizard Tail","Orrery"],"picked":"Runic Pyramid"}],"items_purged_floors":[],"is_endless":false,"potions_floor_spawned":[4,6,8,14,18,25,28,31],"killed_by":"Champ","ascension_level":1}