{"gold_per_floor":[118,136,146,146,158,158,169,169,195,195,230,81,81],"floor_reached":13,"playtime":395,"items_purged":["Regret"],"score":170,"play_id":"3cd51c1d-21aa-47b7-be30-f1b9d2fa2361","local_time":"20190406001029","is_ascension_mode":true,"campfire_choices":[{"data":"Neutralize","floor":6,"key":"SMITH"},{"data":"Deadly Poison","floor":8,"key":"SMITH"},{"data":"Quick Slash","floor":10,"key":"SMITH"}],"neow_cost":"NONE","seed_source_timestamp":702357932588827,"circlet_count":0,"master_deck":["AscendersBane","Defend_G+1","Defend_G","Defend_G","Defend_G+1","Defend_G","Strike_G","Strike_G","Strike_G","Strike_G","Strike_G","Survivor","Neutralize+1","Quick Slash+1","Dagger Throw","Deadly Poison+1","Dash","Well Laid Plans"],"relics":["Ring of the Snake","NeowsBlessing","War Paint","Regal Pillow","Pen Nib"],"potions_floor_usage":[7,11],"damage_taken":[{"damage":0,"enemies":"2 Louse","floor":1,"turns":1},{"damage":0,"enemies":"Cultist","floor":2,"turns":1},{"damage":0,"enemies":"Jaw Worm","floor":3,"turns":1},{"damage":15,"enemies":"Large Slime","floor":5,"turns":7},{"damage":7,"enemies":"Exordium Thugs","floor":7,"turns":6},{"damage":36,"enemies":"3 Sentries","floor":11,"turns":13},{"damage":3,"enemies":"3 Louse","floor":13,"turns":1}],"seed_played":"2341161324057658348","potions_obtained":[{"floor":3,"key":"Dexterity Potion"},{"floor":5,"key":"Block Potion"},{"floor":7,"key":"Ancient Potion"}],"is_trial":false,"path_per_floor":["M","M","M","?","M","R","M","R","T","R","E","$","M"],"character_chosen":"THE_SILENT","items_purchased":["Well Laid Plans"],"campfire_rested":0,"item_purchase_floors":[12],"current_hp_per_floor":[59,59,59,59,44,44,37,37,37,37,1,1,0],"gold":81,"neow_bonus":"THREE_ENEMY_KILL","is_prod":false,"is_daily":false,"chose_seed":false,"campfire_upgraded":3,"win_rate":0,"timestamp":1554531029,"path_taken":["M","M","M","?","M","R","M","R","T","R","E","$","M"],"build_version":"2019-01-23","purchased_purges":1,"victory":false,"max_hp_per_floor":[66,66,66,66,66,66,66,66,66,66,66,66,66],"card_choices":[{"not_picked":["Escape Plan","PiercingWail"],"picked":"Quick Slash","floor":1},{"not_picked":["Prepared","Slice"],"picked":"Dagger Throw","floor":2},{"not_picked":["Catalyst","Dagger Throw","Prepared"],"picked":"SKIP","floor":3},{"not_picked":["Infinite Blades","Underhanded Strike","Flechettes"],"picked":"SKIP","floor":5},{"not_picked":["Backflip","Quick Slash"],"picked":"Deadly Poison","floor":7},{"not_picked":["Eviscerate","Underhanded Strike"],"picked":"Dash","floor":11}],"player_experience":460434,"relics_obtained":[{"floor":9,"key":"Regal Pillow"},{"floor":11,"key":"Pen Nib"}],"event_choices":[{"damage_healed":0,"gold_gain":0,"player_choice":"Box","damage_taken":0,"relics_obtained":["War Paint"],"max_hp_gain":0,"max_hp_loss":0,"event_name":"Big Fish","floor":4,"gold_loss":0,"cards_obtained":["Regret"]}],"is_beta":false,"boss_relics":[],"items_purged_floors":[12],"is_endless":false,"potions_floor_spawned":[3,5,7],"killed_by":"3 Louse","ascension_level":20}