{"gold_per_floor":[118,128,145,156,156,156,187,199,199,199,215,249,178,178,178,277,277,289,305,305,324,324],"floor_reached":22,"playtime":1158,"items_purged":[],"score":223,"play_id":"32ede1ae-75db-4fb3-98d6-d644738877fa","local_time":"20181031181850","is_ascension_mode":false,"campfire_choices":[{"data":"Backstab","floor":6,"key":"SMITH"},{"data":"Accuracy","floor":15,"key":"SMITH"}],"neow_cost":"NONE","seed_source_timestamp":23893360327555,"circlet_count":0,"master_deck":["Defend_G","Defend_G","Defend_G","Defend_G","Defend_G","Strike_G","Strike_G","Strike_G","Strike_G","Strike_G","Survivor","Neutralize","Blade Dance","Backstab+1","Blade Dance","Poisoned Stab","Flechettes","Noxious Fumes","Deflect","Finisher","Accuracy+1","Parasite","Storm of Steel","Regret","Injury","Shame","Crippling Poison+1","Sucker Punch+1","Quick Slash+1"],"relics":["Ring of the Snake","Letter Opener","Matryoshka","Darkstone Periapt","StoneCalendar","Incense Burner","Calling Bell","Anchor","Toxic Egg 2","Bird Faced Urn"],"potions_floor_usage":[7,12,12,21],"damage_taken":[{"damage":1,"enemies":"Cultist","floor":1,"turns":4},{"damage":1,"enemies":"2 Louse","floor":2,"turns":2},{"damage":0,"enemies":"Jaw Worm","floor":3,"turns":3},{"damage":10,"enemies":"3 Louse","floor":4,"turns":4},{"damage":25,"enemies":"Lagavulin","floor":7,"turns":7},{"damage":0,"enemies":"Exordium Wildlife","floor":8,"turns":3},{"damage":0,"enemies":"2 Fungi Beasts","floor":11,"turns":2},{"damage":2,"enemies":"3 Sentries","floor":12,"turns":6},{"damage":31,"enemies":"The Guardian","floor":16,"turns":10},{"damage":36,"enemies":"Spheric Guardian","floor":18,"turns":6},{"damage":2,"enemies":"3 Byrds","floor":19,"turns":4},{"damage":30,"enemies":"Centurion and Healer","floor":21,"turns":7},{"damage":26,"enemies":"3 Cultists","floor":22,"turns":4}],"seed_played":"6644961965912602233","potions_obtained":[{"floor":1,"key":"Weak Potion"},{"floor":2,"key":"Swift Potion"},{"floor":4,"key":"PowerPotion"},{"floor":8,"key":"Strength Potion"},{"floor":16,"key":"Explosive Potion"},{"floor":18,"key":"GhostInAJar"},{"floor":21,"key":"Block Potion"}],"is_trial":false,"path_per_floor":["M","M","M","M","?","R","E","M","T","T","M","E","$","?","R","B",null,"M","M","?","M","M"],"character_chosen":"THE_SILENT","items_purchased":["Accuracy"],"campfire_rested":0,"item_purchase_floors":[13],"current_hp_per_floor":[69,68,68,58,58,58,33,33,33,33,33,31,31,54,54,23,94,62,62,43,17,0],"gold":324,"neow_bonus":"THREE_CARDS","is_prod":false,"is_daily":false,"chose_seed":false,"campfire_upgraded":2,"win_rate":0,"timestamp":1540970330,"path_taken":["M","?","M","M","?","R","E","M","T","?","M","E","$","?","R","BOSS","M","M","?","M","M"],"build_version":"2018-10-30","purchased_purges":0,"victory":false,"max_hp_per_floor":[70,70,70,70,70,70,70,70,70,70,70,70,70,76,76,76,94,94,94,99,99,99],"card_choices":[{"not_picked":["Outmaneuver","Finisher"],"picked":"Blade Dance","floor":0},{"not_picked":["Blade Dance","Catalyst"],"picked":"Backstab","floor":1},{"not_picked":["Escape Plan","Backflip"],"picked":"Blade Dance","floor":2},{"not_picked":["All Out Attack","Heel Hook"],"picked":"Poisoned Stab","floor":3},{"not_picked":["Expertise","Setup"],"picked":"Flechettes","floor":4},{"not_picked":["Unload","Flechettes"],"picked":"Noxious Fumes","floor":7},{"not_picked":["Endless Agony","Underhanded Strike","Expertise"],"picked":"SKIP","floor":8},{"not_picked":["PiercingWail","Bane"],"picked":"Deflect","floor":11},{"not_picked":["Reflex","Deadly Poison"],"picked":"Finisher","floor":12},{"not_picked":["Burst","Adrenaline"],"picked":"Storm of Steel","floor":16},{"not_picked":["Prepared+1","Dash"],"picked":"Crippling Poison+1","floor":18},{"not_picked":["Slice","Poisoned Stab"],"picked":"Sucker Punch+1","floor":19},{"not_picked":["Well Laid Plans","Poisoned Stab"],"picked":"Quick Slash+1","floor":21}],"player_experience":145826,"relics_obtained":[{"floor":7,"key":"Letter Opener"},{"floor":9,"key":"Matryoshka"},{"floor":10,"key":"Darkstone Periapt"},{"floor":10,"key":"StoneCalendar"},{"floor":12,"key":"Incense Burner"},{"floor":17,"key":"Anchor"},{"floor":17,"key":"Toxic Egg 2"},{"floor":17,"key":"Bird Faced Urn"}],"event_choices":[{"damage_healed":0,"gold_gain":0,"player_choice":"Ignored","damage_taken":0,"max_hp_gain":0,"max_hp_loss":0,"event_name":"Liars Game","floor":5,"gold_loss":0},{"damage_healed":17,"gold_gain":0,"player_choice":"Healed and dodged fight","damage_taken":0,"max_hp_gain":0,"max_hp_loss":0,"event_name":"Mushrooms","floor":14,"gold_loss":0,"cards_obtained":["Parasite"]},{"damage_healed":0,"gold_gain":0,"player_choice":"Shed Blood","damage_taken":24,"max_hp_gain":5,"max_hp_loss":0,"event_name":"Forgotten Altar","floor":20,"gold_loss":0}],"is_beta":true,"boss_relics":[{"not_picked":["Pandora\u0027s Box","Empty Cage"],"picked":"Calling Bell"}],"items_purged_floors":[],"is_endless":false,"potions_floor_spawned":[1,2,4,8,16,18,21],"killed_by":"3 Cultists","ascension_level":0}