{"gold_per_floor":[13,13,43,61,61,91,108,108],"floor_reached":8,"playtime":232,"items_purged":[],"score":109,"play_id":"bdd8afe3-b6cc-46b4-b58e-339e9675a83c","local_time":"20190527014753","is_ascension_mode":true,"campfire_choices":[],"neow_cost":"NO_GOLD","seed_source_timestamp":124387978281516,"circlet_count":0,"master_deck":["AscendersBane","Strike_R","Strike_R","Strike_R","Defend_R","Defend_R","Defend_R","Defend_R","Bash","Armaments","Hemokinesis","Cleave","Flame Barrier","Whirlwind"],"special_seed":0,"relics":["Burning Blood","Tiny Chest","FaceOfCleric","Paper Frog"],"potions_floor_usage":[8],"damage_taken":[{"damage":11.0,"enemies":"Jaw Worm","floor":1.0,"turns":3.0},{"damage":2.0,"enemies":"2 Louse","floor":4.0,"turns":3.0},{"damage":45.0,"enemies":"Lagavulin","floor":6.0,"turns":7.0},{"damage":4.0,"enemies":"Cultist","floor":7.0,"turns":3.0},{"damage":14,"enemies":"Gremlin Nob","floor":8,"turns":3}],"seed_played":"5628135380225371398","potions_obtained":[{"floor":4.0,"key":"GamblersBrew"}],"is_trial":false,"path_per_floor":["M","?","?","M","?","E","M","E"],"character_chosen":"IRONCLAD","items_purchased":[],"campfire_rested":0,"item_purchase_floors":[],"current_hp_per_floor":[63,63,45,49,49,11,14,0],"gold":108,"neow_bonus":"TRANSFORM_TWO_CARDS","is_prod":false,"is_daily":false,"chose_seed":false,"campfire_upgraded":0,"win_rate":0,"timestamp":1558943273,"path_taken":["M","?","?","M","?","E","?","E"],"build_version":"2019-01-23","purchased_purges":0,"victory":false,"max_hp_per_floor":[75,75,75,75,75,76,77,77],"card_choices":[{"not_picked":["Flex","Pommel Strike"],"picked":"Cleave","floor":1.0},{"not_picked":["True Grit","Clash"],"picked":"Flame Barrier","floor":4.0},{"not_picked":["Thunderclap","Headbutt"],"picked":"Whirlwind","floor":6.0},{"not_picked":["Heavy Blade","Sword Boomerang","Second Wind"],"picked":"SKIP","floor":7.0}],"player_experience":631357,"relics_obtained":[{"floor":6.0,"key":"Paper Frog"}],"event_choices":[{"damage_healed":0.0,"max_hp_gain":0.0,"max_hp_loss":0.0,"gold_gain":0.0,"event_name":"The Cleric","player_choice":"Leave","floor":2.0,"gold_loss":0.0,"damage_taken":0.0},{"damage_healed":0.0,"max_hp_gain":0.0,"max_hp_loss":0.0,"gold_gain":0.0,"event_name":"Scrap Ooze","player_choice":"Success","floor":3.0,"gold_loss":0.0,"damage_taken":18.0,"relics_obtained":["Tiny Chest"]},{"damage_healed":0.0,"max_hp_gain":0.0,"max_hp_loss":0.0,"gold_gain":0.0,"event_name":"FaceTrader","player_choice":"Trade","floor":5.0,"gold_loss":0.0,"damage_taken":0.0,"relics_obtained":["FaceOfCleric"]}],"is_beta":false,"boss_relics":[],"items_purged_floors":[],"is_endless":false,"potions_floor_spawned":[4],"killed_by":"Gremlin Nob","ascension_level":19}