{"gold_per_floor":[117,131,56,56,56,82,1,21,72,72,72,72,222,241,241,241],"floor_reached":16,"playtime":647,"items_purged":[],"score":240,"play_id":"cd5132c8-4294-498f-94c7-abbc08d72925","local_time":"20190331003058","is_ascension_mode":true,"campfire_choices":[{"data":"Noxious Fumes","floor":10,"key":"SMITH"},{"data":"Predator","floor":15,"key":"SMITH"}],"neow_cost":"NONE","seed_source_timestamp":184933404385685,"circlet_count":0,"master_deck":["AscendersBane","Defend_G","Defend_G","Defend_G","Defend_G","Defend_G","Strike_G","Strike_G","Strike_G","Strike_G","Survivor","Neutralize","Well Laid Plans","Predator+1","Noxious Fumes+1"],"relics":["Ring of the Snake","NeowsBlessing","Pen Nib","Sundial","Omamori","Golden Idol","Dream Catcher"],"potions_floor_usage":[16],"damage_taken":[{"damage":0,"enemies":"Cultist","floor":1,"turns":1},{"damage":0,"enemies":"Small Slimes","floor":2,"turns":1},{"damage":0,"enemies":"3 Sentries","floor":6,"turns":2},{"damage":0,"enemies":"2 Louse","floor":8,"turns":3},{"damage":23,"enemies":"Exordium Thugs","floor":14,"turns":7},{"damage":40,"enemies":"Hexaghost","floor":16,"turns":10}],"seed_played":"-1833657777645600816","potions_obtained":[{"floor":1,"key":"SpeedPotion"},{"floor":8,"key":"Fire Potion"}],"is_trial":false,"path_per_floor":["M","M","?","?","$","E","$","M","T","R","?","T","?","M","R","B"],"character_chosen":"THE_SILENT","items_purchased":["Noxious Fumes"],"campfire_rested":0,"item_purchase_floors":[7],"current_hp_per_floor":[59,59,59,59,59,59,59,59,59,59,59,59,59,36,36,0],"gold":241,"neow_bonus":"THREE_ENEMY_KILL","is_prod":false,"is_daily":false,"chose_seed":false,"campfire_upgraded":2,"win_rate":0,"timestamp":1554013858,"path_taken":["M","?","?","?","$","E","$","?","T","R","?","?","?","M","R","BOSS"],"build_version":"2019-01-23","purchased_purges":0,"victory":false,"max_hp_per_floor":[66,66,66,66,66,66,66,66,66,66,60,60,60,60,60,60],"card_choices":[{"not_picked":["Flechettes","Poisoned Stab","Prepared"],"picked":"SKIP","floor":1},{"not_picked":["PiercingWail","Flying Knee"],"picked":"Well Laid Plans","floor":2},{"not_picked":["Backstab","Backflip"],"picked":"Predator","floor":6},{"not_picked":["Eviscerate","Dagger Spray","Well Laid Plans"],"picked":"SKIP","floor":8},{"not_picked":["Flechettes","Prepared","Dagger Spray"],"picked":"SKIP","floor":14}],"player_experience":377398,"relics_obtained":[{"floor":4,"key":"Pen Nib"},{"floor":6,"key":"Sundial"},{"floor":9,"key":"Omamori"},{"floor":12,"key":"Dream Catcher"}],"event_choices":[{"cards_removed":["Strike_G"],"damage_healed":0,"gold_gain":0,"player_choice":"Card Removal","damage_taken":0,"max_hp_gain":0,"max_hp_loss":0,"event_name":"The Cleric","floor":3,"gold_loss":75},{"damage_healed":0,"gold_gain":0,"player_choice":"Relic","damage_taken":0,"max_hp_gain":0,"max_hp_loss":0,"event_name":"Wheel of Change","floor":4,"gold_loss":0},{"damage_healed":0,"gold_gain":0,"player_choice":"Lose Max HP","damage_taken":0,"relics_obtained":["Golden Idol"],"max_hp_gain":0,"max_hp_loss":6,"event_name":"Golden Idol","floor":11,"gold_loss":0},{"damage_healed":0,"gold_gain":150,"player_choice":"AGREE","damage_taken":0,"max_hp_gain":0,"max_hp_loss":0,"event_name":"Liars Game","floor":13,"gold_loss":0,"cards_obtained":["Doubt"]}],"is_beta":false,"boss_relics":[],"items_purged_floors":[],"is_endless":false,"potions_floor_spawned":[1,8],"killed_by":"Hexaghost","ascension_level":19}