{"path_per_floor":["M","M","?","?","M","E","R","?","T","M","M","E","T","M","R","B",null,"M","?","M","M","$","R"],"character_chosen":"THE_SILENT","items_purchased":["Pen Nib","Bag of Preparation"],"gold_per_floor":[109,129,129,129,150,181,181,181,181,201,221,265,265,289,289,414,414,435,435,459,478,190,190,190],"floor_reached":24,"campfire_rested":1,"playtime":2007,"current_hp_per_floor":[65,63,63,63,63,57,57,24,24,15,14,10,10,3,24,10,70,59,59,52,38,38,38,0],"items_purged":[],"gold":190,"score":208,"play_id":"43615dae-fffa-48e1-8e63-1dff9736679f","local_time":"20180522154309","is_prod":false,"is_daily":false,"chose_seed":false,"is_ascension_mode":false,"campfire_upgraded":2,"timestamp":1526967789,"campfire_choices":[{"data":"Predator","floor":7,"key":"SMITH"},{"floor":15,"key":"REST"},{"data":"Night Terror","floor":23,"key":"SMITH"}],"path_taken":["M","M","?","?","M","E","R","?","T","M","?","E","?","M","R","BOSS","M","?","?","M","$","R","E"],"build_version":"2018-05-17","seed_source_timestamp":23775128410832,"purchased_purges":0,"victory":false,"master_deck":["Defend_G","Defend_G","Defend_G","Defend_G","Defend_G","Strike_G","Strike_G","Strike_G","Strike_G","Strike_G","Survivor","Neutralize","Endless Agony","Predator+1","Injury","Prepared","Underhanded Strike","Underhanded Strike","Backstab","Flying Knee","PiercingWail","Night Terror+1","Quick Slash","Noxious Fumes","Expertise","Underhanded Strike+1"],"max_hp_per_floor":[70,70,70,70,70,70,70,70,70,70,70,70,70,70,70,70,70,70,70,70,70,70,70,70],"relics":["Ring of the Snake","Golden Idol","Pantograph","Potion Belt","Kunai","Question Card","Bag of Marbles","Runic Pyramid","Pen Nib","Bag of Preparation"],"card_choices":[{"not_picked":["Outmaneuver","Dagger Spray"],"picked":"Endless Agony","floor":1},{"not_picked":["Well Laid Plans","Escape Plan"],"picked":"Predator","floor":2},{"not_picked":["Infinite Blades","Underhanded Strike"],"picked":"Prepared","floor":5},{"not_picked":["Heel Hook","Prepared"],"picked":"Underhanded Strike","floor":6},{"not_picked":["Skewer","Poisoned Stab"],"picked":"Underhanded Strike","floor":10},{"not_picked":["Flechettes","Slice"],"picked":"Backstab","floor":11},{"not_picked":["Outmaneuver","Predator"],"picked":"Flying Knee","floor":12},{"not_picked":["Deflect","Acrobatics","Underhanded Strike"],"picked":"PiercingWail","floor":14},{"not_picked":["Glass Knife","Adrenaline","Venomology"],"picked":"Night Terror","floor":16},{"not_picked":["Blur","Escape Plan","Flechettes"],"picked":"Quick Slash","floor":18},{"not_picked":["Bane","Catalyst","PiercingWail"],"picked":"Expertise","floor":20},{"not_picked":["Terror","Catalyst","Backflip+1"],"picked":"Underhanded Strike+1","floor":21}],"player_experience":27588,"potions_floor_usage":[6,12,12,16,24,24,24],"damage_taken":[{"damage":5,"enemies":"Jaw Worm","floor":1,"turns":5},{"damage":2,"enemies":"2 Louse","floor":2,"turns":3},{"damage":0,"enemies":"Small Slimes","floor":5,"turns":3},{"damage":6,"enemies":"3 Sentries","floor":6,"turns":6},{"damage":9,"enemies":"2 Fungi Beasts","floor":10,"turns":3},{"damage":1,"enemies":"Red Slaver","floor":11,"turns":2},{"damage":4,"enemies":"Lagavulin","floor":12,"turns":4},{"damage":7,"enemies":"Gremlin Gang","floor":14,"turns":3},{"damage":39,"enemies":"Hexaghost","floor":16,"turns":13},{"damage":11,"enemies":"Spheric Guardian","floor":18,"turns":4},{"damage":7,"enemies":"Shell Parasite","floor":20,"turns":7},{"damage":14,"enemies":"Centurion and Healer","floor":21,"turns":6},{"damage":40,"enemies":"Book of Stabbing","floor":24,"turns":5}],"relics_obtained":[{"floor":6,"key":"Pantograph"},{"floor":9,"key":"Kunai"},{"floor":12,"key":"Question Card"},{"floor":13,"key":"Bag of Marbles"}],"event_choices":[{"event_name":"Golden Idol","player_choice":"Take Wound","floor":3,"damage_taken":0},{"event_name":"Liars Game","player_choice":"disagreed","floor":4,"damage_taken":0},{"event_name":"Scrap Ooze","player_choice":"success","floor":8,"damage_taken":33},{"event_name":"The Library","player_choice":"Read","floor":19,"damage_taken":0}],"boss_relics":[{"not_picked":["Sozu","Runic Dome"],"picked":"Runic Pyramid"}],"potions_floor_spawned":[1,10,11,14,16,18,21],"seed_played":"3577318406978978011","killed_by":"Book of Stabbing","ascension_level":0,"potions_obtained":[{"floor":1,"key":"Explosive Potion"},{"floor":10,"key":"AttackPotion"},{"floor":11,"key":"Strength Potion"},{"floor":14,"key":"Fire Potion"},{"floor":16,"key":"PowerPotion"},{"floor":18,"key":"SpeedPotion"},{"floor":21,"key":"SteroidPotion"}],"is_trial":false}