{"gold_per_floor":[112,287,287,301,23,38,38,50,122,132,164,184,184,184,184,289,289,308,308,308,327,345,378,378,396,422,6,20,32,42,59,59,163,163,179,179,193,206,226,256,256,291,291,143,170,170,183,63,63,63],"floor_reached":51,"playtime":2587,"items_purged":["Strike_G"],"score":837,"play_id":"4b838010-a147-4354-a875-ba59c1d4bfd4","local_time":"20190606184844","is_ascension_mode":false,"campfire_choices":[{"data":"Die Die Die","floor":7.0,"key":"SMITH"},{"data":"Neutralize","floor":13.0,"key":"SMITH"},{"data":"Dash","floor":15.0,"key":"SMITH"},{"data":"Glass Knife","floor":24.0,"key":"SMITH"},{"data":"Die Die Die","floor":32.0,"key":"SMITH"},{"data":"Wraith Form v2","floor":41.0,"key":"SMITH"},{"floor":49.0,"key":"REST"}],"neow_cost":"NONE","seed_source_timestamp":0,"circlet_count":0,"master_deck":["Defend_G","Defend_G","Defend_G","Defend_G","Defend_G","Survivor","Neutralize+1","Blur","Dash+1","Backstab","Die Die Die+1","PiercingWail","Dash+1","Calculated Gamble","Escape Plan","Flying Knee","Terror","Glass Knife+1","Backflip+1","Blade Dance+1","Terror+1","Leg Sweep+1","Caltrops+1","Die Die Die+1","Blade Dance+1","Wraith Form v2+1","Caltrops+1","Escape Plan+1","Tactician+1","Blind+1","Metamorphosis+1","Acrobatics+1","Prepared+1","Crippling Poison+1","Footwork","Backflip+1"],"special_seed":0,"relics":["Ring of the Snake","NeowsBlessing","Spirit Poop","Bottled Flame","Ancient Tea Set","Snecko Eye","MutagenicStrength","Mercury Hourglass","Toxic Egg 2","Bag of Marbles","Paper Crane","Astrolabe","Mummified Hand","Blood Vial","Letter Opener","Happy Flower","Kunai"],"potions_floor_usage":[50,50],"damage_taken":[{"damage":0.0,"enemies":"2 Louse","floor":1.0,"turns":2.0},{"damage":0.0,"enemies":"Cultist","floor":4.0,"turns":1.0},{"damage":0.0,"enemies":"Small Slimes","floor":6.0,"turns":1.0},{"damage":0.0,"enemies":"Exordium Thugs","floor":8.0,"turns":3.0},{"damage":1.0,"enemies":"Exordium Wildlife","floor":10.0,"turns":4.0},{"damage":18.0,"enemies":"Lagavulin","floor":11.0,"turns":9.0},{"damage":0.0,"enemies":"Gremlin Gang","floor":12.0,"turns":1.0},{"damage":19.0,"enemies":"Slime Boss","floor":16.0,"turns":12.0},{"damage":10.0,"enemies":"2 Thieves","floor":18.0,"turns":4.0},{"damage":0.0,"enemies":"Shell Parasite","floor":21.0,"turns":4.0},{"damage":6.0,"enemies":"Chosen and Byrds","floor":22.0,"turns":3.0},{"damage":0.0,"enemies":"Slavers","floor":23.0,"turns":4.0},{"damage":0.0,"enemies":"Snecko","floor":25.0,"turns":3.0},{"damage":0.0,"enemies":"Sentry and Sphere","floor":28.0,"turns":3.0},{"damage":0.0,"enemies":"Snake Plant","floor":29.0,"turns":1.0},{"damage":4.0,"enemies":"Chosen and Byrds","floor":30.0,"turns":5.0},{"damage":0.0,"enemies":"Snecko","floor":31.0,"turns":3.0},{"damage":16.0,"enemies":"Automaton","floor":33.0,"turns":9.0},{"damage":0.0,"enemies":"3 Darklings","floor":35.0,"turns":5.0},{"damage":0.0,"enemies":"Orb Walker","floor":37.0,"turns":2.0},{"damage":0.0,"enemies":"3 Darklings","floor":38.0,"turns":4.0},{"damage":12.0,"enemies":"Transient","floor":39.0,"turns":5.0},{"damage":6.0,"enemies":"Nemesis","floor":40.0,"turns":9.0},{"damage":0.0,"enemies":"Reptomancer","floor":42.0,"turns":3.0},{"damage":8.0,"enemies":"Nemesis","floor":45.0,"turns":5.0},{"damage":0.0,"enemies":"Sphere and 2 Shapes","floor":47.0,"turns":2.0},{"damage":29,"enemies":"Awakened One","floor":50,"turns":12}],"seed_played":"5168965077694767978","potions_obtained":[{"floor":8.0,"key":"Fire Potion"},{"floor":10.0,"key":"Block Potion"},{"floor":11.0,"key":"SkillPotion"},{"floor":18.0,"key":"SpeedPotion"},{"floor":25.0,"key":"Explosive Potion"},{"floor":29.0,"key":"Strength Potion"},{"floor":35.0,"key":"PowerPotion"},{"floor":40.0,"key":"FearPotion"},{"floor":45.0,"key":"GhostInAJar"}],"is_trial":false,"path_per_floor":["M","?","?","M","$","M","R","M","T","M","E","M","R","?","R","B",null,"M","?","T","M","M","E","R","M","T","$","M","M","M","M","R","B",null,"M","?","M","M","M","E","R","E","T","$","E","?","M","$","R","B",null],"character_chosen":"THE_SILENT","items_purchased":["Backstab","Die Die Die","PiercingWail","Paper Crane","Die Die Die","Happy Flower","Footwork","Backflip+1"],"campfire_rested":1,"item_purchase_floors":[5,5,5,27,27,44,48,48],"current_hp_per_floor":[70,70,70,70,70,70,70,70,70,69,51,51,51,44,44,25,70,60,60,60,60,54,54,54,54,54,54,54,54,50,50,50,34,70,70,65,65,65,53,47,47,47,47,47,41,41,43,43,64,37],"gold":63,"neow_bonus":"THREE_ENEMY_KILL","is_prod":false,"is_daily":false,"chose_seed":false,"campfire_upgraded":6,"win_rate":0.0,"timestamp":1559864924,"path_taken":["M","?","?","M","$","M","R","M","T","M","E","?","R","?","R","BOSS","M","?","?","M","M","E","R","M","T","?","M","M","?","?","R","BOSS","M","?","M","M","M","E","R","E","T","$","E","?","?","?","R","BOSS"],"build_version":"2019-01-23","purchased_purges":1,"victory":true,"max_hp_per_floor":[70,70,70,70,70,70,70,70,70,70,70,70,70,70,70,70,70,70,70,70,70,70,70,70,70,70,70,70,70,70,70,70,70,70,70,70,70,70,70,70,70,70,70,70,70,70,70,70,70,70],"card_choices":[{"not_picked":["Backflip","Outmaneuver"],"picked":"Blur","floor":1.0},{"not_picked":["Quick Slash","Acrobatics"],"picked":"Dash","floor":4.0},{"not_picked":["Dagger Throw","Dagger Spray"],"picked":"Dash","floor":6.0},{"not_picked":["Dagger Spray","Doppelganger"],"picked":"Calculated Gamble","floor":8.0},{"not_picked":["Heel Hook","Reflex"],"picked":"Escape Plan","floor":10.0},{"not_picked":["Skewer","Slice"],"picked":"Flying Knee","floor":11.0},{"not_picked":["Predator","Deadly Poison"],"picked":"Terror","floor":12.0},{"not_picked":["Tools of the Trade","Envenom"],"picked":"Glass Knife","floor":16.0},{"not_picked":["Outmaneuver","Underhanded Strike"],"picked":"Backflip+1","floor":18.0},{"not_picked":["A Thousand Cuts","Dodge and Roll"],"picked":"Blade Dance+1","floor":21.0},{"not_picked":["Quick Slash+1","Deadly Poison"],"picked":"Terror+1","floor":22.0},{"not_picked":["Underhanded Strike","Escape Plan+1"],"picked":"Leg Sweep","floor":23.0},{"not_picked":["Endless Agony","Eviscerate+1"],"picked":"Caltrops+1","floor":25.0},{"not_picked":["Underhanded Strike","Reflex+1"],"picked":"Blade Dance+1","floor":28.0},{"not_picked":["Blade Dance+1","Slice","Terror+1"],"picked":"SKIP","floor":29.0},{"not_picked":["Quick Slash","Choke","Slice"],"picked":"SKIP","floor":30.0},{"not_picked":["Dagger Throw","Choke","Poisoned Stab"],"picked":"SKIP","floor":31.0},{"not_picked":["Tools of the Trade","Doppelganger+1"],"picked":"Wraith Form v2","floor":33.0},{"not_picked":["Poisoned Stab+1","Dagger Spray","Reflex+1"],"picked":"SKIP","floor":35.0},{"not_picked":["Secret Weapon+1","Purity+1"],"picked":"Blind+1","floor":36.0},{"not_picked":["Transmutation+1","Magnetism"],"picked":"Metamorphosis+1","floor":36.0},{"not_picked":["Poisoned Stab+1","Blade Dance+1","Deadly Poison+1"],"picked":"SKIP","floor":37.0},{"not_picked":["Endless Agony+1","Deflect+1","Dagger Spray+1"],"picked":"SKIP","floor":38.0},{"not_picked":["Tactician+1","Endless Agony"],"picked":"Acrobatics+1","floor":39.0},{"not_picked":["Flying Knee","Sucker Punch+1","Riddle With Holes"],"picked":"SKIP","floor":40.0},{"not_picked":["Leg Sweep+1","Riddle With Holes+1"],"picked":"Prepared+1","floor":42.0},{"not_picked":["Night Terror+1","Backflip+1"],"picked":"Crippling Poison+1","floor":45.0},{"not_picked":["Deadly Poison+1","Blade Dance+1","Poisoned Stab"],"picked":"SKIP","floor":47.0}],"player_experience":17806,"relics_obtained":[{"floor":9.0,"key":"Bottled Flame"},{"floor":11.0,"key":"Ancient Tea Set"},{"floor":20.0,"key":"Mercury Hourglass"},{"floor":23.0,"key":"Toxic Egg 2"},{"floor":26.0,"key":"Bag of Marbles"},{"floor":40.0,"key":"Mummified Hand"},{"floor":42.0,"key":"Blood Vial"},{"floor":43.0,"key":"Letter Opener"},{"floor":45.0,"key":"Kunai"}],"event_choices":[{"damage_healed":0.0,"max_hp_gain":0.0,"max_hp_loss":0.0,"gold_gain":175.0,"event_name":"Liars Game","player_choice":"AGREE","floor":2.0,"gold_loss":0.0,"damage_taken":0.0,"cards_obtained":["Doubt"]},{"cards_removed":["Doubt"],"damage_healed":0.0,"max_hp_gain":0.0,"max_hp_loss":0.0,"gold_gain":0.0,"event_name":"Bonfire Elementals","player_choice":"Offered Curse","floor":3.0,"gold_loss":0.0,"damage_taken":0.0,"relics_obtained":["Spirit Poop"]},{"cards_removed":["Strike_G"],"damage_healed":0.0,"max_hp_gain":0.0,"max_hp_loss":0.0,"gold_gain":0.0,"event_name":"Golden Wing","player_choice":"Card Removal","floor":14.0,"gold_loss":0.0,"damage_taken":7.0},{"damage_healed":0.0,"max_hp_gain":0.0,"max_hp_loss":0.0,"gold_gain":0.0,"event_name":"Drug Dealer","player_choice":"Inject Mutagens","floor":19.0,"gold_loss":0.0,"damage_taken":0.0,"relics_obtained":["MutagenicStrength"]},{"damage_healed":0.0,"max_hp_gain":0.0,"max_hp_loss":0.0,"gold_gain":0.0,"event_name":"SensoryStone","player_choice":"Memory 2","floor":36.0,"gold_loss":0.0,"damage_taken":5.0},{"damage_healed":0.0,"max_hp_gain":0.0,"max_hp_loss":0.0,"gold_gain":0.0,"event_name":"Accursed Blacksmith","player_choice":"Forge","floor":46.0,"gold_loss":0.0,"damage_taken":0.0,"cards_upgraded":["Dash"]}],"is_beta":false,"boss_relics":[{"not_picked":["HoveringKite","Orrery"],"picked":"Snecko Eye"},{"not_picked":["White Beast Statue","Runic Pyramid"],"picked":"Astrolabe"}],"items_purged_floors":[27],"is_endless":false,"potions_floor_spawned":[8,10,11,18,25,29,30,33,35,38,40,45,47],"ascension_level":0}