{"gold_per_floor":[118,129,129,41,41,71,71,98,98,111,144,144,159,172,172,263,263,282,282,282,15,35,35,54,66,89,89,124,104,104,121,121,200,200,216,216,216,236,161,161,0,0,0,0,0,11,11,31,31,31],"floor_reached":51,"playtime":1541,"items_purged":["Strike_R"],"score":1373,"play_id":"62b504d5-b931-47c7-88e6-78871b5f5647","local_time":"20190525141904","is_ascension_mode":true,"campfire_choices":[{"data":"Bash","floor":7.0,"key":"SMITH"},{"data":"Iron Wave","floor":15.0,"key":"SMITH"},{"data":"Demon Form","floor":23.0,"key":"SMITH"},{"data":"Heavy Blade","floor":27.0,"key":"SMITH"},{"data":"Cleave","floor":30.0,"key":"SMITH"},{"data":"Shrug It Off","floor":32.0,"key":"SMITH"},{"data":"Ghostly Armor","floor":40.0,"key":"SMITH"},{"data":"Shrug It Off","floor":42.0,"key":"SMITH"},{"data":"Defend_R","floor":47.0,"key":"SMITH"},{"floor":49.0,"key":"REST"}],"neow_cost":"NONE","seed_source_timestamp":45875162709855,"circlet_count":0,"master_deck":["AscendersBane","Strike_R","Strike_R","Strike_R","Strike_R","Defend_R+1","Defend_R","Defend_R","Bash+1","Shrug It Off+1","Flame Barrier+1","Iron Wave+1","Limit Break","Cleave+1","Heavy Blade+1","Demon Form+1","Pommel Strike+1","Flame Barrier+1","Shrug It Off+1","Clothesline+1","Ghostly Armor+1","Dark Shackles"],"special_seed":0,"relics":["Burning Blood","NeowsBlessing","Strawberry","Meat on the Bone","Gremlin Horn","Ancient Tea Set","Bloody Idol","Sozu","Mummified Hand","Happy Flower","Orichalcum","Orrery","Red Mask","Paper Frog"],"potions_floor_usage":[],"damage_taken":[{"damage":0.0,"enemies":"Jaw Worm","floor":1.0,"turns":1.0},{"damage":0.0,"enemies":"Cultist","floor":2.0,"turns":1.0},{"damage":0.0,"enemies":"Gremlin Nob","floor":6.0,"turns":1.0},{"damage":40.0,"enemies":"Lagavulin","floor":8.0,"turns":8.0},{"damage":0.0,"enemies":"Small Slimes","floor":10.0,"turns":4.0},{"damage":5.0,"enemies":"3 Sentries","floor":11.0,"turns":7.0},{"damage":6.0,"enemies":"Looter","floor":13.0,"turns":4.0},{"damage":20.0,"enemies":"Large Slime","floor":14.0,"turns":5.0},{"damage":45.0,"enemies":"Hexaghost","floor":16.0,"turns":11.0},{"damage":38.0,"enemies":"3 Byrds","floor":18.0,"turns":6.0},{"damage":18.0,"enemies":"Chosen","floor":22.0,"turns":5.0},{"damage":31.0,"enemies":"3 Cultists","floor":24.0,"turns":5.0},{"damage":28.0,"enemies":"Snake Plant","floor":25.0,"turns":5.0},{"damage":29.0,"enemies":"Book of Stabbing","floor":28.0,"turns":5.0},{"damage":18.0,"enemies":"Chosen and Byrds","floor":31.0,"turns":9.0},{"damage":13.0,"enemies":"Champ","floor":33.0,"turns":8.0},{"damage":44.0,"enemies":"3 Shapes","floor":35.0,"turns":4.0},{"damage":5.0,"enemies":"Orb Walker","floor":38.0,"turns":3.0},{"damage":16.0,"enemies":"Maw","floor":46.0,"turns":8.0},{"damage":25.0,"enemies":"4 Shapes","floor":48.0,"turns":6.0},{"damage":61,"enemies":"Donu and Deca","floor":50,"turns":9}],"seed_played":"-7421825028200686815","potions_obtained":[{"floor":2.0,"key":"Energy Potion"},{"floor":8.0,"key":"Fire Potion"},{"floor":10.0,"key":"Explosive Potion"},{"floor":13.0,"key":"SteroidPotion"},{"floor":14.0,"key":"AttackPotion"}],"is_trial":false,"path_per_floor":["M","M","?","$","?","E","R","E","T","M","E","?","M","M","R","B",null,"M","?","?","$","M","R","M","M","T","R","E","?","R","M","R","B",null,"M","?","?","M","$","R","?","R","T","?","$","M","R","M","R","B",null],"character_chosen":"IRONCLAD","items_purchased":["Flame Barrier","Mummified Hand"],"campfire_rested":1,"item_purchase_floors":[4,21],"current_hp_per_floor":[74,75,75,75,75,82,82,48,48,54,55,55,55,53,53,26,62,42,42,42,42,47,47,39,34,39,39,33,33,33,38,38,48,68,47,47,47,53,53,53,53,53,53,53,53,48,48,46,67,24],"gold":31,"neow_bonus":"THREE_ENEMY_KILL","is_prod":false,"is_daily":false,"chose_seed":false,"campfire_upgraded":9,"win_rate":0,"timestamp":1558815544,"path_taken":["M","M","?","?","?","E","R","E","T","?","E","?","M","M","R","BOSS","M","?","?","$","?","R","M","M","T","R","E","?","R","?","R","BOSS","M","?","?","M","$","R","?","R","T","?","?","?","R","M","R","BOSS"],"build_version":"2019-01-23","purchased_purges":1,"victory":true,"max_hp_per_floor":[75,75,75,75,75,82,82,82,82,82,82,74,74,74,74,74,74,74,74,74,74,74,74,74,74,74,74,74,74,74,74,74,74,74,74,70,70,70,70,70,70,70,70,70,70,70,70,70,70,70],"card_choices":[{"not_picked":["Clash","True Grit","Headbutt"],"picked":"SKIP","floor":1.0},{"not_picked":["Iron Wave","Reckless Charge"],"picked":"Shrug It Off","floor":2.0},{"not_picked":["Wild Strike","Fire Breathing","Clash"],"picked":"SKIP","floor":6.0},{"not_picked":["Metallicize","Anger","Sever Soul"],"picked":"SKIP","floor":8.0},{"not_picked":["Flex","Body Slam"],"picked":"Iron Wave","floor":10.0},{"not_picked":["Evolve","Twin Strike"],"picked":"Limit Break","floor":11.0},{"not_picked":["Bloodletting","Evolve"],"picked":"Cleave","floor":13.0},{"not_picked":["Headbutt","Perfected Strike"],"picked":"Heavy Blade","floor":14.0},{"not_picked":["Limit Break","Berserk"],"picked":"Demon Form","floor":16.0},{"not_picked":["Entrench","Iron Wave"],"picked":"Pommel Strike+1","floor":18.0},{"not_picked":["Shockwave","Body Slam","Anger"],"picked":"SKIP","floor":22.0},{"not_picked":["Cleave","Headbutt","Havoc"],"picked":"SKIP","floor":24.0},{"not_picked":["Cleave","Headbutt","Havoc"],"picked":"SKIP","floor":24.0},{"not_picked":["Intimidate","Wild Strike","Spot Weakness"],"picked":"SKIP","floor":25.0},{"not_picked":["Combust","Infernal Blade"],"picked":"Shrug It Off","floor":28.0},{"not_picked":["Havoc","Iron Wave","Pummel"],"picked":"SKIP","floor":31.0},{"not_picked":["Pummel","Anger"],"picked":"Clothesline+1","floor":34.0},{"not_picked":["Twin Strike","Fire Breathing"],"picked":"Ghostly Armor","floor":35.0},{"not_picked":["HandOfGreed","Finesse"],"picked":"Dark Shackles","floor":37.0},{"not_picked":["Anger","Armaments","Feel No Pain+1"],"picked":"SKIP","floor":38.0},{"not_picked":["Twin Strike+1","Havoc","Shrug It Off"],"picked":"SKIP","floor":46.0},{"not_picked":["Anger+1","Wild Strike","Iron Wave+1"],"picked":"SKIP","floor":48.0}],"player_experience":607071,"relics_obtained":[{"floor":6.0,"key":"Strawberry"},{"floor":8.0,"key":"Meat on the Bone"},{"floor":9.0,"key":"Gremlin Horn"},{"floor":11.0,"key":"Ancient Tea Set"},{"floor":26.0,"key":"Happy Flower"},{"floor":28.0,"key":"Orichalcum"},{"floor":43.0,"key":"Paper Frog"}],"event_choices":[{"cards_removed":["Defend_R"],"damage_healed":0.0,"max_hp_gain":0.0,"max_hp_loss":0.0,"gold_gain":0.0,"event_name":"Purifier","player_choice":"Purged","floor":3.0,"gold_loss":0.0,"damage_taken":0.0},{"damage_healed":0.0,"max_hp_gain":0.0,"max_hp_loss":0.0,"gold_gain":0.0,"event_name":"Upgrade Shrine","player_choice":"Upgraded","floor":5.0,"gold_loss":0.0,"damage_taken":0.0,"cards_upgraded":["Flame Barrier"]},{"damage_healed":0.0,"max_hp_gain":0.0,"max_hp_loss":8.0,"gold_gain":0.0,"event_name":"Golden Idol","player_choice":"Lose Max HP","floor":12.0,"gold_loss":0.0,"damage_taken":0.0,"relics_obtained":["Golden Idol"]},{"damage_healed":0.0,"max_hp_gain":0.0,"max_hp_loss":0.0,"gold_gain":0.0,"event_name":"Forgotten Altar","player_choice":"Gave Idol","floor":19.0,"relics_lost":["Golden Idol"],"gold_loss":0.0,"damage_taken":0.0,"relics_obtained":["Bloody Idol"]},{"damage_healed":0.0,"max_hp_gain":0.0,"max_hp_loss":0.0,"gold_gain":0.0,"event_name":"Duplicator","player_choice":"Copied","floor":20.0,"gold_loss":0.0,"damage_taken":0.0,"cards_obtained":["Flame Barrier"]},{"damage_healed":0.0,"max_hp_gain":0.0,"max_hp_loss":0.0,"gold_gain":0.0,"event_name":"The Woman in Blue","player_choice":"Bought 1 Potion","floor":29.0,"gold_loss":0.0,"damage_taken":0.0},{"damage_healed":0.0,"max_hp_gain":0.0,"max_hp_loss":4.0,"gold_gain":0.0,"event_name":"Winding Halls","player_choice":"Max HP","floor":36.0,"gold_loss":0.0,"damage_taken":0.0},{"damage_healed":0.0,"max_hp_gain":0.0,"max_hp_loss":0.0,"gold_gain":0.0,"event_name":"SensoryStone","player_choice":"Memory 1","floor":37.0,"gold_loss":0.0,"damage_taken":0.0},{"damage_healed":0.0,"max_hp_gain":0.0,"max_hp_loss":0.0,"gold_gain":0.0,"event_name":"Tomb of Lord Red Mask","player_choice":"Paid","floor":41.0,"gold_loss":161.0,"damage_taken":0.0,"relics_obtained":["Red Mask"]},{"damage_healed":0.0,"max_hp_gain":0.0,"max_hp_loss":0.0,"gold_gain":0.0,"event_name":"Mysterious Sphere","player_choice":"Ignored","floor":44.0,"gold_loss":0.0,"damage_taken":0.0}],"is_beta":false,"boss_relics":[{"not_picked":["Tiny House","Runic Dome"],"picked":"Sozu"},{"not_picked":["Snecko Eye","Calling Bell"],"picked":"Orrery"}],"items_purged_floors":[39],"is_endless":false,"potions_floor_spawned":[2,8,10,13,14,22,25,31,38,48],"ascension_level":18}