{"gold_per_floor":[113,132,20,20,95,122,122,154,154,154,165,180,180,195,195,272,272,272,272,272,272,272,272,272,272,272,272,272,272,272,121,121,121],"floor_reached":33,"playtime":912,"items_purged":["Injury","Shame"],"score":446,"play_id":"b2f33ab0-30da-4c85-8e0f-e26de4242cad","local_time":"20190524141126","is_ascension_mode":true,"campfire_choices":[{"data":"Searing Blow+1","floor":7.0,"key":"SMITH"},{"data":"Searing Blow+2","floor":10.0,"key":"SMITH"},{"data":"Searing Blow+3","floor":15.0,"key":"SMITH"},{"data":"Heavy Blade","floor":23.0,"key":"SMITH"},{"data":"Demon Form","floor":25.0,"key":"SMITH"},{"data":"Cleave","floor":32.0,"key":"SMITH"}],"neow_cost":"CURSE","seed_source_timestamp":273816527070316,"circlet_count":0,"master_deck":["AscendersBane","Strike_R+1","Strike_R+1","Strike_R+1","Strike_R+1","Defend_R+1","Defend_R+1","Defend_R+1","Defend_R+1","Bash","Iron Wave","Searing Blow+4","Cleave+1","Demon Form+1","Heavy Blade+1"],"special_seed":0,"relics":["Burning Blood","FossilizedHelix","Mercury Hourglass","Potion Belt","Singing Bowl","Ectoplasm","Torii","Mummified Hand","MutagenicStrength","Bag of Preparation","Unceasing Top"],"potions_floor_usage":[33,33,33],"damage_taken":[{"damage":0.0,"enemies":"2 Louse","floor":1.0,"turns":4.0},{"damage":0.0,"enemies":"Jaw Worm","floor":2.0,"turns":5.0},{"damage":31.0,"enemies":"Gremlin Nob","floor":6.0,"turns":5.0},{"damage":15.0,"enemies":"Lagavulin","floor":8.0,"turns":4.0},{"damage":0.0,"enemies":"Cultist","floor":11.0,"turns":3.0},{"damage":0.0,"enemies":"Exordium Wildlife","floor":12.0,"turns":4.0},{"damage":0.0,"enemies":"Large Slime","floor":14.0,"turns":3.0},{"damage":51.0,"enemies":"The Guardian","floor":16.0,"turns":10.0},{"damage":0.0,"enemies":"3 Byrds","floor":18.0,"turns":4.0},{"damage":39.0,"enemies":"Colosseum Slavers","floor":19.0,"turns":5.0},{"damage":32.0,"enemies":"Colosseum Nobs","floor":19.0,"turns":5.0},{"damage":0.0,"enemies":"Spheric Guardian","floor":21.0,"turns":2.0},{"damage":9.0,"enemies":"Centurion and Healer","floor":24.0,"turns":4.0},{"damage":0.0,"enemies":"3 Cultists","floor":29.0,"turns":4.0},{"damage":15.0,"enemies":"Chosen and Byrds","floor":30.0,"turns":6.0},{"damage":21,"enemies":"Collector","floor":33,"turns":2}],"seed_played":"2242975788331263278","potions_obtained":[{"floor":2.0,"key":"Poison Potion"},{"floor":8.0,"key":"SpeedPotion"},{"floor":11.0,"key":"SpeedPotion"},{"floor":12.0,"key":"Strength Potion"},{"floor":16.0,"key":"SkillPotion"},{"floor":18.0,"key":"Ancient Potion"},{"floor":21.0,"key":"AttackPotion"}],"is_trial":false,"path_per_floor":["M","M","$","?","?","E","R","E","T","R","M","M","?","M","R","B",null,"M","?","?","M","?","R","M","R","T","?","?","M","M","$","R","B"],"character_chosen":"IRONCLAD","items_purchased":["Searing Blow","Strength Potion"],"campfire_rested":0,"item_purchase_floors":[3,31],"current_hp_per_floor":[74,75,75,75,64,39,39,30,30,30,38,46,46,54,54,9,63,69,12,12,20,20,20,19,19,19,19,19,27,20,20,20,0],"gold":121,"neow_bonus":"ONE_RARE_RELIC","is_prod":false,"is_daily":false,"chose_seed":false,"campfire_upgraded":6,"win_rate":0,"timestamp":1558728686,"path_taken":["M","M","$","?","?","E","R","E","T","R","?","M","?","?","R","BOSS","M","?","?","M","?","R","M","R","T","?","?","M","M","$","R","BOSS"],"build_version":"2019-01-23","purchased_purges":2,"victory":false,"max_hp_per_floor":[75,75,75,75,75,75,75,75,75,75,77,79,79,81,81,81,81,81,83,83,85,85,85,87,87,87,87,87,89,91,91,91,91],"card_choices":[{"not_picked":["Hemokinesis","Clothesline","Armaments"],"picked":"SKIP","floor":1.0},{"not_picked":["Sword Boomerang","Dual Wield"],"picked":"Iron Wave","floor":2.0},{"not_picked":["Battle Trance","Shrug It Off","Iron Wave"],"picked":"SKIP","floor":6.0},{"not_picked":["Exhume","Second Wind","Sentinel"],"picked":"SKIP","floor":8.0},{"not_picked":["Cleave","Twin Strike","Headbutt"],"picked":"Singing Bowl","floor":11.0},{"not_picked":["Armaments","Rampage","Thunderclap"],"picked":"Singing Bowl","floor":12.0},{"not_picked":["Cleave","Sword Boomerang","Perfected Strike"],"picked":"Singing Bowl","floor":14.0},{"not_picked":["Limit Break","Immolate"],"picked":"Demon Form","floor":16.0},{"not_picked":["Iron Wave","Thunderclap+1"],"picked":"Heavy Blade","floor":18.0},{"not_picked":["Evolve","Fire Breathing","Headbutt"],"picked":"Singing Bowl","floor":19.0},{"not_picked":["Anger","Flex","Iron Wave"],"picked":"Singing Bowl","floor":21.0},{"not_picked":["Heavy Blade","Shrug It Off","Searing Blow"],"picked":"Singing Bowl","floor":24.0},{"not_picked":["True Grit","Burning Pact","Metallicize"],"picked":"Singing Bowl","floor":29.0},{"not_picked":["Sever Soul","Double Tap","Armaments"],"picked":"Singing Bowl","floor":30.0}],"player_experience":581713,"relics_obtained":[{"floor":6.0,"key":"Mercury Hourglass"},{"floor":8.0,"key":"Potion Belt"},{"floor":9.0,"key":"Singing Bowl"},{"floor":19.0,"key":"Torii"},{"floor":19.0,"key":"Mummified Hand"},{"floor":26.0,"key":"Bag of Preparation"}],"event_choices":[{"damage_healed":0.0,"max_hp_gain":0.0,"max_hp_loss":0.0,"gold_gain":0.0,"event_name":"Living Wall","player_choice":"Grow","floor":4.0,"gold_loss":0.0,"damage_taken":0.0,"cards_upgraded":["Searing Blow"]},{"damage_healed":0.0,"max_hp_gain":0.0,"max_hp_loss":0.0,"gold_gain":75.0,"event_name":"World of Goop","player_choice":"Gather Gold","floor":5.0,"gold_loss":0.0,"damage_taken":11.0},{"damage_healed":0.0,"max_hp_gain":0.0,"max_hp_loss":0.0,"gold_gain":0.0,"cards_transformed":["Strike_R"],"event_name":"Transmorgrifier","player_choice":"Transformed","floor":13.0,"gold_loss":0.0,"damage_taken":0.0,"cards_obtained":["Cleave"]},{"damage_healed":0.0,"max_hp_gain":0.0,"max_hp_loss":0.0,"gold_gain":0.0,"event_name":"Colosseum","player_choice":"Fight","floor":19.0,"gold_loss":0.0,"damage_taken":0.0},{"damage_healed":0.0,"max_hp_gain":0.0,"max_hp_loss":0.0,"gold_gain":0.0,"event_name":"Colosseum","player_choice":"Fought Nobs","floor":19.0,"gold_loss":0.0,"damage_taken":0.0},{"damage_healed":0.0,"max_hp_gain":0.0,"max_hp_loss":0.0,"gold_gain":0.0,"event_name":"Drug Dealer","player_choice":"Inject Mutagens","floor":20.0,"gold_loss":0.0,"damage_taken":0.0,"relics_obtained":["MutagenicStrength"]},{"damage_healed":0.0,"max_hp_gain":0.0,"max_hp_loss":0.0,"gold_gain":0.0,"event_name":"Back to Basics","player_choice":"Simplicity","floor":22.0,"gold_loss":0.0,"damage_taken":0.0,"cards_upgraded":["Strike_R","Strike_R","Strike_R","Strike_R","Defend_R","Defend_R","Defend_R","Defend_R"]},{"damage_healed":0.0,"max_hp_gain":0.0,"max_hp_loss":0.0,"gold_gain":50.0,"event_name":"Nest","player_choice":"Stole From Cult","floor":27.0,"gold_loss":0.0,"damage_taken":0.0},{"damage_healed":0.0,"max_hp_gain":0.0,"max_hp_loss":0.0,"gold_gain":0.0,"event_name":"Addict","player_choice":"Stole Relic","floor":28.0,"gold_loss":0.0,"damage_taken":0.0,"relics_obtained":["Unceasing Top"],"cards_obtained":["Shame"]}],"is_beta":false,"boss_relics":[{"not_picked":["Pandora\u0027s Box","Runic Cube"],"picked":"Ectoplasm"}],"items_purged_floors":[3,31],"is_endless":false,"potions_floor_spawned":[2,8,11,12,16,18,19,21],"killed_by":"Collector","ascension_level":15}