{"gold_per_floor":[110,125,145,145,125,151,151,161,161,161,16,16,30,61,61,163,163,183,183,282,207,207,237,87,87,87,121,133,233,143,143,143,143],"floor_reached":33,"playtime":1326,"items_purged":[],"score":361,"play_id":"5d7b4c4a-1a97-41b5-ae48-34e3137fc6a9","local_time":"20190605134930","is_ascension_mode":true,"campfire_choices":[{"data":"Defragment","floor":7.0,"key":"SMITH"},{"data":"Zap","floor":10.0,"key":"SMITH"},{"data":"Dualcast","floor":12.0,"key":"SMITH"},{"floor":15.0,"key":"DIG"},{"floor":23.0,"key":"DIG"},{"floor":32.0,"key":"DIG"}],"neow_cost":"NONE","seed_source_timestamp":410338379139335,"circlet_count":0,"master_deck":["Strike_B","Strike_B","Strike_B","Defend_B+1","Defend_B+1","Defend_B","Defend_B+1","Zap+1","Dualcast+1","Coolheaded","Coolheaded","Defragment+1","Doom and Gloom","Conserve Battery","Sweeping Beam","Buffer+1","Pain","Auto Shields+1","Undo","Ghostly","Ghostly","Ghostly","Ghostly","Ghostly"],"special_seed":0,"relics":["Cracked Core","Juzu Bracelet","War Paint","Dodecahedron","Vajra","Shovel","Ornamental Fan","Cursed Key","Mummified Hand","MutagenicStrength","Tiny Chest","Bronze Scales","Frozen Egg 2","Meat on the Bone","FossilizedHelix","Pantograph","Toxic Egg 2"],"potions_floor_usage":[33],"damage_taken":[{"damage":0.0,"enemies":"Small Slimes","floor":1.0,"turns":3.0},{"damage":9.0,"enemies":"2 Louse","floor":2.0,"turns":3.0},{"damage":2.0,"enemies":"Cultist","floor":3.0,"turns":5.0},{"damage":25.0,"enemies":"3 Sentries","floor":6.0,"turns":11.0},{"damage":4.0,"enemies":"Looter","floor":8.0,"turns":4.0},{"damage":0.0,"enemies":"Large Slime","floor":13.0,"turns":6.0},{"damage":26.0,"enemies":"Gremlin Nob","floor":14.0,"turns":4.0},{"damage":42.0,"enemies":"Hexaghost","floor":16.0,"turns":10.0},{"damage":8.0,"enemies":"Chosen","floor":18.0,"turns":5.0},{"damage":16.0,"enemies":"Book of Stabbing","floor":27.0,"turns":6.0},{"damage":9.0,"enemies":"2 Thieves","floor":28.0,"turns":2.0},{"damage":16.0,"enemies":"Colosseum Slavers","floor":29.0,"turns":4.0},{"damage":20.0,"enemies":"Colosseum Nobs","floor":29.0,"turns":5.0},{"damage":44,"enemies":"Automaton","floor":33,"turns":12}],"seed_played":"-1590180277978049536","potions_obtained":[{"floor":2.0,"key":"Regen Potion"},{"floor":3.0,"key":"SmokeBomb"},{"floor":5.0,"key":"LiquidBronze"},{"floor":6.0,"key":"Strength Potion"},{"floor":8.0,"key":"Regen Potion"},{"floor":14.0,"key":"Dexterity Potion"},{"floor":18.0,"key":"Weak Potion"},{"floor":29.0,"key":"FearPotion"}],"is_trial":false,"path_per_floor":["M","M","M","?","?","E","R","M","T","R","$","R","M","E","R","B",null,"M","T","?","?","?","R","$","?","T","E","M","?","?","?","R","B"],"character_chosen":"DEFECT","items_purchased":["Vajra","Bronze Scales"],"campfire_rested":0,"item_purchase_floors":[11,24],"current_hp_per_floor":[75,66,64,69,69,44,44,40,40,40,40,40,80,54,54,12,63,55,55,55,55,55,55,55,55,55,39,42,30,30,30,30,0],"gold":143,"neow_bonus":"RANDOM_COMMON_RELIC","is_prod":false,"is_daily":false,"chose_seed":false,"campfire_upgraded":3,"win_rate":0,"timestamp":1559764170,"path_taken":["M","M","M","?","?","E","R","M","T","R","$","R","M","E","R","BOSS","M","?","?","?","?","R","$","?","T","E","M","?","?","?","R","BOSS"],"build_version":"2019-01-23","purchased_purges":0,"victory":false,"max_hp_per_floor":[75,75,75,80,80,80,80,80,80,80,80,80,80,80,80,80,80,80,80,80,80,80,80,80,80,80,80,80,80,80,40,40,40],"card_choices":[{"not_picked":["Barrage","Undo"],"picked":"Coolheaded","floor":1.0},{"not_picked":["Cold Snap","Barrage"],"picked":"Coolheaded","floor":2.0},{"not_picked":["Beam Cell","Chill"],"picked":"Defragment","floor":3.0},{"not_picked":["Meteor Strike","Beam Cell"],"picked":"Doom and Gloom","floor":6.0},{"not_picked":["Rebound","Biased Cognition"],"picked":"Conserve Battery","floor":8.0},{"not_picked":["Lockon","Steam"],"picked":"Sweeping Beam","floor":13.0},{"not_picked":["Melter","Lockon","Conserve Battery"],"picked":"SKIP","floor":14.0},{"not_picked":["Biased Cognition","Thunder Strike"],"picked":"Buffer","floor":16.0},{"not_picked":["Gash","Stack+1","Undo"],"picked":"SKIP","floor":18.0},{"not_picked":["Redo+1","Compile Driver","Conserve Battery"],"picked":"SKIP","floor":27.0},{"not_picked":["Coolheaded","Storm+1"],"picked":"Auto Shields+1","floor":28.0},{"not_picked":["Leap","Rip and Tear+1"],"picked":"Undo","floor":29.0}],"player_experience":679634,"relics_obtained":[{"floor":6.0,"key":"War Paint"},{"floor":9.0,"key":"Dodecahedron"},{"floor":14.0,"key":"Shovel"},{"floor":15.0,"key":"Ornamental Fan"},{"floor":19.0,"key":"Mummified Hand"},{"floor":23.0,"key":"Tiny Chest"},{"floor":26.0,"key":"Frozen Egg 2"},{"floor":27.0,"key":"Meat on the Bone"},{"floor":29.0,"key":"FossilizedHelix"},{"floor":29.0,"key":"Pantograph"},{"floor":32.0,"key":"Toxic Egg 2"}],"event_choices":[{"damage_healed":0.0,"max_hp_gain":5.0,"max_hp_loss":0.0,"gold_gain":0.0,"event_name":"Big Fish","player_choice":"Donut","floor":4.0,"gold_loss":0.0,"damage_taken":0.0},{"damage_healed":0.0,"max_hp_gain":0.0,"max_hp_loss":0.0,"gold_gain":0.0,"event_name":"The Woman in Blue","player_choice":"Bought 1 Potion","floor":5.0,"gold_loss":0.0,"damage_taken":0.0},{"damage_healed":0.0,"max_hp_gain":0.0,"max_hp_loss":0.0,"gold_gain":99.0,"event_name":"Nest","player_choice":"Stole From Cult","floor":20.0,"gold_loss":0.0,"damage_taken":0.0},{"cards_removed":["Regret"],"damage_healed":0.0,"max_hp_gain":0.0,"max_hp_loss":0.0,"gold_gain":0.0,"event_name":"Beggar","player_choice":"Gave Gold","floor":21.0,"gold_loss":75.0,"damage_taken":0.0},{"damage_healed":0.0,"max_hp_gain":0.0,"max_hp_loss":0.0,"gold_gain":0.0,"event_name":"Drug Dealer","player_choice":"Inject Mutagens","floor":22.0,"gold_loss":0.0,"damage_taken":0.0,"relics_obtained":["MutagenicStrength"]},{"damage_healed":0.0,"max_hp_gain":0.0,"max_hp_loss":0.0,"gold_gain":0.0,"event_name":"Upgrade Shrine","player_choice":"Upgraded","floor":25.0,"gold_loss":0.0,"damage_taken":0.0,"cards_upgraded":["Buffer"]},{"damage_healed":0.0,"max_hp_gain":0.0,"max_hp_loss":0.0,"gold_gain":0.0,"event_name":"Colosseum","player_choice":"Fight","floor":29.0,"gold_loss":0.0,"damage_taken":0.0},{"damage_healed":0.0,"max_hp_gain":0.0,"max_hp_loss":0.0,"gold_gain":0.0,"event_name":"Colosseum","player_choice":"Fought Nobs","floor":29.0,"gold_loss":0.0,"damage_taken":0.0},{"cards_removed":["Strike_B"],"damage_healed":0.0,"max_hp_gain":0.0,"max_hp_loss":0.0,"gold_gain":0.0,"event_name":"Designer","player_choice":"Upgrade and Remove","floor":30.0,"gold_loss":90.0,"damage_taken":0.0,"cards_upgraded":["Defend_B"]},{"damage_healed":0.0,"max_hp_gain":0.0,"max_hp_loss":40.0,"gold_gain":0.0,"event_name":"Ghosts","player_choice":"Became a Ghost","floor":31.0,"gold_loss":0.0,"damage_taken":0.0,"cards_obtained":["Ghostly","Ghostly","Ghostly","Ghostly","Ghostly"]}],"is_beta":false,"boss_relics":[{"not_picked":["Calling Bell","Lizard Tail"],"picked":"Cursed Key"}],"items_purged_floors":[],"is_endless":false,"potions_floor_spawned":[2,3,6,8,14,18,29],"killed_by":"Automaton","ascension_level":5}