{"path_per_floor":["M","T","M","M","M","E","R","M","T","M","M","?","M","M","R","B",null,"M","?","$","?","M","E","R","M","T","R","M","?","R","E","R"],"character_chosen":"THE_SILENT","items_purchased":[],"gold_per_floor":[111,111,125,138,149,181,181,193,193,203,222,222,239,250,250,353,353,293,293,218,218,218,218,218,218,218,218,218,218,218,218,218,218],"floor_reached":33,"campfire_rested":1,"playtime":2678,"current_hp_per_floor":[70,70,70,70,75,67,67,65,65,65,63,56,54,50,50,21,75,65,65,65,52,52,47,47,30,30,30,24,41,41,15,30,0],"items_purged":["Strike_G"],"gold":218,"score":316,"play_id":"5acf71e6-e174-4387-a9d0-4a0d4ff3602d","local_time":"20180523133311","is_prod":false,"is_daily":false,"chose_seed":false,"is_ascension_mode":false,"campfire_upgraded":5,"timestamp":1527046391,"campfire_choices":[{"data":"Crippling Poison","floor":7,"key":"SMITH"},{"data":"Bouncing Flask","floor":15,"key":"SMITH"},{"data":"Tools of the Trade","floor":24,"key":"SMITH"},{"data":"Bane","floor":27,"key":"SMITH"},{"data":"Deadly Poison","floor":30,"key":"SMITH"},{"floor":32,"key":"REST"}],"path_taken":["M","?","M","M","M","E","R","M","T","M","M","?","?","M","R","BOSS","M","?","$","?","M","E","R","M","T","R","M","?","R","E","R","BOSS"],"build_version":"2018-05-17","seed_source_timestamp":13937292478703,"purchased_purges":1,"victory":false,"master_deck":["Defend_G","Defend_G","Defend_G","Defend_G","Defend_G","Survivor","Neutralize","Bane","Poisoned Stab","Bane","Poisoned Stab","Crippling Poison+1","Bouncing Flask+1","Escape Plan","Dagger Throw","Prepared","Tools of the Trade+1","Bite","Bite","Bite","Bite","Bite","Underhanded Strike","Bane+1","Deadly Poison+1","Choke+1"],"max_hp_per_floor":[70,70,70,70,75,75,75,75,75,75,75,75,75,75,75,75,75,75,75,75,52,52,52,52,52,52,52,52,52,52,52,52,52],"relics":["Ring of the Snake","Dodecahedron","Mercury Hourglass","Bottled Lightning","Ectoplasm","Oddly Smooth Stone","Pantograph","Potion Belt","Du-Vu Doll"],"card_choices":[{"not_picked":["Catalyst","Acrobatics"],"picked":"Bane","floor":0},{"not_picked":["Prepared","Dagger Throw"],"picked":"Poisoned Stab","floor":1},{"not_picked":["Finisher","Quick Slash"],"picked":"Bane","floor":3},{"not_picked":["Choke","Underhanded Strike"],"picked":"Poisoned Stab","floor":4},{"not_picked":["PiercingWail","Night Terror"],"picked":"Crippling Poison","floor":5},{"not_picked":["Deflect","Reflex"],"picked":"Bouncing Flask","floor":6},{"not_picked":["Caltrops","Dodge and Roll","Flechettes"],"picked":"SKIP","floor":8},{"not_picked":["Poisoned Stab","Eviscerate"],"picked":"Escape Plan","floor":10},{"not_picked":["Terror","Slice"],"picked":"Dagger Throw","floor":11},{"not_picked":["Slice","Dagger Spray","Malaise"],"picked":"SKIP","floor":13},{"not_picked":["Poisoned Stab","Dagger Throw"],"picked":"Prepared","floor":14},{"not_picked":["Adrenaline","Wraith Form v2"],"picked":"Tools of the Trade","floor":16},{"not_picked":["Quick Slash","Accuracy","Masterful Stab"],"picked":"SKIP","floor":18},{"not_picked":["Sucker Punch","Reflex+1"],"picked":"Underhanded Strike","floor":22},{"not_picked":["Deflect+1","Envenom"],"picked":"Bane","floor":23},{"not_picked":["PiercingWail","Slice","Cloak And Dagger+1"],"picked":"SKIP","floor":25},{"not_picked":["PiercingWail","Leg Sweep+1"],"picked":"Deadly Poison","floor":28},{"not_picked":["PiercingWail","Malaise"],"picked":"Choke+1","floor":31}],"player_experience":51642,"potions_floor_usage":[5,11,23,23,23,33],"damage_taken":[{"damage":0,"enemies":"Cultist","floor":1,"turns":4},{"damage":0,"enemies":"Jaw Worm","floor":3,"turns":3},{"damage":0,"enemies":"Small Slimes","floor":4,"turns":3},{"damage":0,"enemies":"3 Louse","floor":5,"turns":3},{"damage":8,"enemies":"3 Sentries","floor":6,"turns":7},{"damage":2,"enemies":"Looter","floor":8,"turns":3},{"damage":0,"enemies":"Exordium Wildlife","floor":10,"turns":2},{"damage":2,"enemies":"Exordium Thugs","floor":11,"turns":3},{"damage":2,"enemies":"Looter","floor":13,"turns":2},{"damage":4,"enemies":"Blue Slaver","floor":14,"turns":3},{"damage":29,"enemies":"The Guardian","floor":16,"turns":7},{"damage":10,"enemies":"2 Thieves","floor":18,"turns":3},{"damage":0,"enemies":"3 Byrds","floor":22,"turns":3},{"damage":7,"enemies":"Slavers","floor":23,"turns":4},{"damage":27,"enemies":"Sentry and Sphere","floor":25,"turns":6},{"damage":12,"enemies":"Snecko","floor":28,"turns":4},{"damage":32,"enemies":"Book of Stabbing","floor":31,"turns":5},{"damage":72,"enemies":"Automaton","floor":33,"turns":6}],"relics_obtained":[{"floor":2,"key":"Dodecahedron"},{"floor":6,"key":"Mercury Hourglass"},{"floor":9,"key":"Bottled Lightning"},{"floor":23,"key":"Pantograph"},{"floor":26,"key":"Potion Belt"},{"floor":31,"key":"Du-Vu Doll"}],"event_choices":[{"event_name":"Golden Wing","player_choice":"Card Removal","floor":12,"damage_taken":0},{"event_name":"The Mausoleum","player_choice":"Yes","floor":19,"damage_taken":0},{"event_name":"Vampires","player_choice":"Became a vampire","floor":21,"damage_taken":0},{"event_name":"The Library","player_choice":"Heal","floor":29,"damage_taken":0}],"boss_relics":[{"not_picked":["White Beast Statue","Tiny House"],"picked":"Ectoplasm"}],"potions_floor_spawned":[4,5,6,10,14,18,22,25,31],"seed_played":"-7219816316305165150","killed_by":"Automaton","ascension_level":0,"potions_obtained":[{"floor":4,"key":"Fruit Juice"},{"floor":5,"key":"Dexterity Potion"},{"floor":6,"key":"AttackPotion"},{"floor":10,"key":"Dexterity Potion"},{"floor":14,"key":"Block Potion"},{"floor":22,"key":"PowerPotion"},{"floor":25,"key":"Strength Potion"},{"floor":31,"key":"Energy Potion"}],"is_trial":false}