{"gold_per_floor":[116,60,60,60,85,123,146,146,146,159,159,159],"floor_reached":12,"playtime":302,"items_purged":[],"score":201,"play_id":"f63f4993-b1b0-44b6-9d4b-a6cd7df9dc68","local_time":"20190330115631","is_ascension_mode":true,"campfire_choices":[{"data":"Predator","floor":11,"key":"SMITH"}],"neow_cost":"NONE","seed_source_timestamp":140010718419146,"circlet_count":0,"master_deck":["AscendersBane","Defend_G","Defend_G","Defend_G","Defend_G","Defend_G","Strike_G","Strike_G","Strike_G","Strike_G","Survivor","Neutralize","Predator+1","Sucker Punch","Flying Knee","Well Laid Plans"],"relics":["Ring of the Snake","NeowsBlessing","Golden Idol","Question Card","Sundial"],"potions_floor_usage":[10,10],"damage_taken":[{"damage":0,"enemies":"2 Louse","floor":1,"turns":1},{"damage":0,"enemies":"Cultist","floor":5,"turns":1},{"damage":0,"enemies":"Gremlin Nob","floor":6,"turns":1},{"damage":9,"enemies":"Small Slimes","floor":7,"turns":3},{"damage":10,"enemies":"Gremlin Gang","floor":10,"turns":4},{"damage":39,"enemies":"Lagavulin","floor":12,"turns":5}],"seed_played":"-3366332575033947190","potions_obtained":[{"floor":1,"key":"Strength Potion"},{"floor":5,"key":"Block Potion"},{"floor":7,"key":"SkillPotion"}],"is_trial":false,"path_per_floor":["M","$","?","?","M","E","M","?","T","M","R","E"],"character_chosen":"THE_SILENT","items_purchased":["Sucker Punch"],"campfire_rested":0,"item_purchase_floors":[2],"current_hp_per_floor":[59,59,59,59,59,59,50,47,47,37,37,0],"gold":159,"neow_bonus":"THREE_ENEMY_KILL","is_prod":false,"is_daily":false,"chose_seed":false,"campfire_upgraded":1,"win_rate":0,"timestamp":1553968591,"path_taken":["M","$","?","?","M","E","?","?","T","M","R","E"],"build_version":"2019-01-23","purchased_purges":0,"victory":false,"max_hp_per_floor":[66,66,60,60,60,60,60,60,60,60,60,60],"card_choices":[{"not_picked":["Bane","Riddle With Holes"],"picked":"Predator","floor":1},{"not_picked":["PiercingWail","Blade Dance"],"picked":"Flying Knee","floor":5},{"not_picked":["Catalyst","Acrobatics","Masterful Stab"],"picked":"SKIP","floor":6},{"not_picked":["Prepared","Skewer","Choke"],"picked":"Well Laid Plans","floor":7},{"not_picked":["Dagger Throw","Dodge and Roll","Dagger Spray","Reflex"],"picked":"SKIP","floor":10}],"player_experience":359484,"relics_obtained":[{"floor":6,"key":"Question Card"},{"floor":9,"key":"Sundial"}],"event_choices":[{"damage_healed":0,"gold_gain":0,"player_choice":"Lose Max HP","damage_taken":0,"relics_obtained":["Golden Idol"],"max_hp_gain":0,"max_hp_loss":6,"event_name":"Golden Idol","floor":3,"gold_loss":0},{"cards_removed":["Strike_G"],"damage_healed":0,"gold_gain":0,"player_choice":"Purged","damage_taken":0,"max_hp_gain":0,"max_hp_loss":0,"event_name":"Purifier","floor":4,"gold_loss":0},{"damage_healed":0,"gold_gain":0,"player_choice":"Bought 0 Potions","damage_taken":0,"max_hp_gain":0,"max_hp_loss":0,"event_name":"The Woman in Blue","floor":8,"gold_loss":0}],"is_beta":false,"boss_relics":[],"items_purged_floors":[],"is_endless":false,"potions_floor_spawned":[1,5,7],"killed_by":"Lagavulin","ascension_level":19}