{"gold_per_floor":[114,134,154,104,118,147,147,175,175,175,175,175,175,200,200,326,326,342,342,271,370,391,391,426,426],"floor_reached":25,"playtime":1108,"items_purged":[],"score":229,"play_id":"2d949513-e065-4fb0-a18a-69897d5d565d","local_time":"20181114214716","is_ascension_mode":false,"campfire_choices":[{"data":"White Noise","floor":7,"key":"SMITH"},{"floor":12,"key":"REST"},{"data":"Creative AI","floor":15,"key":"SMITH"},{"floor":23,"key":"REST"}],"neow_cost":"NONE","seed_source_timestamp":16861857530934,"circlet_count":0,"master_deck":["Strike_B","Strike_B","Strike_B","Defend_B","Defend_B","Defend_B","Defend_B","Zap","Dualcast","Impatience","Chill","Capacitor","Beam Cell","Go for the Eyes","White Noise+1","Consume+1","Injury","Creative AI+1","Echo Form","Self Repair","Reprogram","Steam"],"relics":["Cracked Core","Girya","Darkstone Periapt","WingedGreaves","Golden Idol","Busted Crown","Enchiridion","Gambling Chip"],"potions_floor_usage":[6,6,8,8,22,22,25],"damage_taken":[{"damage":1,"enemies":"2 Louse","floor":1,"turns":2},{"damage":4,"enemies":"Jaw Worm","floor":2,"turns":4},{"damage":1,"enemies":"Small Slimes","floor":3,"turns":4},{"damage":29,"enemies":"Exordium Thugs","floor":5,"turns":7},{"damage":30,"enemies":"Gremlin Nob","floor":6,"turns":4},{"damage":2,"enemies":"Lagavulin","floor":8,"turns":5},{"damage":1,"enemies":"2 Fungi Beasts","floor":14,"turns":3},{"damage":21,"enemies":"Slime Boss","floor":16,"turns":8},{"damage":25,"enemies":"Chosen","floor":18,"turns":7},{"damage":10,"enemies":"3 Byrds","floor":22,"turns":4},{"damage":67,"enemies":"Slavers","floor":24,"turns":6},{"damage":16,"enemies":"Colosseum Slavers","floor":25,"turns":1}],"seed_played":"-5300885547450738750","potions_obtained":[{"floor":5,"key":"EntropicBrew"},{"floor":6,"key":"FearPotion"},{"floor":14,"key":"Explosive Potion"},{"floor":16,"key":"AttackPotion"},{"floor":24,"key":"SkillPotion"}],"is_trial":false,"path_per_floor":["M","M","M","?","M","E","R","E","T","?","?","R","?","M","R","B",null,"M","?","$","?","M","R","E","?"],"character_chosen":"DEFECT","items_purchased":["Self Repair"],"campfire_rested":2,"item_purchase_floors":[20],"current_hp_per_floor":[74,70,69,69,40,10,10,8,8,8,8,30,36,35,35,14,81,56,40,40,40,44,68,8,0],"gold":426,"neow_bonus":"RANDOM_COLORLESS","is_prod":false,"is_daily":false,"chose_seed":false,"campfire_upgraded":2,"win_rate":0,"timestamp":1542192436,"path_taken":["M","M","M","?","M","E","R","E","T","?","?","R","?","?","R","BOSS","M","?","$","?","M","R","E","?"],"build_version":"2018-11-13","purchased_purges":0,"victory":false,"max_hp_per_floor":[75,75,75,75,75,75,75,75,75,75,75,75,81,81,81,81,81,81,81,81,81,81,81,81,81],"card_choices":[{"not_picked":["Turbo","Steam"],"picked":"Chill","floor":1},{"not_picked":["Static Discharge","Redo"],"picked":"Capacitor","floor":2},{"not_picked":["Blizzard","Hologram"],"picked":"Beam Cell","floor":3},{"not_picked":["Reprogram","Beam Cell"],"picked":"Go for the Eyes","floor":5},{"not_picked":["Hologram","Defragment"],"picked":"White Noise","floor":6},{"not_picked":["Ball Lightning","Barrage"],"picked":"Consume","floor":8},{"not_picked":["Rebound","Steam"],"picked":"Creative AI","floor":14},{"not_picked":["Biased Cognition","Hyperbeam"],"picked":"Echo Form","floor":16},{"not_picked":["Sweeping Beam"],"picked":"SKIP","floor":18},{"not_picked":[],"picked":"Reprogram","floor":22},{"not_picked":[],"picked":"Steam","floor":24}],"player_experience":209464,"relics_obtained":[{"floor":6,"key":"Girya"},{"floor":8,"key":"Darkstone Periapt"},{"floor":9,"key":"WingedGreaves"},{"floor":19,"key":"Enchiridion"},{"floor":24,"key":"Gambling Chip"}],"event_choices":[{"cards_removed":["Strike_B"],"damage_healed":0,"gold_gain":0,"player_choice":"Card Removal","damage_taken":0,"max_hp_gain":0,"max_hp_loss":0,"event_name":"The Cleric","floor":4,"gold_loss":50},{"damage_healed":0,"gold_gain":0,"player_choice":"Ignored","damage_taken":0,"max_hp_gain":0,"max_hp_loss":0,"event_name":"Liars Game","floor":10,"gold_loss":0},{"damage_healed":0,"gold_gain":0,"player_choice":"Grow","damage_taken":0,"max_hp_gain":0,"max_hp_loss":0,"event_name":"Living Wall","floor":11,"gold_loss":0,"cards_upgraded":["Consume"]},{"damage_healed":0,"gold_gain":0,"player_choice":"Take Wound","damage_taken":0,"relics_obtained":["Golden Idol"],"max_hp_gain":0,"max_hp_loss":0,"event_name":"Golden Idol","floor":13,"gold_loss":0,"cards_obtained":["Injury"]},{"damage_healed":0,"gold_gain":0,"player_choice":"Obtained Book","damage_taken":16,"max_hp_gain":0,"max_hp_loss":0,"event_name":"Cursed Tome","floor":19,"gold_loss":0},{"damage_healed":0,"gold_gain":99,"player_choice":"Stole From Cult","damage_taken":0,"max_hp_gain":0,"max_hp_loss":0,"event_name":"Nest","floor":21,"gold_loss":0},{"damage_healed":0,"gold_gain":0,"player_choice":"Fight","damage_taken":0,"max_hp_gain":0,"max_hp_loss":0,"event_name":"Colosseum","floor":25,"gold_loss":0}],"is_beta":true,"boss_relics":[{"not_picked":["Astrolabe","Runic Dome"],"picked":"Busted Crown"}],"items_purged_floors":[],"is_endless":false,"potions_floor_spawned":[5,6,14,16,24],"killed_by":"Colosseum Slavers","ascension_level":0}