{"gold_per_floor":[117,117,133,133,150,150,184,194,264,264,264,264],"floor_reached":12,"playtime":250,"items_purged":[],"score":152,"play_id":"94b51edd-eba2-4e9c-9f3d-582909e90ddb","local_time":"20190330144953","is_ascension_mode":true,"campfire_choices":[{"data":"Predator","floor":6,"key":"SMITH"},{"floor":10,"key":"REST"}],"neow_cost":"NONE","seed_source_timestamp":150464564492625,"circlet_count":0,"master_deck":["AscendersBane","Defend_G","Defend_G","Defend_G","Defend_G","Defend_G","Strike_G","Strike_G","Strike_G","Strike_G","Strike_G","Survivor","Neutralize+1","Deflect","Predator+1"],"relics":["Ring of the Snake","NeowsBlessing","Thread and Needle","Shuriken","NlothsMask"],"potions_floor_usage":[],"damage_taken":[{"damage":0,"enemies":"Small Slimes","floor":1,"turns":1},{"damage":0,"enemies":"Cultist","floor":3,"turns":1},{"damage":0,"enemies":"Jaw Worm","floor":5,"turns":1},{"damage":43,"enemies":"3 Sentries","floor":7,"turns":9},{"damage":0,"enemies":"Red Slaver","floor":8,"turns":3},{"damage":0,"enemies":"Large Slime","floor":12,"turns":1}],"seed_played":"-3391944444423623388","potions_obtained":[{"floor":1,"key":"Dexterity Potion"},{"floor":7,"key":"PowerPotion"}],"is_trial":false,"path_per_floor":["M","?","M","?","M","R","E","M","T","R","?","M"],"character_chosen":"THE_SILENT","items_purchased":[],"campfire_rested":1,"item_purchase_floors":[],"current_hp_per_floor":[59,59,59,59,59,59,16,16,16,35,35,35],"gold":264,"neow_bonus":"THREE_ENEMY_KILL","is_prod":false,"is_daily":false,"chose_seed":false,"campfire_upgraded":1,"win_rate":0,"timestamp":1553978993,"path_taken":["M","?","?","?","?","R","E","M","T","R","?","?"],"build_version":"2019-01-23","purchased_purges":0,"victory":false,"max_hp_per_floor":[66,66,66,66,66,66,66,66,66,66,66,66],"card_choices":[{"not_picked":["Heel Hook","Reflex","Leg Sweep"],"picked":"SKIP","floor":1},{"not_picked":["Catalyst","Dodge and Roll"],"picked":"Deflect","floor":3},{"not_picked":["Bouncing Flask","Tactician"],"picked":"Predator","floor":5},{"not_picked":["Acrobatics","Envenom","Dagger Throw"],"picked":"SKIP","floor":7},{"not_picked":["Deadly Poison","Slice","Bane"],"picked":"SKIP","floor":8}],"player_experience":362974,"relics_obtained":[{"floor":7,"key":"Thread and Needle"},{"floor":9,"key":"Shuriken"}],"event_choices":[{"damage_healed":0,"gold_gain":0,"player_choice":"Upgraded","damage_taken":0,"max_hp_gain":0,"max_hp_loss":0,"event_name":"Upgrade Shrine","floor":2,"gold_loss":0,"cards_upgraded":["Neutralize"]},{"damage_healed":0,"gold_gain":0,"player_choice":"0 cards matched","damage_taken":0,"max_hp_gain":0,"max_hp_loss":0,"event_name":"Match and Keep!","floor":4,"gold_loss":0,"cards_obtained":[]},{"damage_healed":0,"gold_gain":0,"player_choice":"Trade","damage_taken":0,"relics_obtained":["NlothsMask"],"max_hp_gain":0,"max_hp_loss":0,"event_name":"FaceTrader","floor":11,"gold_loss":0}],"is_beta":false,"boss_relics":[],"items_purged_floors":[],"is_endless":false,"potions_floor_spawned":[1,7],"killed_by":"Large Slime","ascension_level":19}