{"gold_per_floor":[114,114,132,149,160,160,195,195,195,210,210,245,245,245,245,343,343,363,363,109,121,138,138],"floor_reached":23,"playtime":1571,"items_purged":[],"score":201,"play_id":"a45e0736-e6fe-43f9-8b2a-8f6b15120b56","local_time":"20181106204305","is_ascension_mode":false,"campfire_choices":[{"data":"Defragment","floor":6,"key":"SMITH"},{"floor":15,"key":"RECALL"}],"neow_cost":"NONE","seed_source_timestamp":10849213923963,"circlet_count":0,"master_deck":["Strike_B","Strike_B","Strike_B","Defend_B","Defend_B","Defend_B","Defend_B","Zap","Dualcast","Auto Shields","Redo","Defragment+1","Coolheaded","Chill","Seek","Iron Wave","Capacitor+1"],"relics":["Black Star","Bag of Preparation","Orichalcum","Meat on the Bone","Molten Egg 2","Letter Opener","Nuclear Battery","Frozen Egg 2"],"potions_floor_usage":[21,22,22],"damage_taken":[{"damage":2,"enemies":"2 Louse","floor":1,"turns":4},{"damage":5,"enemies":"Cultist","floor":3,"turns":4},{"damage":0,"enemies":"Jaw Worm","floor":4,"turns":4},{"damage":0,"enemies":"2 Fungi Beasts","floor":5,"turns":4},{"damage":13,"enemies":"3 Sentries","floor":7,"turns":12},{"damage":0,"enemies":"Exordium Thugs","floor":10,"turns":4},{"damage":11,"enemies":"Gremlin Nob","floor":12,"turns":7},{"damage":33,"enemies":"Slime Boss","floor":16,"turns":13},{"damage":1,"enemies":"Shell Parasite","floor":18,"turns":10},{"damage":4,"enemies":"Chosen","floor":21,"turns":6},{"damage":29,"enemies":"Centurion and Healer","floor":22,"turns":23},{"damage":50,"enemies":"Gremlin Leader","floor":23,"turns":11}],"seed_played":"1010390649694420635","potions_obtained":[{"floor":5,"key":"Swift Potion"},{"floor":10,"key":"SkillPotion"},{"floor":16,"key":"GamblersBrew"},{"floor":21,"key":"Ancient Potion"}],"is_trial":false,"path_per_floor":["M","?","M","M","M","R","E","$","T","M","$","E","T","$","R","B",null,"M","?","$","M","M","E"],"character_chosen":"DEFECT","items_purchased":["Frozen Egg 2"],"campfire_rested":0,"item_purchase_floors":[20],"current_hp_per_floor":[73,73,68,68,68,68,55,55,55,55,55,44,44,44,44,23,75,74,74,74,70,41,0],"gold":138,"neow_bonus":"BOSS_RELIC","is_prod":false,"is_daily":false,"chose_seed":false,"campfire_upgraded":1,"win_rate":0,"timestamp":1541497385,"path_taken":["M","?","M","M","?","R","E","$","T","M","$","E","?","?","R","BOSS","M","?","?","M","M","E"],"build_version":"2018-11-02","purchased_purges":0,"victory":false,"max_hp_per_floor":[75,75,75,75,75,75,75,75,75,75,75,75,75,75,75,75,75,75,75,75,75,75,75],"card_choices":[{"not_picked":["Gash","Compile Driver"],"picked":"Auto Shields","floor":1},{"not_picked":["Beam Cell","Reinforced Body"],"picked":"Redo","floor":3},{"not_picked":["Streamline","Self Repair"],"picked":"Defragment","floor":4},{"not_picked":["Steam","Barrage"],"picked":"Coolheaded","floor":5},{"not_picked":["Coolheaded","Tempest"],"picked":"Chill","floor":7},{"not_picked":["Auto Shields","Fission","Undo"],"picked":"SKIP","floor":10},{"not_picked":["Leap","Stack","Coolheaded"],"picked":"SKIP","floor":12},{"not_picked":["Biased Cognition","Reboot"],"picked":"Seek","floor":16},{"not_picked":["Heatsinks","Darkness"],"picked":"Hologram","floor":18},{"not_picked":["Leap","Beam Cell+1","Recycle+1"],"picked":"SKIP","floor":21},{"not_picked":["Chill","White Noise"],"picked":"Capacitor+1","floor":22}],"player_experience":189813,"relics_obtained":[{"floor":7,"key":"Bag of Preparation"},{"floor":7,"key":"Orichalcum"},{"floor":12,"key":"Meat on the Bone"},{"floor":12,"key":"Molten Egg 2"},{"floor":13,"key":"Letter Opener"}],"event_choices":[{"cards_removed":["Strike_B"],"damage_healed":0,"gold_gain":0,"player_choice":"Purged","damage_taken":0,"max_hp_gain":0,"max_hp_loss":0,"event_name":"Purifier","floor":2,"gold_loss":0},{"cards_removed":["Hologram"],"damage_healed":0,"gold_gain":0,"player_choice":"Took Card","damage_taken":0,"max_hp_gain":0,"max_hp_loss":0,"event_name":"NoteForYourself","floor":19,"gold_loss":0,"cards_obtained":["Iron Wave"]}],"is_beta":true,"boss_relics":[{"not_picked":["Pandora\u0027s Box","White Beast Statue"],"picked":"Nuclear Battery"}],"items_purged_floors":[],"is_endless":false,"potions_floor_spawned":[5,10,16,18,21],"killed_by":"Gremlin Leader","ascension_level":0}