{"gold_per_floor":[16,34,50,66,66,66,82,111,111,111,111,56,56,75,75,149,149,162,114,114],"floor_reached":20,"playtime":861,"items_purged":[],"score":352,"play_id":"1179d216-e22d-4ce7-b15e-2815512ab2c8","local_time":"20190606105513","is_ascension_mode":true,"campfire_choices":[{"data":"Neutralize","floor":6,"key":"SMITH"},{"floor":11,"key":"REST"},{"floor":15,"key":"REST"}],"neow_cost":"NO_GOLD","seed_source_timestamp":487216832753209,"circlet_count":0,"master_deck":["AscendersBane","Defend_G","Defend_G","Defend_G","Defend_G","Defend_G","Strike_G","Strike_G","Strike_G","Strike_G","Survivor","Neutralize+1","Poisoned Stab","Deadly Poison","Bane","Blur","Flying Knee","Adrenaline","Cloak And Dagger","PiercingWail"],"relics":["Ring of the Snake","Unceasing Top","Oddly Smooth Stone","Singing Bowl","Cursed Key"],"potions_floor_usage":[14],"damage_taken":[{"damage":4,"enemies":"Jaw Worm","floor":1,"turns":6},{"damage":4,"enemies":"Small Slimes","floor":2,"turns":3},{"damage":5,"enemies":"2 Louse","floor":3,"turns":4},{"damage":11,"enemies":"Red Slaver","floor":4,"turns":4},{"damage":0,"enemies":"3 Louse","floor":7,"turns":5},{"damage":30,"enemies":"Gremlin Nob","floor":8,"turns":4},{"damage":0,"enemies":"Gremlin Gang","floor":14,"turns":3},{"damage":32,"enemies":"The Guardian","floor":16,"turns":14},{"damage":10,"enemies":"3 Byrds","floor":18,"turns":7},{"damage":13,"enemies":"2 Thieves","floor":19,"turns":5},{"damage":40,"enemies":"Sentry and Sphere","floor":20,"turns":7}],"seed_played":"5991119092108118209","potions_obtained":[{"floor":7,"key":"Explosive Potion"},{"floor":8,"key":"Block Potion"},{"floor":16,"key":"Weak Potion"}],"is_trial":false,"path_per_floor":["M","M","M","M","?","R","M","E","T","?","R","$","?","M","R","B",null,"M","M","M"],"character_chosen":"THE_SILENT","items_purchased":["Cloak And Dagger"],"campfire_rested":2,"item_purchase_floors":[12],"current_hp_per_floor":[55,51,46,35,35,35,35,5,5,5,24,24,24,26,46,16,57,49,36,0],"gold":114,"neow_bonus":"ONE_RARE_RELIC","is_prod":false,"is_daily":false,"chose_seed":false,"campfire_upgraded":1,"win_rate":0,"timestamp":1559840113,"path_taken":["M","M","M","M","?","R","M","E","T","?","R","$","?","?","R","BOSS","M","M","M"],"build_version":"2019-01-23","purchased_purges":0,"victory":false,"max_hp_per_floor":[66,66,66,66,66,66,66,66,66,66,66,66,66,68,68,70,70,72,72,72],"card_choices":[{"not_picked":["Prepared","Deadly Poison"],"picked":"Poisoned Stab","floor":1},{"not_picked":["Catalyst","Concentrate"],"picked":"Deadly Poison","floor":2},{"not_picked":["Reflex","Bane","Deflect"],"picked":"SKIP","floor":3},{"not_picked":["Reflex","Deflect"],"picked":"Bane","floor":3},{"not_picked":["Endless Agony","Prepared"],"picked":"Blur","floor":4},{"not_picked":["Bane","Acrobatics"],"picked":"Flying Knee","floor":7},{"not_picked":["PiercingWail","Flechettes"],"picked":"Adrenaline","floor":8},{"not_picked":["Bane","Acrobatics","Outmaneuver"],"picked":"Singing Bowl","floor":14},{"not_picked":["Phantasmal Killer","Corpse Explosion","Grand Finale"],"picked":"Singing Bowl","floor":16},{"not_picked":["Blade Dance+1","Distraction","Accuracy+1"],"picked":"Singing Bowl","floor":18},{"not_picked":["Terror","Slice+1"],"picked":"PiercingWail","floor":19}],"player_experience":697413,"relics_obtained":[{"floor":8,"key":"Oddly Smooth Stone"},{"floor":9,"key":"Singing Bowl"}],"event_choices":[{"damage_healed":0,"gold_gain":0,"player_choice":"Ignored","damage_taken":0,"max_hp_gain":0,"max_hp_loss":0,"event_name":"Liars Game","floor":5,"gold_loss":0},{"damage_healed":0,"gold_gain":0,"player_choice":"Ignored","damage_taken":0,"max_hp_gain":0,"max_hp_loss":0,"event_name":"Shining Light","floor":10,"gold_loss":0},{"cards_removed":["Strike_G"],"damage_healed":0,"gold_gain":0,"player_choice":"Purged","damage_taken":0,"max_hp_gain":0,"max_hp_loss":0,"event_name":"Purifier","floor":13,"gold_loss":0}],"is_beta":false,"boss_relics":[{"not_picked":["White Beast Statue","Black Star"],"picked":"Cursed Key"}],"items_purged_floors":[],"is_endless":false,"potions_floor_spawned":[7,8,16],"killed_by":"Sentry and Sphere","ascension_level":20}