{"gold_per_floor":[115,131,50,50,64,64,92,92,92,92,102,102,102,6,6,82,82,96,96,111,140,154,154,184,184,184,184,184,195,228,30,30,109,109,120,120,137,37,49,49,63,63,63,63,63,63,63,285,285,285],"floor_reached":51,"playtime":3831,"items_purged":["Strike_G","Strike_G"],"score":1069,"play_id":"690d5912-d668-414d-b9ff-53f03bf928d1","local_time":"20190517225335","is_ascension_mode":true,"campfire_choices":[{"data":"Footwork","floor":6.0,"key":"SMITH"},{"data":"Noxious Fumes","floor":8.0,"key":"SMITH"},{"data":"Neutralize","floor":10.0,"key":"SMITH"},{"data":"Dagger Spray","floor":13.0,"key":"SMITH"},{"data":"Blade Dance","floor":15.0,"key":"SMITH"},{"floor":23.0,"key":"REST"},{"data":"PiercingWail","floor":25.0,"key":"SMITH"},{"data":"Venomology","floor":28.0,"key":"SMITH"},{"data":"Crippling Poison","floor":32.0,"key":"SMITH"},{"data":"PiercingWail","floor":40.0,"key":"SMITH"},{"data":"Prepared","floor":42.0,"key":"SMITH"},{"floor":44.0,"key":"REST"},{"floor":47.0,"key":"REST"},{"data":"Calculated Gamble","floor":49.0,"key":"SMITH"}],"neow_cost":"NONE","seed_source_timestamp":0,"circlet_count":0,"master_deck":["AscendersBane","Defend_G","Defend_G","Defend_G","Defend_G","Defend_G","Strike_G","Strike_G","Survivor","Neutralize+1","Backflip","Footwork+1","Dagger Spray+1","Noxious Fumes+1","PiercingWail+1","Footwork+1","Blade Dance+1","Venomology+1","Noxious Fumes+1","Cloak And Dagger+1","Calculated Gamble+1","Crippling Poison+1","Well Laid Plans+1","Envenom+1","Accuracy+1","PiercingWail+1","Prepared+1","Writhe","Footwork+1"],"special_seed":0,"relics":["Ring of the Snake","Frozen Egg 2","Letter Opener","Philosopher\u0027s Stone","Red Mask","Ninja Scroll","Tingsha","Bag of Marbles","WristBlade","Dream Catcher"],"potions_floor_usage":[50,50,50],"damage_taken":[{"damage":0.0,"enemies":"Small Slimes","floor":1.0,"turns":5.0},{"damage":0.0,"enemies":"Cultist","floor":2.0,"turns":5.0},{"damage":0.0,"enemies":"2 Louse","floor":5.0,"turns":2.0},{"damage":15.0,"enemies":"Lagavulin","floor":7.0,"turns":10.0},{"damage":0.0,"enemies":"Exordium Wildlife","floor":11.0,"turns":4.0},{"damage":2.0,"enemies":"Hexaghost","floor":16.0,"turns":11.0},{"damage":5.0,"enemies":"Chosen","floor":18.0,"turns":7.0},{"damage":5.0,"enemies":"Shell Parasite","floor":20.0,"turns":5.0},{"damage":24.0,"enemies":"Masked Bandits","floor":21.0,"turns":5.0},{"damage":3.0,"enemies":"Snecko","floor":22.0,"turns":8.0},{"damage":17.0,"enemies":"Gremlin Leader","floor":24.0,"turns":7.0},{"damage":0.0,"enemies":"Snake Plant","floor":29.0,"turns":5.0},{"damage":5.0,"enemies":"Book of Stabbing","floor":30.0,"turns":6.0},{"damage":29.0,"enemies":"Collector","floor":33.0,"turns":9.0},{"damage":5.0,"enemies":"3 Darklings","floor":35.0,"turns":4.0},{"damage":0.0,"enemies":"3 Shapes","floor":37.0,"turns":5.0},{"damage":20.0,"enemies":"3 Darklings","floor":39.0,"turns":5.0},{"damage":22.0,"enemies":"4 Shapes","floor":41.0,"turns":6.0},{"damage":74,"enemies":"Awakened One","floor":50,"turns":15}],"seed_played":"1357926670726233497","potions_obtained":[{"floor":7.0,"key":"SteroidPotion"},{"floor":16.0,"key":"SkillPotion"},{"floor":24.0,"key":"Energy Potion"},{"floor":33.0,"key":"LiquidBronze"},{"floor":41.0,"key":"Regen Potion"}],"is_trial":false,"path_per_floor":["M","M","$","?","M","R","E","R","T","R","M","?","R","$","R","B",null,"M","?","M","?","M","R","E","R","T","?","R","M","E","$","R","B",null,"M","?","M","$","M","R","M","R","T","R","$","?","R","?","R","B",null],"character_chosen":"THE_SILENT","items_purchased":["Footwork","Dagger Spray","Footwork+1","Blade Dance","Well Laid Plans+1","Dexterity Potion"],"campfire_rested":3,"item_purchase_floors":[3,3,14,14,31,31],"current_hp_per_floor":[59,59,59,59,59,59,44,44,44,44,44,49,49,49,49,47,65,60,60,55,31,28,49,47,47,47,47,47,47,42,42,42,13,57,52,52,52,52,32,32,10,10,10,31,31,49,70,70,70,36],"gold":285,"neow_bonus":"REMOVE_CARD","is_prod":false,"is_daily":false,"chose_seed":false,"campfire_upgraded":11,"win_rate":0,"timestamp":1558151615,"path_taken":["M","M","$","?","?","R","E","R","T","R","?","?","R","?","R","BOSS","M","?","M","?","M","R","E","R","T","?","R","M","E","$","R","BOSS","M","?","M","$","?","R","M","R","T","R","?","?","R","?","R","BOSS"],"build_version":"2019-01-23","purchased_purges":2,"victory":true,"max_hp_per_floor":[66,66,66,66,66,66,66,66,66,66,66,71,71,71,71,71,71,71,71,71,71,71,71,71,71,71,71,71,71,71,71,71,71,71,71,71,71,71,71,71,71,71,71,71,71,71,71,71,71,71],"card_choices":[{"not_picked":["Underhanded Strike","Dodge and Roll"],"picked":"Backflip","floor":1.0},{"not_picked":["PiercingWail","Backflip","Setup"],"picked":"SKIP","floor":2.0},{"not_picked":["Riddle With Holes","Deflect"],"picked":"Noxious Fumes","floor":5.0},{"not_picked":["Reflex","Slice"],"picked":"PiercingWail","floor":7.0},{"not_picked":["Acrobatics","Backflip","Sucker Punch"],"picked":"SKIP","floor":11.0},{"not_picked":["Doppelganger","Night Terror"],"picked":"Venomology","floor":16.0},{"not_picked":["Dagger Throw","Dodge and Roll+1"],"picked":"Noxious Fumes+1","floor":18.0},{"not_picked":["Distraction","Underhanded Strike"],"picked":"Cloak And Dagger+1","floor":20.0},{"not_picked":["Outmaneuver","Riddle With Holes","Phantasmal Killer"],"picked":"SKIP","floor":22.0},{"not_picked":["Flechettes","Wraith Form v2+1"],"picked":"Calculated Gamble","floor":24.0},{"not_picked":["Backflip","Poisoned Stab","Riddle With Holes"],"picked":"SKIP","floor":29.0},{"not_picked":["Expertise","Sucker Punch"],"picked":"Crippling Poison","floor":30.0},{"not_picked":["Phantasmal Killer","Wraith Form v2+1"],"picked":"Envenom+1","floor":33.0},{"not_picked":["Sucker Punch","Distraction","Acrobatics"],"picked":"SKIP","floor":35.0},{"not_picked":["Bouncing Flask+1","Escape Plan"],"picked":"Accuracy+1","floor":37.0},{"not_picked":["Sucker Punch","Terror"],"picked":"PiercingWail","floor":39.0},{"not_picked":["PiercingWail","Quick Slash"],"picked":"Prepared","floor":41.0},{"not_picked":["PiercingWail","Wraith Form v2+1"],"picked":"Footwork+1","floor":47.0}],"player_experience":443166,"relics_obtained":[{"floor":7.0,"key":"Frozen Egg 2"},{"floor":9.0,"key":"Letter Opener"},{"floor":21.0,"key":"Red Mask"},{"floor":24.0,"key":"Ninja Scroll"},{"floor":26.0,"key":"Tingsha"},{"floor":30.0,"key":"Bag of Marbles"},{"floor":43.0,"key":"Dream Catcher"}],"event_choices":[{"damage_healed":0.0,"max_hp_gain":0.0,"max_hp_loss":0.0,"gold_gain":0.0,"event_name":"Wheel of Change","player_choice":"Cursed","floor":4.0,"gold_loss":0.0,"damage_taken":0.0,"cards_obtained":["Decay"]},{"damage_healed":0.0,"max_hp_gain":5.0,"max_hp_loss":0.0,"gold_gain":0.0,"event_name":"Big Fish","player_choice":"Donut","floor":12.0,"gold_loss":0.0,"damage_taken":0.0},{"damage_healed":0.0,"max_hp_gain":0.0,"max_hp_loss":0.0,"gold_gain":0.0,"event_name":"Cursed Tome","player_choice":"Ignored","floor":19.0,"gold_loss":0.0,"damage_taken":0.0},{"damage_healed":0.0,"max_hp_gain":0.0,"max_hp_loss":0.0,"gold_gain":0.0,"event_name":"Masked Bandits","player_choice":"Fought Bandits","floor":21.0,"gold_loss":0.0,"damage_taken":0.0},{"cards_removed":["Decay"],"damage_healed":0.0,"max_hp_gain":0.0,"max_hp_loss":0.0,"gold_gain":0.0,"event_name":"Fountain of Cleansing","player_choice":"Removed Curses","floor":27.0,"gold_loss":0.0,"damage_taken":0.0},{"damage_healed":0.0,"max_hp_gain":0.0,"max_hp_loss":0.0,"gold_gain":0.0,"event_name":"The Woman in Blue","player_choice":"Bought 0 Potions","floor":36.0,"gold_loss":0.0,"damage_taken":0.0},{"damage_healed":18.0,"max_hp_gain":0.0,"max_hp_loss":0.0,"gold_gain":0.0,"event_name":"Winding Halls","player_choice":"Writhe","floor":46.0,"gold_loss":0.0,"damage_taken":0.0,"cards_obtained":["Writhe"]},{"damage_healed":0.0,"max_hp_gain":0.0,"max_hp_loss":0.0,"gold_gain":222.0,"event_name":"Tomb of Lord Red Mask","player_choice":"Wore Mask","floor":48.0,"gold_loss":0.0,"damage_taken":0.0}],"is_beta":false,"boss_relics":[{"not_picked":["Orrery","White Beast Statue"],"picked":"Philosopher\u0027s Stone"},{"not_picked":["Sozu","Velvet Choker"],"picked":"WristBlade"}],"items_purged_floors":[31,38],"is_endless":false,"potions_floor_spawned":[7,16,24,29,33,37,39,41],"ascension_level":14}