{"gold_per_floor":[113,113,123,136,150,181,198,198,198,227,237,252,20,37,37,134,134,153,169,183,183,197,197,226,238,238,257,274,199,226,226,226,322,372,390,154,174,274,274,306,320,320,346,346,358,391,391,437,437,437,437,437,36,71,71],"floor_reached":55,"playtime":7628,"items_purged":["Regret"],"score":858,"play_id":"35250217-209f-469c-96d1-f8891906393d","local_time":"20190601165314","is_ascension_mode":false,"campfire_choices":[{"floor":8,"key":"REST"},{"floor":15,"key":"REST"},{"floor":23,"key":"REST"},{"floor":32,"key":"REST"},{"floor":42,"key":"RECALL"},{"data":"Envenom","floor":44,"key":"SMITH"},{"floor":49,"key":"REST"},{"data":"Bouncing Flask","floor":52,"key":"SMITH"}],"neow_cost":"PERCENT_DAMAGE","seed_source_timestamp":238905544623039,"circlet_count":0,"master_deck":["Defend_G","Defend_G","Defend_G","Strike_G+1","Strike_G","Strike_G","Survivor","Neutralize","PiercingWail","Endless Agony","Bouncing Flask+1","PiercingWail","Endless Agony","Calculated Gamble","Blur","Backstab","Slice","Blade Dance","Corpse Explosion","Dagger Spray","Noxious Fumes","Bane","Sucker Punch+1","Burst","Poisoned Stab+1","Crippling Poison+1","Blade Dance+1","Poisoned Stab+1","Envenom+1","Dagger Throw+1","Quick Slash+1","Trip","Quick Slash","Deadly Poison+1","Bane+1","Deflect+1","Well Laid Plans+1","Flying Knee+1","Writhe","Outmaneuver+1","Dagger Throw+1"],"relics":["Ring of the Snake","StoneCalendar","Ancient Tea Set","Sundial","Meat on the Bone","Kunai","Oddly Smooth Stone","Empty Cage","Gremlin Horn","Blood Vial","Ninja Scroll","Incense Burner","Paper Crane","Tiny House","Centennial Puzzle","Ice Cream","Pear","Mango","Du-Vu Doll","Ornamental Fan","Strawberry","Anchor"],"potions_floor_usage":[38,40,48,50,50,55,55],"damage_taken":[{"damage":0,"enemies":"Small Slimes","floor":1,"turns":4},{"damage":2,"enemies":"Jaw Worm","floor":3,"turns":4},{"damage":1,"enemies":"Cultist","floor":4,"turns":3},{"damage":8,"enemies":"Large Slime","floor":5,"turns":6},{"damage":21,"enemies":"Lagavulin","floor":6,"turns":6},{"damage":2,"enemies":"2 Fungi Beasts","floor":7,"turns":4},{"damage":35,"enemies":"Gremlin Nob","floor":10,"turns":5},{"damage":0,"enemies":"3 Louse","floor":11,"turns":3},{"damage":0,"enemies":"Looter","floor":12,"turns":3},{"damage":3,"enemies":"Exordium Thugs","floor":14,"turns":6},{"damage":24,"enemies":"The Guardian","floor":16,"turns":9},{"damage":18,"enemies":"2 Thieves","floor":18,"turns":4},{"damage":7,"enemies":"Chosen","floor":19,"turns":5},{"damage":14,"enemies":"Snake Plant","floor":20,"turns":6},{"damage":17,"enemies":"Sentry and Sphere","floor":22,"turns":6},{"damage":20,"enemies":"Book of Stabbing","floor":24,"turns":6},{"damage":12,"enemies":"Centurion and Healer","floor":25,"turns":2},{"damage":11,"enemies":"Snecko","floor":27,"turns":4},{"damage":15,"enemies":"Snake Plant","floor":28,"turns":5},{"damage":19,"enemies":"Slavers","floor":30,"turns":5},{"damage":32,"enemies":"Champ","floor":33,"turns":13},{"damage":16,"enemies":"3 Darklings","floor":35,"turns":3},{"damage":11,"enemies":"3 Shapes","floor":37,"turns":2},{"damage":0,"enemies":"Mind Bloom Boss Battle","floor":38,"turns":6},{"damage":34,"enemies":"Giant Head","floor":40,"turns":8},{"damage":39,"enemies":"Spire Growth","floor":41,"turns":4},{"damage":5,"enemies":"Maw","floor":45,"turns":7},{"damage":15,"enemies":"Nemesis","floor":46,"turns":7},{"damage":13,"enemies":"2 Orb Walkers","floor":48,"turns":3},{"damage":30,"enemies":"Donu and Deca","floor":50,"turns":6},{"damage":42,"enemies":"Shield and Spear","floor":54,"turns":5},{"damage":82,"enemies":"The Heart","floor":55,"turns":5}],"seed_played":"-6575562305899114912","potions_obtained":[{"floor":5,"key":"Dexterity Potion"},{"floor":6,"key":"Dexterity Potion"},{"floor":10,"key":"LiquidBronze"},{"floor":16,"key":"SneckoOil"},{"floor":20,"key":"Energy Potion"},{"floor":24,"key":"Ancient Potion"},{"floor":25,"key":"AttackPotion"},{"floor":28,"key":"PowerPotion"},{"floor":33,"key":"Regen Potion"},{"floor":38,"key":"Block Potion"},{"floor":45,"key":"GamblersBrew"},{"floor":46,"key":"FearPotion"},{"floor":48,"key":"Regen Potion"},{"floor":54,"key":"Strength Potion"}],"is_trial":false,"path_per_floor":["?","?","?","T","?","?","?","?"],"character_chosen":"THE_SILENT","items_purchased":["Oddly Smooth Stone","Centennial Puzzle","Trip","Ornamental Fan","Strawberry"],"campfire_rested":5,"item_purchase_floors":[13,36,36,53,53],"current_hp_per_floor":[49,49,47,46,38,17,15,36,36,13,25,37,37,46,67,43,70,52,45,43,43,38,59,39,41,41,44,43,43,38,38,59,41,75,59,59,50,52,52,57,32,32,32,32,41,54,79,68,97,69,99,99,106,64,0],"gold":71,"neow_bonus":"ONE_RARE_RELIC","is_prod":false,"is_daily":false,"chose_seed":false,"campfire_upgraded":2,"win_rate":0,"timestamp":1559436794,"path_taken":["M","?","M","M","M","E","M","R","T","E","M","M","$","M","R","BOSS","M","M","M","?","M","R","E","M","T","M","M","?","E","?","R","BOSS","M","$","M","?","?","E","M","R","T","R","M","E","?","?","R","BOSS","R","$","E","BOSS"],"build_version":"2019-01-23","purchased_purges":1,"victory":false,"max_hp_per_floor":[70,70,70,70,70,70,70,70,70,70,70,70,70,70,70,70,70,70,70,70,70,70,70,70,70,70,70,70,70,70,70,70,70,75,75,75,75,75,75,85,85,85,85,85,85,99,99,99,99,99,99,99,106,106,106],"card_choices":[{"not_picked":["Sucker Punch","Flechettes"],"picked":"PiercingWail","floor":1},{"not_picked":["Distraction","PiercingWail"],"picked":"Endless Agony","floor":3},{"not_picked":["Dodge and Roll","Sucker Punch"],"picked":"Bouncing Flask","floor":4},{"not_picked":["Footwork","Outmaneuver"],"picked":"PiercingWail","floor":5},{"not_picked":["Deadly Poison","A Thousand Cuts"],"picked":"Endless Agony","floor":6},{"not_picked":["Bane","Leg Sweep"],"picked":"Calculated Gamble","floor":7},{"not_picked":["Noxious Fumes","Calculated Gamble"],"picked":"Blur","floor":10},{"not_picked":["Dagger Spray","Sucker Punch"],"picked":"Backstab","floor":11},{"not_picked":["Crippling Poison","Deflect"],"picked":"Slice","floor":12},{"not_picked":["Deflect","Terror"],"picked":"Blade Dance","floor":14},{"not_picked":["After Image","Bullet Time"],"picked":"Corpse Explosion","floor":16},{"not_picked":["Blade Dance","Deflect"],"picked":"Dagger Spray","floor":18},{"not_picked":["Dash","Skewer+1"],"picked":"Noxious Fumes","floor":19},{"not_picked":["Flechettes","Outmaneuver"],"picked":"Bane","floor":20},{"not_picked":["Underhanded Strike","Leg Sweep"],"picked":"Sucker Punch+1","floor":22},{"not_picked":["Malaise","Outmaneuver"],"picked":"Burst","floor":24},{"not_picked":["Flying Knee+1","Skewer"],"picked":"Poisoned Stab+1","floor":25},{"not_picked":["PiercingWail","Sucker Punch"],"picked":"Crippling Poison+1","floor":27},{"not_picked":["Skewer","Backflip"],"picked":"Blade Dance+1","floor":28},{"not_picked":["Tactician","Flying Knee"],"picked":"Poisoned Stab+1","floor":30},{"not_picked":["Corpse Explosion","After Image"],"picked":"Envenom","floor":33},{"not_picked":["Acrobatics","Deadly Poison"],"picked":"Dagger Throw+1","floor":34},{"not_picked":["Deadly Poison","Flying Knee"],"picked":"Quick Slash+1","floor":35},{"not_picked":["Well Laid Plans","Choke"],"picked":"Quick Slash","floor":37},{"not_picked":["All Out Attack","Tactician"],"picked":"Deadly Poison+1","floor":38},{"not_picked":["Bullet Time","Dagger Throw+1"],"picked":"Bane+1","floor":40},{"not_picked":["Footwork","Quick Slash"],"picked":"Deflect+1","floor":41},{"not_picked":["Riddle With Holes+1","Infinite Blades"],"picked":"Well Laid Plans+1","floor":45},{"not_picked":["Dagger Throw","PiercingWail"],"picked":"Flying Knee+1","floor":46},{"not_picked":["Bane","Sucker Punch+1"],"picked":"Outmaneuver+1","floor":48},{"not_picked":["Night Terror","Acrobatics+1"],"picked":"Dagger Throw+1","floor":54}],"player_experience":44683,"relics_obtained":[{"floor":6,"key":"Sundial"},{"floor":9,"key":"Meat on the Bone"},{"floor":10,"key":"Kunai"},{"floor":24,"key":"Blood Vial"},{"floor":26,"key":"Ninja Scroll"},{"floor":30,"key":"Incense Burner"},{"floor":31,"key":"Paper Crane"},{"floor":38,"key":"Ice Cream"},{"floor":40,"key":"Pear"},{"floor":46,"key":"Mango"},{"floor":48,"key":"Du-Vu Doll"},{"floor":54,"key":"Anchor"}],"event_choices":[{"damage_healed":0,"gold_gain":0,"player_choice":"Box","damage_taken":0,"relics_obtained":["Ancient Tea Set"],"max_hp_gain":0,"max_hp_loss":0,"event_name":"Big Fish","floor":2,"gold_loss":0,"cards_obtained":["Regret"]},{"damage_healed":0,"gold_gain":0,"player_choice":"Opened","damage_taken":0,"relics_obtained":["Gremlin Horn"],"max_hp_gain":0,"max_hp_loss":0,"event_name":"The Mausoleum","floor":21,"gold_loss":0},{"cards_removed":["Strike_G"],"damage_healed":0,"gold_gain":0,"player_choice":"Gave Gold","damage_taken":0,"max_hp_gain":0,"max_hp_loss":0,"event_name":"Beggar","floor":29,"gold_loss":75},{"damage_healed":0,"gold_gain":0,"player_choice":"Fight","damage_taken":0,"max_hp_gain":0,"max_hp_loss":0,"event_name":"MindBloom","floor":38,"gold_loss":0},{"cards_removed":["Defend_G"],"damage_healed":0,"gold_gain":0,"player_choice":"Removed Skill","damage_taken":0,"max_hp_gain":0,"max_hp_loss":0,"event_name":"Falling","floor":39,"gold_loss":0},{"damage_healed":25,"gold_gain":0,"player_choice":"Writhe","damage_taken":0,"max_hp_gain":0,"max_hp_loss":0,"event_name":"Winding Halls","floor":47,"gold_loss":0,"cards_obtained":["Writhe"]},{"damage_healed":0,"gold_gain":0,"player_choice":"Fight","damage_taken":0,"max_hp_gain":0,"max_hp_loss":0,"event_name":"Mysterious Sphere","floor":48,"gold_loss":0}],"is_beta":false,"boss_relics":[{"not_picked":["Ectoplasm","White Beast Statue"],"picked":"Empty Cage"},{"not_picked":["Snecko Eye","HoveringKite"],"picked":"Tiny House"}],"items_purged_floors":[13],"is_endless":false,"potions_floor_spawned":[5,6,10,16,20,24,25,28,33,38,45,46,48,54],"killed_by":"The Heart","ascension_level":0}