{"gold_per_floor":[116,116,37,37,312,346,362,397,397,20,20,39,73,73,73,201,201,201,201,126,126,126,126,126,126,126,26,26,26,26,26,26,26,26,26,26,0,0,0,0,0,0,0,0,0,0,0,0,0,0],"floor_reached":51,"playtime":1592,"items_purged":["Regret","Defend_R+1"],"score":1103,"play_id":"12d88b3a-a135-4d3f-a1fd-233737b4b4ee","local_time":"20190422201005","is_ascension_mode":true,"campfire_choices":[{"data":"Inflame","floor":11.0,"key":"SMITH"},{"data":"Heavy Blade","floor":15.0,"key":"SMITH"},{"data":"Demon Form","floor":23.0,"key":"SMITH"},{"floor":28.0,"key":"DIG"},{"floor":32.0,"key":"REST"},{"data":"Uppercut","floor":40.0,"key":"SMITH"},{"floor":42.0,"key":"DIG"},{"floor":46.0,"key":"REST"},{"floor":49.0,"key":"REST"}],"neow_cost":"NONE","seed_source_timestamp":768275276885854,"circlet_count":0,"master_deck":["Strike_R+1","Strike_R+1","Strike_R+1","Defend_R+1","Defend_R+1","Bash","Cleave","Inflame+1","Twin Strike","Heavy Blade+1","Shrug It Off","Demon Form+1","Flex","Uppercut+1","Flame Barrier+1"],"special_seed":0,"relics":["Burning Blood","NeowsBlessing","Golden Idol","Bottled Tornado","Paper Frog","Mummified Hand","Turnip","Vajra","Ectoplasm","Bag of Preparation","Dodecahedron","Shovel","Tiny Chest","StoneCalendar","Eternal Feather","Red Mask","Ginger","Strawberry"],"potions_floor_usage":[50,50],"damage_taken":[{"damage":0.0,"enemies":"2 Louse","floor":1.0,"turns":1.0},{"damage":0.0,"enemies":"Lagavulin","floor":6.0,"turns":1.0},{"damage":0.0,"enemies":"Jaw Worm","floor":7.0,"turns":1.0},{"damage":35.0,"enemies":"Gremlin Nob","floor":8.0,"turns":4.0},{"damage":0.0,"enemies":"Cultist","floor":12.0,"turns":2.0},{"damage":17.0,"enemies":"3 Sentries","floor":13.0,"turns":5.0},{"damage":0.0,"enemies":"Slime Boss","floor":16.0,"turns":6.0},{"damage":20.0,"enemies":"3 Byrds","floor":18.0,"turns":4.0},{"damage":4.0,"enemies":"Shell Parasite","floor":22.0,"turns":2.0},{"damage":45.0,"enemies":"Book of Stabbing","floor":24.0,"turns":4.0},{"damage":6.0,"enemies":"Centurion and Healer","floor":25.0,"turns":5.0},{"damage":0.0,"enemies":"Snecko","floor":30.0,"turns":2.0},{"damage":4.0,"enemies":"3 Cultists","floor":31.0,"turns":4.0},{"damage":40.0,"enemies":"Champ","floor":33.0,"turns":4.0},{"damage":8.0,"enemies":"Orb Walker","floor":35.0,"turns":2.0},{"damage":21.0,"enemies":"3 Darklings","floor":36.0,"turns":3.0},{"damage":26.0,"enemies":"Spire Growth","floor":39.0,"turns":4.0},{"damage":38.0,"enemies":"Writhing Mass","floor":41.0,"turns":4.0},{"damage":36.0,"enemies":"Sphere and 2 Shapes","floor":44.0,"turns":4.0},{"damage":1.0,"enemies":"Transient","floor":47.0,"turns":5.0},{"damage":67,"enemies":"Awakened One","floor":50,"turns":7}],"seed_played":"-1513473900538427532","potions_obtained":[{"floor":7.0,"key":"Ancient Potion"},{"floor":16.0,"key":"Ancient Potion"},{"floor":22.0,"key":"Energy Potion"},{"floor":31.0,"key":"EssenceOfSteel"},{"floor":33.0,"key":"SpeedPotion"},{"floor":36.0,"key":"Fire Potion"},{"floor":39.0,"key":"PowerPotion"},{"floor":41.0,"key":"AttackPotion"},{"floor":44.0,"key":"Energy Potion"}],"is_trial":false,"path_per_floor":["M","?","$","?","?","E","M","E","T","$","R","M","E","?","R","B",null,"M","?","?","?","M","R","E","M","T","$","R","T","M","M","R","B",null,"M","M","?","?","M","R","M","R","T","M","?","R","M","?","R","B",null],"character_chosen":"IRONCLAD","items_purchased":["Inflame","Turnip"],"campfire_rested":3,"item_purchase_floors":[3,10],"current_hp_per_floor":[78,78,78,74,74,74,74,45,45,45,45,51,40,64,64,70,73,59,59,59,59,61,61,22,22,22,22,22,22,28,30,52,18,60,58,43,43,65,45,54,22,31,38,8,8,38,43,43,72,11],"gold":0,"neow_bonus":"THREE_ENEMY_KILL","is_prod":false,"is_daily":false,"chose_seed":false,"campfire_upgraded":4,"win_rate":0,"timestamp":1555985405,"path_taken":["M","?","$","?","?","E","?","E","T","$","R","M","E","?","R","BOSS","M","?","?","?","M","R","E","M","T","$","R","?","M","M","R","BOSS","M","M","?","?","M","R","M","R","T","M","?","R","?","?","R","BOSS"],"build_version":"2019-01-23","purchased_purges":2,"victory":true,"max_hp_per_floor":[80,80,80,74,74,74,74,74,74,74,74,74,74,74,74,74,74,74,74,74,74,74,74,74,74,74,74,74,74,74,74,74,74,74,74,74,74,65,65,65,65,65,72,72,72,72,72,72,72,72],"card_choices":[{"not_picked":["Clash","Armaments"],"picked":"Cleave","floor":1.0},{"not_picked":["Blood for Blood","Reckless Charge"],"picked":"Twin Strike","floor":6.0},{"not_picked":["Clash","Flex"],"picked":"Heavy Blade","floor":7.0},{"not_picked":["Warcry","Fire Breathing","Bludgeon"],"picked":"SKIP","floor":8.0},{"not_picked":["Armaments","Entrench"],"picked":"Shrug It Off","floor":12.0},{"not_picked":["Thunderclap","Sever Soul","Burning Pact"],"picked":"SKIP","floor":13.0},{"not_picked":["Immolate","Feed"],"picked":"Demon Form","floor":16.0},{"not_picked":["Perfected Strike","Dual Wield"],"picked":"Flex","floor":18.0},{"not_picked":["Havoc","Armaments","Clash"],"picked":"SKIP","floor":22.0},{"not_picked":["Seeing Red+1","Bloodletting","Inflame"],"picked":"SKIP","floor":24.0},{"not_picked":["Flex","Pummel"],"picked":"Uppercut","floor":25.0},{"not_picked":["Clash","Havoc","Warcry+1"],"picked":"SKIP","floor":30.0},{"not_picked":["Spot Weakness","Intimidate","Infernal Blade"],"picked":"SKIP","floor":31.0},{"not_picked":["Rage","Hemokinesis","Shockwave"],"picked":"SKIP","floor":35.0},{"not_picked":["Combust+1","Thunderclap+1","Inflame+1"],"picked":"SKIP","floor":36.0},{"not_picked":["Corruption+1","Armaments+1","Perfected Strike"],"picked":"SKIP","floor":39.0},{"not_picked":["True Grit","Iron Wave"],"picked":"Flame Barrier+1","floor":41.0},{"not_picked":["Wild Strike","Rage","Bloodletting"],"picked":"SKIP","floor":44.0},{"not_picked":["Anger+1","Cleave+1","Body Slam"],"picked":"SKIP","floor":47.0}],"player_experience":516703,"relics_obtained":[{"floor":6.0,"key":"Bottled Tornado"},{"floor":8.0,"key":"Paper Frog"},{"floor":9.0,"key":"Mummified Hand"},{"floor":13.0,"key":"Vajra"},{"floor":24.0,"key":"Dodecahedron"},{"floor":26.0,"key":"Shovel"},{"floor":28.0,"key":"Tiny Chest"},{"floor":29.0,"key":"StoneCalendar"},{"floor":42.0,"key":"Ginger"},{"floor":43.0,"key":"Strawberry"}],"event_choices":[{"damage_healed":0.0,"max_hp_gain":0.0,"max_hp_loss":0.0,"gold_gain":0.0,"event_name":"The Cleric","player_choice":"Leave","floor":2.0,"gold_loss":0.0,"damage_taken":0.0},{"damage_healed":0.0,"max_hp_gain":0.0,"max_hp_loss":6.0,"gold_gain":0.0,"event_name":"Golden Idol","player_choice":"Lose Max HP","floor":4.0,"gold_loss":0.0,"damage_taken":0.0,"relics_obtained":["Golden Idol"]},{"damage_healed":0.0,"max_hp_gain":0.0,"max_hp_loss":0.0,"gold_gain":275.0,"event_name":"Golden Shrine","player_choice":"Desecrate","floor":5.0,"gold_loss":0.0,"damage_taken":0.0,"cards_obtained":["Regret"]},{"damage_healed":24.0,"max_hp_gain":0.0,"max_hp_loss":0.0,"gold_gain":0.0,"event_name":"Big Fish","player_choice":"Banana","floor":14.0,"gold_loss":0.0,"damage_taken":0.0},{"damage_healed":0.0,"max_hp_gain":0.0,"max_hp_loss":0.0,"gold_gain":0.0,"event_name":"Back to Basics","player_choice":"Simplicity","floor":19.0,"gold_loss":0.0,"damage_taken":0.0,"cards_upgraded":["Strike_R","Strike_R","Strike_R","Strike_R","Strike_R","Defend_R","Defend_R","Defend_R","Defend_R"]},{"cards_removed":["Strike_R"],"damage_healed":0.0,"max_hp_gain":0.0,"max_hp_loss":0.0,"gold_gain":0.0,"event_name":"Beggar","player_choice":"Gave Gold","floor":20.0,"gold_loss":75.0,"damage_taken":0.0},{"damage_healed":0.0,"max_hp_gain":0.0,"max_hp_loss":0.0,"gold_gain":0.0,"event_name":"The Mausoleum","player_choice":"Opened","floor":21.0,"gold_loss":0.0,"damage_taken":0.0,"relics_obtained":["Bag of Preparation"]},{"damage_healed":0.0,"max_hp_gain":0.0,"max_hp_loss":0.0,"gold_gain":0.0,"event_name":"Tomb of Lord Red Mask","player_choice":"Paid","floor":37.0,"gold_loss":26.0,"damage_taken":0.0,"relics_obtained":["Red Mask"]},{"damage_healed":65.0,"max_hp_gain":0.0,"max_hp_loss":9.0,"gold_gain":0.0,"event_name":"The Moai Head","player_choice":"Heal","floor":38.0,"gold_loss":0.0,"damage_taken":0.0},{"cards_removed":["Strike_R"],"damage_healed":0.0,"max_hp_gain":0.0,"max_hp_loss":0.0,"gold_gain":0.0,"event_name":"Purifier","player_choice":"Purged","floor":45.0,"gold_loss":0.0,"damage_taken":0.0},{"cards_removed":["Defend_R"],"damage_healed":0.0,"max_hp_gain":0.0,"max_hp_loss":0.0,"gold_gain":0.0,"event_name":"Falling","player_choice":"Removed Skill","floor":48.0,"gold_loss":0.0,"damage_taken":0.0}],"is_beta":false,"boss_relics":[{"not_picked":["Tiny House","Calling Bell"],"picked":"Ectoplasm"},{"not_picked":["Coffee Dripper","Fusion Hammer"],"picked":"Eternal Feather"}],"items_purged_floors":[10,27],"is_endless":false,"potions_floor_spawned":[7,16,22,31,33,36,39,41,44],"ascension_level":6}