{"gold_per_floor":[110,124,140,140,159,159,192,192,246,273,306,306,6,41,41,136,136,119,138,152,77,92,92,124,124,124,152,171,171,197,197,197,197],"floor_reached":33,"playtime":1524,"items_purged":[],"score":388,"play_id":"57f58a21-2196-4f3f-9f08-feb6a594b2ac","local_time":"20190604200628","is_ascension_mode":true,"campfire_choices":[{"data":"Disarm","floor":6.0,"key":"SMITH"},{"floor":15.0,"key":"REST"},{"data":"Inflame","floor":23.0,"key":"SMITH"},{"data":"Heavy Blade","floor":25.0,"key":"SMITH"},{"data":"1","floor":32.0,"key":"LIFT"}],"neow_cost":"NONE","seed_source_timestamp":3142238002525,"circlet_count":0,"master_deck":["Strike_R","Strike_R","Strike_R","Strike_R","Defend_R","Defend_R+1","Defend_R+1","Defend_R","Bash+1","Heavy Blade+1","Anger","Disarm+1","Pommel Strike","Inflame+1","Impervious","Metallicize","Impervious","Reckless Charge+1","Perfected Strike","Hemokinesis+1"],"special_seed":0,"relics":["Burning Blood","Mummified Hand","War Paint","Odd Mushroom","Juzu Bracelet","Oddly Smooth Stone","Anchor","Self Forming Clay","Busted Crown","Frozen Egg 2","Meat on the Bone","Omamori","Girya"],"potions_floor_usage":[33],"damage_taken":[{"damage":6.0,"enemies":"Cultist","floor":1.0,"turns":3.0},{"damage":10.0,"enemies":"2 Louse","floor":2.0,"turns":3.0},{"damage":7.0,"enemies":"Small Slimes","floor":3.0,"turns":3.0},{"damage":12.0,"enemies":"Looter","floor":5.0,"turns":3.0},{"damage":33.0,"enemies":"3 Sentries","floor":7.0,"turns":10.0},{"damage":16.0,"enemies":"The Mushroom Lair","floor":10.0,"turns":6.0},{"damage":13.0,"enemies":"Lagavulin","floor":11.0,"turns":6.0},{"damage":14.0,"enemies":"Gremlin Nob","floor":14.0,"turns":5.0},{"damage":8.0,"enemies":"Hexaghost","floor":16.0,"turns":9.0},{"damage":0.0,"enemies":"2 Thieves","floor":18.0,"turns":4.0},{"damage":0.0,"enemies":"3 Byrds","floor":19.0,"turns":8.0},{"damage":4.0,"enemies":"Shelled Parasite and Fungi","floor":20.0,"turns":6.0},{"damage":12.0,"enemies":"Centurion and Healer","floor":22.0,"turns":6.0},{"damage":12.0,"enemies":"Book of Stabbing","floor":24.0,"turns":5.0},{"damage":20.0,"enemies":"Slavers","floor":27.0,"turns":8.0},{"damage":0.0,"enemies":"Snecko","floor":28.0,"turns":5.0},{"damage":10.0,"enemies":"Gremlin Leader","floor":30.0,"turns":5.0},{"damage":73,"enemies":"Champ","floor":33,"turns":11}],"seed_played":"-6854000139957748592","potions_obtained":[{"floor":0.0,"key":"Block Potion"},{"floor":0.0,"key":"Dexterity Potion"},{"floor":0.0,"key":"SpeedPotion"},{"floor":2.0,"key":"Ancient Potion"},{"floor":7.0,"key":"LiquidBronze"},{"floor":10.0,"key":"Strength Potion"},{"floor":16.0,"key":"EssenceOfSteel"},{"floor":19.0,"key":"AttackPotion"},{"floor":28.0,"key":"Dexterity Potion"}],"is_trial":false,"path_per_floor":["M","M","M","?","M","R","E","?","T","?","E","?","$","E","R","B",null,"M","M","M","?","M","R","E","R","T","E","M","?","E","?","R","B"],"character_chosen":"IRONCLAD","items_purchased":["Oddly Smooth Stone","Anchor"],"campfire_rested":1,"item_purchase_floors":[13,13],"current_hp_per_floor":[80,76,75,75,69,69,42,42,42,32,25,25,25,17,41,39,80,80,80,80,80,74,74,68,68,68,54,60,60,56,56,56,0],"gold":197,"neow_bonus":"THREE_SMALL_POTIONS","is_prod":false,"is_daily":false,"chose_seed":false,"campfire_upgraded":3,"win_rate":1,"timestamp":1559696788,"path_taken":["M","?","M","?","M","R","E","?","T","?","E","?","?","E","R","BOSS","M","M","M","?","M","R","E","R","T","E","M","?","E","?","R","BOSS"],"build_version":"2019-01-23","purchased_purges":0,"victory":false,"max_hp_per_floor":[80,80,80,80,80,80,80,80,80,80,80,80,80,80,80,80,80,80,80,80,80,80,80,80,80,80,80,80,80,80,80,80,80],"card_choices":[{"not_picked":["Rupture","Havoc"],"picked":"Heavy Blade","floor":1.0},{"not_picked":["Iron Wave","Flex","Sever Soul"],"picked":"SKIP","floor":2.0},{"not_picked":["Blood for Blood","Wild Strike"],"picked":"Anger","floor":3.0},{"not_picked":["Dropkick","Fiend Fire"],"picked":"Disarm","floor":5.0},{"not_picked":["Clash","Flex"],"picked":"Pommel Strike","floor":7.0},{"not_picked":["Armaments","Warcry"],"picked":"Inflame","floor":10.0},{"not_picked":["Infernal Blade","Warcry"],"picked":"Impervious","floor":11.0},{"not_picked":["Whirlwind","Warcry"],"picked":"Metallicize","floor":14.0},{"not_picked":["Bludgeon","Brutality"],"picked":"Impervious","floor":16.0},{"not_picked":["Flex"],"picked":"SKIP","floor":18.0},{"not_picked":["Anger"],"picked":"SKIP","floor":19.0},{"not_picked":[],"picked":"Reckless Charge+1","floor":20.0},{"not_picked":["Wild Strike"],"picked":"SKIP","floor":22.0},{"not_picked":["Second Wind"],"picked":"SKIP","floor":24.0},{"not_picked":[],"picked":"Perfected Strike","floor":27.0},{"not_picked":["Clash+1"],"picked":"SKIP","floor":28.0},{"not_picked":[],"picked":"Hemokinesis+1","floor":30.0}],"player_experience":10015,"relics_obtained":[{"floor":7.0,"key":"Mummified Hand"},{"floor":9.0,"key":"War Paint"},{"floor":10.0,"key":"Odd Mushroom"},{"floor":11.0,"key":"Juzu Bracelet"},{"floor":14.0,"key":"Self Forming Clay"},{"floor":24.0,"key":"Frozen Egg 2"},{"floor":26.0,"key":"Meat on the Bone"},{"floor":27.0,"key":"Omamori"},{"floor":30.0,"key":"Girya"}],"event_choices":[{"damage_healed":0.0,"max_hp_gain":0.0,"max_hp_loss":0.0,"gold_gain":0.0,"event_name":"Living Wall","player_choice":"Grow","floor":4.0,"gold_loss":0.0,"damage_taken":0.0,"cards_upgraded":["Bash"]},{"damage_healed":0.0,"max_hp_gain":0.0,"max_hp_loss":0.0,"gold_gain":0.0,"event_name":"Dead Adventurer","player_choice":"Searched \u00270\u0027 times","floor":8.0,"gold_loss":0.0,"damage_taken":0.0},{"damage_healed":0.0,"max_hp_gain":0.0,"max_hp_loss":0.0,"gold_gain":0.0,"event_name":"Mushrooms","player_choice":"Fought Mushrooms","floor":10.0,"gold_loss":0.0,"damage_taken":0.0},{"damage_healed":0.0,"max_hp_gain":0.0,"max_hp_loss":0.0,"gold_gain":0.0,"event_name":"Golden Idol","player_choice":"Ignored","floor":12.0,"gold_loss":0.0,"damage_taken":0.0},{"cards_removed":["Strike_R"],"damage_healed":0.0,"max_hp_gain":0.0,"max_hp_loss":0.0,"gold_gain":0.0,"event_name":"Beggar","player_choice":"Gave Gold","floor":21.0,"gold_loss":75.0,"damage_taken":0.0},{"damage_healed":0.0,"max_hp_gain":0.0,"max_hp_loss":0.0,"gold_gain":0.0,"event_name":"The Mausoleum","player_choice":"Ignored","floor":29.0,"gold_loss":0.0,"damage_taken":0.0},{"damage_healed":0.0,"max_hp_gain":0.0,"max_hp_loss":0.0,"gold_gain":0.0,"event_name":"Cursed Tome","player_choice":"Ignored","floor":31.0,"gold_loss":0.0,"damage_taken":0.0}],"is_beta":false,"boss_relics":[{"not_picked":["Orrery","White Beast Statue"],"picked":"Busted Crown"}],"items_purged_floors":[],"is_endless":false,"potions_floor_spawned":[1,2,7,10,16,19,22,28],"killed_by":"Champ","ascension_level":4}