{"gold_per_floor":[114,129,7,19,34,34,62,77,77,77,77,94,94,94,94,94],"floor_reached":16,"playtime":525,"items_purged":["Strike_R"],"score":107,"play_id":"78c9a3ad-df80-46f1-95e6-fd7ae9526fee","local_time":"20190419212609","is_ascension_mode":true,"campfire_choices":[{"data":"Shrug It Off","floor":6,"key":"SMITH"},{"data":"Disarm","floor":10,"key":"SMITH"},{"data":"Shockwave","floor":15,"key":"SMITH"}],"neow_cost":"NONE","seed_source_timestamp":38373942459115,"circlet_count":0,"master_deck":["Strike_R","Strike_R","Strike_R","Strike_R","Defend_R","Defend_R","Defend_R","Defend_R","Bash","Cleave","Feel No Pain","Seeing Red","Shrug It Off+1","True Grit","Twin Strike","Disarm+1","Shockwave+1","Cleave"],"relics":["Burning Blood","Sundial","WingedGreaves","Kunai","NlothsMask"],"potions_floor_usage":[7,16,16,16],"damage_taken":[{"damage":11,"enemies":"Jaw Worm","floor":1,"turns":3},{"damage":2,"enemies":"Small Slimes","floor":2,"turns":3},{"damage":2,"enemies":"Cultist","floor":4,"turns":4},{"damage":23,"enemies":"Exordium Wildlife","floor":5,"turns":7},{"damage":29,"enemies":"Gremlin Nob","floor":7,"turns":5},{"damage":5,"enemies":"Looter","floor":8,"turns":4},{"damage":0,"enemies":"3 Louse","floor":12,"turns":3},{"damage":48,"enemies":"The Guardian","floor":16,"turns":12}],"seed_played":"7831109467354100803","potions_obtained":[{"floor":4,"key":"Explosive Potion"},{"floor":5,"key":"Weak Potion"},{"floor":7,"key":"EssenceOfSteel"},{"floor":8,"key":"SpeedPotion"}],"is_trial":false,"path_per_floor":["M","M","$","M","M","R","E","M","T","R","?","M","$","?","R","B"],"character_chosen":"IRONCLAD","items_purchased":["Shrug It Off"],"campfire_rested":0,"item_purchase_floors":[3],"current_hp_per_floor":[75,79,79,80,63,63,40,41,41,41,41,47,47,47,47,0],"gold":94,"neow_bonus":"THREE_CARDS","is_prod":false,"is_daily":false,"chose_seed":false,"campfire_upgraded":3,"win_rate":0,"timestamp":1555680369,"path_taken":["M","M","$","M","M","R","E","M","T","R","?","M","$","?","R","BOSS"],"build_version":"2019-01-23","purchased_purges":1,"victory":false,"max_hp_per_floor":[80,80,80,80,80,80,80,80,80,80,80,80,80,80,80,80],"card_choices":[{"not_picked":["Perfected Strike","Heavy Blade"],"picked":"Cleave","floor":0},{"not_picked":["Iron Wave","Perfected Strike"],"picked":"Feel No Pain","floor":1},{"not_picked":["Pommel Strike","Inflame"],"picked":"Seeing Red","floor":2},{"not_picked":["Pommel Strike","Cleave"],"picked":"True Grit","floor":4},{"not_picked":["Sentinel","Headbutt"],"picked":"Twin Strike","floor":5},{"not_picked":["Clash","Bloodletting"],"picked":"Disarm","floor":7},{"not_picked":["Body Slam","Corruption"],"picked":"Shockwave","floor":8},{"not_picked":["Perfected Strike","Searing Blow"],"picked":"Cleave","floor":12}],"player_experience":86239,"relics_obtained":[{"floor":7,"key":"Sundial"},{"floor":9,"key":"WingedGreaves"}],"event_choices":[{"damage_healed":0,"gold_gain":0,"player_choice":"Searched \u00271\u0027 times","damage_taken":0,"relics_obtained":["Kunai"],"max_hp_gain":0,"max_hp_loss":0,"event_name":"Dead Adventurer","floor":11,"gold_loss":0},{"damage_healed":0,"gold_gain":0,"player_choice":"Trade","damage_taken":0,"relics_obtained":["NlothsMask"],"max_hp_gain":0,"max_hp_loss":0,"event_name":"FaceTrader","floor":14,"gold_loss":0}],"is_beta":false,"boss_relics":[],"items_purged_floors":[3],"is_endless":false,"potions_floor_spawned":[4,5,7,8],"killed_by":"The Guardian","ascension_level":1}