{"gold_per_floor":[118,118,138,151,167,167,342,373,424,424,499,499,514,43,43,120,120,131,143,43,43,43,56,73,73,73,73,83,15,15,31,31,31],"floor_reached":33,"playtime":2744,"items_purged":["Strike_B","Doubt"],"score":445,"play_id":"0b9dd01b-bc65-41de-a0b3-23d34f38ef9c","local_time":"20190823175940","is_ascension_mode":true,"campfire_choices":[{"floor":6.0,"key":"REST"},{"floor":10.0,"key":"REST"},{"data":"Coolheaded","floor":12.0,"key":"SMITH"},{"data":"Loop","floor":15.0,"key":"SMITH"},{"floor":27.0,"key":"REST"},{"data":"Auto Shields","floor":30,"key":"SMITH"},{"floor":32,"key":"REST"}],"neow_cost":"NONE","seed_source_timestamp":22187544242605,"circlet_count":0,"master_deck":["AscendersBane","Strike_B","Strike_B","Strike_B","Defend_B","Defend_B","Defend_B","Defend_B","Zap","Dualcast","Sunder","Cold Snap","Coolheaded+1","Self Repair","Loop+1","Ball Lightning","Cold Snap","Loop","Machine Learning","Cold Snap","Auto Shields+1","Gash","Doubt","Cold Snap+1"],"special_seed":0,"relics":["Cracked Core","Bottled Lightning","Art of War","DollysMirror","Regal Pillow","Cursed Key","MutagenicStrength","Molten Egg 2","Lantern"],"potions_floor_usage":[28,33],"damage_taken":[{"damage":4.0,"enemies":"2 Louse","floor":1.0,"turns":3.0},{"damage":0.0,"enemies":"Cultist","floor":3.0,"turns":2.0},{"damage":10.0,"enemies":"Small Slimes","floor":4.0,"turns":3.0},{"damage":9.0,"enemies":"Exordium Wildlife","floor":5.0,"turns":5.0},{"damage":28.0,"enemies":"Gremlin Nob","floor":8.0,"turns":5.0},{"damage":8.0,"enemies":"Looter","floor":13.0,"turns":3.0},{"damage":54.0,"enemies":"Hexaghost","floor":16.0,"turns":16.0},{"damage":20.0,"enemies":"Shell Parasite","floor":18.0,"turns":7.0},{"damage":2.0,"enemies":"Spheric Guardian","floor":19.0,"turns":5.0},{"damage":14.0,"enemies":"Snake Plant","floor":23.0,"turns":5.0},{"damage":28.0,"enemies":"Cultist and Chosen","floor":24.0,"turns":8.0},{"damage":14,"enemies":"Snecko","floor":28,"turns":6},{"damage":16,"enemies":"Centurion and Healer","floor":31,"turns":8},{"damage":87,"enemies":"Champ","floor":33,"turns":11}],"seed_played":"-4390787519981929451","potions_obtained":[{"floor":1.0,"key":"PowerPotion"},{"floor":2.0,"key":"PowerPotion"},{"floor":8.0,"key":"PowerPotion"},{"floor":13.0,"key":"Strength Potion"},{"floor":16.0,"key":"EssenceOfSteel"},{"floor":23.0,"key":"Regen Potion"},{"floor":24.0,"key":"Ancient Potion"},{"floor":31,"key":"PowerPotion"}],"is_trial":false,"path_per_floor":["M","?","M","M","M","R","?","E","T","R","?","R","M","$","R","B",null,"M","M","$","?","?","M","M","?","T","R","M","?","R","M","R","B"],"character_chosen":"DEFECT","items_purchased":["Cold Snap","DollysMirror","Regal Pillow"],"campfire_rested":4,"item_purchase_floors":[14,14,14],"current_hp_per_floor":[67,67,67,57,48,71,71,50,50,73,62,62,61,61,61,14,62,49,54,54,54,54,47,41,41,41,78,64,64,64,55,78,0],"gold":31,"neow_bonus":"TEN_PERCENT_HP_BONUS","is_prod":false,"is_daily":false,"chose_seed":false,"campfire_upgraded":3,"win_rate":0,"timestamp":1566579580,"path_taken":["M","?","M","?","M","R","?","E","T","R","?","R","M","$","R","BOSS","M","M","$","?","?","M","M","?","T","R","M","?","R","M","R","BOSS"],"build_version":"2019-07-17","purchased_purges":2,"victory":false,"max_hp_per_floor":[78,78,78,78,78,78,78,78,78,78,78,78,78,78,78,78,78,78,78,78,78,78,78,78,78,78,78,78,78,78,78,78,78],"card_choices":[{"not_picked":["Conserve Battery","Ball Lightning"],"picked":"Sunder","floor":1.0},{"not_picked":["Rebound","Ball Lightning"],"picked":"Cold Snap","floor":3.0},{"not_picked":["Melter","Undo"],"picked":"Coolheaded","floor":4.0},{"not_picked":["Leap","Streamline"],"picked":"Self Repair","floor":5.0},{"not_picked":["Stack","Loop","Fission"],"picked":"SKIP","floor":8.0},{"not_picked":["Stack","Fission"],"picked":"Loop","floor":8.0},{"not_picked":["Skim","Steam Power"],"picked":"Ball Lightning","floor":13.0},{"not_picked":["Rainbow","Echo Form"],"picked":"Machine Learning","floor":16.0},{"not_picked":["Genetic Algorithm","Coolheaded"],"picked":"Cold Snap","floor":18.0},{"not_picked":["Steam","Turbo","Coolheaded"],"picked":"SKIP","floor":19.0},{"not_picked":["Sweeping Beam","Recycle"],"picked":"Auto Shields","floor":23.0},{"not_picked":["Beam Cell","Sweeping Beam"],"picked":"Gash","floor":24.0},{"not_picked":["Steam","Leap"],"picked":"Cold Snap+1","floor":28},{"not_picked":["Coolheaded","Recycle","Leap"],"picked":"SKIP","floor":31}],"player_experience":540326,"relics_obtained":[{"floor":8.0,"key":"Bottled Lightning"},{"floor":9.0,"key":"Art of War"},{"floor":26.0,"key":"Molten Egg 2"}],"event_choices":[{"damage_healed":0.0,"max_hp_gain":0.0,"max_hp_loss":0.0,"gold_gain":0.0,"event_name":"Lab","player_choice":"Got Potions","floor":2.0,"gold_loss":0.0,"damage_taken":0.0},{"damage_healed":0.0,"max_hp_gain":0.0,"max_hp_loss":0.0,"gold_gain":175.0,"event_name":"Liars Game","player_choice":"AGREE","floor":7.0,"gold_loss":0.0,"damage_taken":0.0,"cards_obtained":["Doubt"]},{"damage_healed":0.0,"max_hp_gain":0.0,"max_hp_loss":0.0,"gold_gain":75.0,"event_name":"World of Goop","player_choice":"Gather Gold","floor":11.0,"gold_loss":0.0,"damage_taken":11.0},{"damage_healed":0.0,"max_hp_gain":0.0,"max_hp_loss":0.0,"gold_gain":0.0,"event_name":"Drug Dealer","player_choice":"Inject Mutagens","floor":22.0,"gold_loss":0.0,"damage_taken":0.0,"relics_obtained":["MutagenicStrength"]},{"damage_healed":0.0,"max_hp_gain":0.0,"max_hp_loss":0.0,"gold_gain":0.0,"event_name":"Vampires","player_choice":"Ignored","floor":25.0,"gold_loss":0.0,"damage_taken":0.0},{"damage_healed":0,"gold_gain":0,"player_choice":"Paid Gold","damage_taken":0,"relics_obtained":["Lantern"],"max_hp_gain":0,"max_hp_loss":0,"event_name":"WeMeetAgain","floor":29,"gold_loss":68}],"is_beta":false,"boss_relics":[{"not_picked":["Velvet Choker","Fusion Hammer"],"picked":"Cursed Key"}],"items_purged_floors":[14,20],"is_endless":false,"potions_floor_spawned":[1,8,13,16,23,24,31],"killed_by":"Champ","ascension_level":14}