{"gold_per_floor":[119,119,134,134,134,147,161,177,202,212,222,13,13,13,13,13],"floor_reached":16,"playtime":583,"items_purged":[],"score":99,"play_id":"93eba9d5-cd7d-4b04-b158-6270b97e2e6f","local_time":"20190418175500","is_ascension_mode":true,"campfire_choices":[{"data":"Electrodynamics","floor":13,"key":"SMITH"},{"data":"Conserve Battery","floor":15,"key":"SMITH"}],"neow_cost":"NONE","seed_source_timestamp":198850195826402,"circlet_count":0,"master_deck":["Strike_B+1","Strike_B","Strike_B","Strike_B","Defend_B","Defend_B+1","Defend_B+1","Defend_B","Zap","Dualcast+1","Glacier","Conserve Battery+1","Hyperbeam","Zap","Static Discharge","Rip and Tear","Skim+1","Fusion","Cold Snap","Electrodynamics+1","Streamline"],"relics":["Philosopher\u0027s Stone","War Paint"],"potions_floor_usage":[16,16,16],"damage_taken":[{"damage":6,"enemies":"Small Slimes","floor":1,"turns":4},{"damage":9,"enemies":"Jaw Worm","floor":3,"turns":4},{"damage":0,"enemies":"Cultist","floor":6,"turns":3},{"damage":10,"enemies":"Large Slime","floor":7,"turns":9},{"damage":0,"enemies":"2 Fungi Beasts","floor":8,"turns":3},{"damage":0,"enemies":"Gremlin Gang","floor":10,"turns":1},{"damage":11,"enemies":"Looter","floor":11,"turns":3},{"damage":28,"enemies":"Hexaghost","floor":16,"turns":10}],"seed_played":"-2684059602427715549","potions_obtained":[{"floor":1,"key":"EssenceOfSteel"},{"floor":7,"key":"FearPotion"},{"floor":10,"key":"SkillPotion"}],"is_trial":false,"path_per_floor":["M","?","M","?","?","M","M","M","T","M","M","$","R","$","R","B"],"character_chosen":"DEFECT","items_purchased":["Electrodynamics","Streamline"],"campfire_rested":0,"item_purchase_floors":[12,12],"current_hp_per_floor":[69,54,45,45,45,45,35,35,35,35,24,24,24,24,24,0],"gold":13,"neow_bonus":"BOSS_RELIC","is_prod":false,"is_daily":false,"chose_seed":false,"campfire_upgraded":2,"win_rate":0,"timestamp":1555581300,"path_taken":["M","?","M","?","?","M","M","M","T","M","?","$","R","$","R","BOSS"],"build_version":"2019-01-23","purchased_purges":0,"victory":false,"max_hp_per_floor":[75,75,75,75,75,75,75,75,75,75,75,75,75,75,75,75],"card_choices":[{"not_picked":["Stack","Steam"],"picked":"Glacier","floor":1},{"not_picked":["Aggregate","Ball Lightning"],"picked":"Conserve Battery","floor":3},{"not_picked":["Go for the Eyes","Rebound"],"picked":"Static Discharge","floor":6},{"not_picked":["Coolheaded","Skim"],"picked":"Rip and Tear","floor":7},{"not_picked":["Steam","Steam Power"],"picked":"Skim","floor":8},{"not_picked":["Stack","Redo"],"picked":"Fusion","floor":10},{"not_picked":["Compile Driver","Sweeping Beam"],"picked":"Cold Snap","floor":11}],"player_experience":66601,"relics_obtained":[{"floor":9,"key":"War Paint"}],"event_choices":[{"damage_healed":0,"gold_gain":0,"player_choice":"Entered Light","damage_taken":15,"max_hp_gain":0,"max_hp_loss":0,"event_name":"Shining Light","floor":2,"gold_loss":0,"cards_upgraded":["Defend_B","Strike_B"]},{"damage_healed":0,"gold_gain":0,"player_choice":"Grow","damage_taken":0,"max_hp_gain":0,"max_hp_loss":0,"event_name":"Living Wall","floor":4,"gold_loss":0,"cards_upgraded":["Dualcast"]},{"damage_healed":0,"gold_gain":0,"player_choice":"2 cards matched","damage_taken":0,"max_hp_gain":0,"max_hp_loss":0,"event_name":"Match and Keep!","floor":5,"gold_loss":0,"cards_obtained":["Hyperbeam","Zap"]}],"is_beta":false,"boss_relics":[],"items_purged_floors":[],"is_endless":false,"potions_floor_spawned":[1,7,10],"killed_by":"Hexaghost","ascension_level":1}