{"gold_per_floor":[114,124,124,14,14,14,43,63,141,153,153,188,188,199,199,199],"floor_reached":16,"playtime":676,"items_purged":["Strike_R"],"score":116,"play_id":"61c08fa1-3582-46e3-b6d8-c1844cfc5ca4","local_time":"20190418174501","is_ascension_mode":true,"campfire_choices":[{"data":"Flame Barrier","floor":6,"key":"SMITH"},{"floor":13,"key":"REST"},{"data":"Flame Barrier","floor":15,"key":"SMITH"}],"neow_cost":"NONE","seed_source_timestamp":194623383808962,"circlet_count":0,"master_deck":["Strike_R","Defend_R","Defend_R","Defend_R","Defend_R","Bash","Armaments","Flame Barrier+1","Feed","Iron Wave","Flame Barrier+1","Flex","Pommel Strike"],"relics":["Empty Cage","Red Skull","Question Card","Self Forming Clay","Sundial","Paper Frog"],"potions_floor_usage":[2,12],"damage_taken":[{"damage":12,"enemies":"Small Slimes","floor":1,"turns":4},{"damage":1,"enemies":"Jaw Worm","floor":2,"turns":3},{"damage":35,"enemies":"Lagavulin","floor":7,"turns":9},{"damage":0,"enemies":"Cultist","floor":8,"turns":4},{"damage":7,"enemies":"Exordium Thugs","floor":10,"turns":6},{"damage":20,"enemies":"Gremlin Nob","floor":12,"turns":5},{"damage":0,"enemies":"Lots of Slimes","floor":14,"turns":4},{"damage":48,"enemies":"Slime Boss","floor":16,"turns":9}],"seed_played":"-1859011519005538191","potions_obtained":[{"floor":1,"key":"Poison Potion"},{"floor":8,"key":"Energy Potion"}],"is_trial":false,"path_per_floor":["M","M","?","$","?","R","E","M","T","M","T","E","R","M","R","B"],"character_chosen":"IRONCLAD","items_purchased":["Flame Barrier"],"campfire_rested":1,"item_purchase_floors":[4],"current_hp_per_floor":[68,67,67,67,67,67,32,36,36,32,32,12,38,41,41,0],"gold":199,"neow_bonus":"BOSS_RELIC","is_prod":false,"is_daily":false,"chose_seed":false,"campfire_upgraded":2,"win_rate":0,"timestamp":1555580701,"path_taken":["M","M","?","$","?","R","E","?","T","M","?","E","R","?","R","BOSS"],"build_version":"2019-01-23","purchased_purges":1,"victory":false,"max_hp_per_floor":[80,80,80,80,80,80,80,84,84,87,87,87,87,90,90,90],"card_choices":[{"not_picked":["Reckless Charge","Thunderclap"],"picked":"Anger","floor":1},{"not_picked":["Sword Boomerang","Wild Strike"],"picked":"Armaments","floor":2},{"not_picked":["Spot Weakness","Havoc"],"picked":"Feed","floor":7},{"not_picked":["Headbutt","Searing Blow","Cleave"],"picked":"Iron Wave","floor":8},{"not_picked":["Armaments","Ghostly Armor","Clash"],"picked":"Flame Barrier","floor":10},{"not_picked":["Shrug It Off","Sword Boomerang","Bludgeon"],"picked":"Flex","floor":12},{"not_picked":["Twin Strike","Power Through","Clash"],"picked":"Pommel Strike","floor":14}],"player_experience":65925,"relics_obtained":[{"floor":7,"key":"Question Card"},{"floor":9,"key":"Self Forming Clay"},{"floor":11,"key":"Sundial"},{"floor":12,"key":"Paper Frog"}],"event_choices":[{"cards_removed":["Strike_R"],"damage_healed":0,"gold_gain":0,"player_choice":"Forget","damage_taken":0,"max_hp_gain":0,"max_hp_loss":0,"event_name":"Living Wall","floor":3,"gold_loss":0},{"cards_removed":["Anger"],"damage_healed":0,"gold_gain":0,"player_choice":"Gave Card","damage_taken":0,"relics_obtained":["Red Skull"],"max_hp_gain":0,"max_hp_loss":0,"event_name":"WeMeetAgain","floor":5,"gold_loss":0}],"is_beta":false,"boss_relics":[],"items_purged_floors":[4],"is_endless":false,"potions_floor_spawned":[1,8],"killed_by":"Slime Boss","ascension_level":1}