{"gold_per_floor":[366,379,123,73,73,73,73,97,97,166,182,207,221,241,241,361,361,381,59,72,87,105,105,143,143,143,143,162,162,178,24,24,24],"floor_reached":33,"playtime":1987,"items_purged":["Strike_B"],"score":391,"play_id":"d315f98b-a34c-483c-8346-279c2c1fc4ea","local_time":"20190331153034","is_ascension_mode":true,"campfire_choices":[{"data":"Zap","floor":6.0,"key":"SMITH"},{"floor":15.0,"key":"REST"},{"floor":23.0,"key":"REST"},{"floor":25,"key":"REST"},{"data":"Go for the Eyes","floor":32,"key":"SMITH"}],"neow_cost":"TEN_PERCENT_HP_LOSS","seed_source_timestamp":309872171965859,"circlet_count":0,"master_deck":["AscendersBane","Strike_B","Strike_B","Defend_B","Zap+1","Dualcast","Coolheaded","Chill","Capacitor","Sweeping Beam","Genetic Algorithm","Electrodynamics","Self Repair","Machine Learning","Stack+1","Genetic Algorithm+1","Defragment+1","Go for the Eyes+1","Compile Driver","Cold Snap","Tempest","Seek","Rebound","Glacier"],"special_seed":0,"relics":["Cracked Core","Pen Nib","Bloody Idol","Kunai","Mercury Hourglass","Astrolabe","Peace Pipe","Nunchaku","Shuriken","Spirit Poop","Bag of Marbles"],"potions_floor_usage":[33,33],"damage_taken":[{"damage":13.0,"enemies":"Small Slimes","floor":1.0,"turns":4.0},{"damage":5.0,"enemies":"2 Louse","floor":2.0,"turns":2.0},{"damage":0.0,"enemies":"Jaw Worm","floor":8.0,"turns":5.0},{"damage":6.0,"enemies":"Exordium Wildlife","floor":11.0,"turns":4.0},{"damage":0.0,"enemies":"Lots of Slimes","floor":12.0,"turns":3.0},{"damage":9.0,"enemies":"Exordium Thugs","floor":13.0,"turns":5.0},{"damage":11.0,"enemies":"Blue Slaver","floor":14.0,"turns":3.0},{"damage":6.0,"enemies":"Slime Boss","floor":16.0,"turns":7.0},{"damage":22.0,"enemies":"Chosen","floor":18.0,"turns":6.0},{"damage":2.0,"enemies":"3 Byrds","floor":20.0,"turns":2.0},{"damage":24.0,"enemies":"Snecko","floor":21.0,"turns":6.0},{"damage":4.0,"enemies":"Cultist and Chosen","floor":22.0,"turns":7.0},{"damage":45.0,"enemies":"Book of Stabbing","floor":24.0,"turns":8.0},{"damage":0,"enemies":"3 Cultists","floor":28,"turns":2},{"damage":24,"enemies":"Snake Plant","floor":30,"turns":5},{"damage":51,"enemies":"Champ","floor":33,"turns":10}],"seed_played":"-7611632121800084688","potions_obtained":[{"floor":1.0,"key":"Dexterity Potion"},{"floor":11.0,"key":"SpeedPotion"},{"floor":13.0,"key":"FearPotion"},{"floor":18.0,"key":"Explosive Potion"},{"floor":20.0,"key":"EntropicBrew"},{"floor":30,"key":"Dexterity Potion"}],"is_trial":false,"path_per_floor":["M","M","$","?","$","R","?","M","T","T","M","M","M","M","R","B",null,"M","$","M","M","M","R","E","R","T","?","M","?","M","$","R","B"],"character_chosen":"DEFECT","items_purchased":["Pen Nib","Capacitor","Peace Pipe","Compile Driver","Bag of Marbles"],"campfire_rested":3,"item_purchase_floors":[3,3,19,19,31],"current_hp_per_floor":[55,50,50,50,50,50,50,50,50,50,44,44,35,24,44,45,62,47,47,52,35,38,58,20,40,40,40,52,52,40,40,40,0],"gold":24,"neow_bonus":"TWO_FIFTY_GOLD","is_prod":false,"is_daily":false,"chose_seed":false,"campfire_upgraded":2,"win_rate":0,"timestamp":1554060634,"path_taken":["M","M","$","?","$","R","?","M","T","?","?","?","M","M","R","BOSS","M","$","M","M","M","R","E","R","T","?","M","?","?","?","R","BOSS"],"build_version":"2019-01-23","purchased_purges":1,"victory":false,"max_hp_per_floor":[68,68,68,68,68,68,68,68,68,68,68,68,68,68,68,68,68,68,68,68,68,68,68,68,68,68,68,68,68,68,68,68,68],"card_choices":[{"not_picked":["FTL","Compile Driver"],"picked":"Coolheaded","floor":1.0},{"not_picked":["Beam Cell","Turbo"],"picked":"Chill","floor":2.0},{"not_picked":["Coolheaded","Darkness"],"picked":"Sweeping Beam","floor":8.0},{"not_picked":["Coolheaded","Hologram","Stack"],"picked":"SKIP","floor":11.0},{"not_picked":["Storm","Hologram"],"picked":"Genetic Algorithm","floor":12.0},{"not_picked":["Scrape","Hologram"],"picked":"Electrodynamics","floor":13.0},{"not_picked":["Steam","Aggregate"],"picked":"Self Repair","floor":14.0},{"not_picked":["Buffer","Multi-Cast"],"picked":"Machine Learning","floor":16.0},{"not_picked":["Coolheaded","Conserve Battery+1"],"picked":"Go for the Eyes","floor":18.0},{"not_picked":["Storm+1","Compile Driver"],"picked":"Cold Snap","floor":20.0},{"not_picked":["Stack","Conserve Battery","Redo"],"picked":"SKIP","floor":21.0},{"not_picked":["Coolheaded","Go for the Eyes"],"picked":"Tempest","floor":22.0},{"not_picked":["Conserve Battery","Barrage+1"],"picked":"Seek","floor":24},{"not_picked":["Stack","Hologram"],"picked":"Rebound","floor":28},{"not_picked":["Compile Driver","Darkness"],"picked":"Glacier","floor":30}],"player_experience":525569,"relics_obtained":[{"floor":9.0,"key":"Kunai"},{"floor":10.0,"key":"Mercury Hourglass"},{"floor":24,"key":"Nunchaku"},{"floor":26,"key":"Shuriken"}],"event_choices":[{"cards_removed":["Defend_B"],"damage_healed":0.0,"max_hp_gain":0.0,"max_hp_loss":0.0,"gold_gain":0.0,"event_name":"The Cleric","player_choice":"Card Removal","floor":4.0,"gold_loss":50.0,"damage_taken":0.0},{"damage_healed":0.0,"max_hp_gain":0.0,"max_hp_loss":0.0,"gold_gain":0.0,"event_name":"Golden Idol","player_choice":"Take Wound","floor":7.0,"gold_loss":0.0,"damage_taken":0.0,"relics_obtained":["Golden Idol"],"cards_obtained":["Injury"]},{"damage_healed":0,"gold_gain":0,"player_choice":"Gave Idol","damage_taken":0,"relics_obtained":["Bloody Idol"],"max_hp_gain":0,"max_hp_loss":0,"event_name":"Forgotten Altar","floor":27,"relics_lost":["Golden Idol"],"gold_loss":0},{"cards_removed":["Injury"],"damage_healed":0,"gold_gain":0,"player_choice":"Offered Curse","damage_taken":0,"relics_obtained":["Spirit Poop"],"max_hp_gain":0,"max_hp_loss":0,"event_name":"Bonfire Elementals","floor":29,"gold_loss":0}],"is_beta":false,"boss_relics":[{"not_picked":["Runic Dome","Snecko Eye"],"picked":"Astrolabe"}],"items_purged_floors":[3],"is_endless":false,"potions_floor_spawned":[1,11,13,18,20,30],"killed_by":"Champ","ascension_level":10}