{"gold_per_floor":[113,74,74,86,99,99,129,129,182,182,56,73,86,12,12,107,107,89,18,34,34,45,45,45],"floor_reached":24,"playtime":1188,"items_purged":["Strike_G"],"score":196,"play_id":"bc24aff8-a852-47e8-8136-9f32ef575d56","local_time":"20190412131043","is_ascension_mode":false,"campfire_choices":[{"data":"Venomology","floor":6,"key":"SMITH"},{"data":"Calculated Gamble","floor":8,"key":"SMITH"},{"floor":10,"key":"REST"},{"data":"Cloak And Dagger","floor":15,"key":"SMITH"},{"data":"Adrenaline","floor":23,"key":"SMITH"}],"neow_cost":"NONE","seed_source_timestamp":101905061282504,"circlet_count":0,"master_deck":["Defend_G","Defend_G","Defend_G","Defend_G","Defend_G","Strike_G","Strike_G","Strike_G","Strike_G","Survivor","Neutralize","Accuracy","Venomology+1","Cloak And Dagger+1","Prepared","Calculated Gamble+1","Acrobatics","Underhanded Strike","Escape Plan","Backstab","Backflip","Adrenaline+1","Slice","Underhanded Strike","Blade Dance","Backflip","Blade Dance"],"relics":["Ring of the Snake","NeowsBlessing","Oddly Smooth Stone","Happy Flower","HoveringKite"],"potions_floor_usage":[7,7,12,13,16,16,18,18,20,22,22],"damage_taken":[{"damage":0,"enemies":"2 Louse","floor":1,"turns":1},{"damage":0,"enemies":"Cultist","floor":4,"turns":1},{"damage":0,"enemies":"Jaw Worm","floor":5,"turns":1},{"damage":34,"enemies":"Gremlin Nob","floor":7,"turns":6},{"damage":0,"enemies":"3 Louse","floor":12,"turns":6},{"damage":7,"enemies":"Blue Slaver","floor":13,"turns":6},{"damage":4,"enemies":"The Guardian","floor":16,"turns":13},{"damage":14,"enemies":"2 Thieves","floor":18,"turns":4},{"damage":13,"enemies":"Chosen","floor":20,"turns":6},{"damage":24,"enemies":"Centurion and Healer","floor":22,"turns":8},{"damage":7,"enemies":"Shelled Parasite and Fungi","floor":24,"turns":2}],"seed_played":"-2512468958873886318","potions_obtained":[{"floor":5,"key":"EssenceOfSteel"},{"floor":12,"key":"GamblersBrew"},{"floor":13,"key":"LiquidBronze"},{"floor":16,"key":"Weak Potion"},{"floor":18,"key":"Energy Potion"}],"is_trial":false,"path_per_floor":["M","?","?","M","M","R","E","R","T","R","$","M","M","$","R","B",null,"M","$","M","?","M","R","M"],"character_chosen":"THE_SILENT","items_purchased":["Underhanded Strike","Backflip","Fire Potion","Underhanded Strike","Blade Dance"],"campfire_rested":1,"item_purchase_floors":[11,14,14,19,19],"current_hp_per_floor":[70,70,70,70,70,70,36,36,36,57,57,57,50,50,50,46,70,56,56,43,30,6,6,0],"gold":45,"neow_bonus":"THREE_ENEMY_KILL","is_prod":false,"is_daily":false,"chose_seed":false,"campfire_upgraded":4,"win_rate":0.0,"timestamp":1555045843,"path_taken":["M","?","?","?","M","R","E","R","T","R","?","M","M","$","R","BOSS","M","$","M","?","M","R","M"],"build_version":"2019-01-23","purchased_purges":1,"victory":false,"max_hp_per_floor":[70,70,70,70,70,70,70,70,70,70,70,70,70,70,70,70,70,70,70,70,75,75,75,75],"card_choices":[{"not_picked":["Cloak And Dagger","Backflip"],"picked":"Accuracy","floor":1},{"not_picked":["Endless Agony","Caltrops"],"picked":"Prepared","floor":4},{"not_picked":["Dodge and Roll","Underhanded Strike"],"picked":"Calculated Gamble","floor":5},{"not_picked":["Tools of the Trade","Deadly Poison"],"picked":"Acrobatics","floor":7},{"not_picked":["Bouncing Flask","Sucker Punch"],"picked":"Escape Plan","floor":12},{"not_picked":["Eviscerate","All Out Attack"],"picked":"Backstab","floor":13},{"not_picked":["Unload","Bullet Time"],"picked":"Adrenaline","floor":16},{"not_picked":["Quick Slash","Accuracy+1"],"picked":"Slice","floor":18},{"not_picked":["Calculated Gamble","Outmaneuver"],"picked":"Backflip","floor":20},{"not_picked":["Poisoned Stab","Dagger Throw"],"picked":"Blade Dance","floor":22}],"player_experience":42638,"relics_obtained":[{"floor":7,"key":"Oddly Smooth Stone"},{"floor":9,"key":"Happy Flower"}],"event_choices":[{"damage_healed":0,"gold_gain":0,"player_choice":"Left Gold","damage_taken":0,"max_hp_gain":0,"max_hp_loss":0,"event_name":"World of Goop","floor":2,"gold_loss":39},{"damage_healed":0,"gold_gain":0,"player_choice":"2 cards matched","damage_taken":0,"max_hp_gain":0,"max_hp_loss":0,"event_name":"Match and Keep!","floor":3,"gold_loss":0,"cards_obtained":["Venomology","Cloak And Dagger"]},{"damage_healed":0,"gold_gain":0,"player_choice":"Shed Blood","damage_taken":18,"max_hp_gain":5,"max_hp_loss":0,"event_name":"Forgotten Altar","floor":21,"gold_loss":0}],"is_beta":false,"boss_relics":[{"not_picked":["Runic Dome","Snecko Eye"],"picked":"HoveringKite"}],"items_purged_floors":[11],"is_endless":false,"potions_floor_spawned":[5,12,13,16,18],"killed_by":"Shelled Parasite and Fungi","ascension_level":0}