{"gold_per_floor":[118,47,122,135,135,164,188,38,38,38,57,8,24,41,41,142,142,154,204,221,238,238,238,337,46,46,81,81,101,101,111,111,207,207,220,220,220,175,175,175,186,204,204,204,224,324,338,358,358,358],"floor_reached":51,"playtime":2170,"items_purged":["Strike_B"],"score":949,"play_id":"739af23a-acbb-414c-b36a-f92932607344","local_time":"20190824031712","is_ascension_mode":true,"campfire_choices":[{"data":"Defragment","floor":10.0,"key":"SMITH"},{"floor":15.0,"key":"REST"},{"floor":23.0,"key":"REST"},{"floor":30.0,"key":"REST"},{"floor":32.0,"key":"REST"},{"floor":40.0,"key":"REST"},{"floor":44.0,"key":"REST"},{"floor":49.0,"key":"REST"}],"neow_cost":"NONE","seed_source_timestamp":1391571343085999,"circlet_count":0,"master_deck":["Defend_B","Defend_B","Defend_B","Zap","Dualcast","Ball Lightning","Defragment+1","Coolheaded","Gash","Undo","Capacitor","Go for the Eyes","Echo Form","White Noise+1","Steam Power+1","Ball Lightning+1","Gash+1","Hologram+1","Decay","Gash","Machine Learning","All For One","Coolheaded+1","Beam Cell","Flash of Steel","Coolheaded+1"],"special_seed":0,"relics":["Cracked Core","NeowsBlessing","Kunai","Odd Mushroom","Letter Opener","Astrolabe","Mango","Pocketwatch","Pen Nib","Fusion Hammer","Mummified Hand","Peace Pipe"],"potions_floor_usage":[50,50,50],"damage_taken":[{"damage":0.0,"enemies":"Small Slimes","floor":1.0,"turns":1.0},{"damage":0.0,"enemies":"Jaw Worm","floor":4.0,"turns":1.0},{"damage":0.0,"enemies":"Gremlin Nob","floor":6.0,"turns":1.0},{"damage":18.0,"enemies":"The Mushroom Lair","floor":7.0,"turns":4.0},{"damage":0.0,"enemies":"Cultist","floor":11.0,"turns":4.0},{"damage":2.0,"enemies":"Large Slime","floor":13.0,"turns":4.0},{"damage":18.0,"enemies":"Lots of Slimes","floor":14.0,"turns":4.0},{"damage":3.0,"enemies":"The Guardian","floor":16.0,"turns":11.0},{"damage":16.0,"enemies":"Chosen","floor":18.0,"turns":5.0},{"damage":11.0,"enemies":"Spheric Guardian","floor":20.0,"turns":3.0},{"damage":25.0,"enemies":"Centurion and Healer","floor":21.0,"turns":7.0},{"damage":32.0,"enemies":"Slavers","floor":27.0,"turns":5.0},{"damage":15.0,"enemies":"Snake Plant","floor":29.0,"turns":4.0},{"damage":18.0,"enemies":"Snecko","floor":31.0,"turns":5.0},{"damage":25.0,"enemies":"Champ","floor":33.0,"turns":8.0},{"damage":11.0,"enemies":"Orb Walker","floor":35.0,"turns":3.0},{"damage":10.0,"enemies":"3 Shapes","floor":41.0,"turns":5.0},{"damage":32.0,"enemies":"Writhing Mass","floor":42.0,"turns":5.0},{"damage":36.0,"enemies":"Sphere and 2 Shapes","floor":45.0,"turns":6.0},{"damage":17.0,"enemies":"Mind Bloom Boss Battle","floor":46.0,"turns":7.0},{"damage":0.0,"enemies":"Transient","floor":47.0,"turns":5.0},{"damage":0.0,"enemies":"Maw","floor":48.0,"turns":6.0},{"damage":50,"enemies":"Donu and Deca","floor":50,"turns":9}],"seed_played":"-2640216460894515830","potions_obtained":[{"floor":6.0,"key":"Energy Potion"},{"floor":7.0,"key":"Energy Potion"},{"floor":13.0,"key":"Strength Potion"},{"floor":16.0,"key":"Weak Potion"},{"floor":21.0,"key":"Poison Potion"},{"floor":27.0,"key":"AttackPotion"},{"floor":31.0,"key":"Weak Potion"},{"floor":33.0,"key":"Fire Potion"},{"floor":41.0,"key":"SpeedPotion"},{"floor":45.0,"key":"Poison Potion"},{"floor":46.0,"key":"Block Potion"},{"floor":47.0,"key":"Regen Potion"}],"is_trial":false,"path_per_floor":["M","$","?","M","?","E","?","$","T","R","M","$","M","M","R","B",null,"M","?","M","M","?","R","?","$","T","E","?","M","R","M","R","B",null,"M","$","?","$","?","R","M","M","T","R","M","?","M","M","R","B",null],"character_chosen":"DEFECT","items_purchased":["Defragment","Capacitor","Go for the Eyes","Mango","Beam Cell"],"campfire_rested":7,"item_purchase_floors":[2,8,12,25,38],"current_hp_per_floor":[68,68,57,57,57,57,39,39,39,39,39,39,37,19,41,38,66,50,50,39,14,14,36,36,50,50,18,18,3,29,11,37,12,70,59,59,59,59,59,85,75,43,43,69,33,16,16,16,42,7],"gold":358,"neow_bonus":"THREE_ENEMY_KILL","is_prod":false,"is_daily":false,"chose_seed":false,"campfire_upgraded":1,"win_rate":0,"timestamp":1566631032,"path_taken":["M","$","?","M","?","E","?","$","T","R","M","?","?","M","R","BOSS","M","?","?","M","?","R","?","$","T","E","?","M","R","M","R","BOSS","M","$","?","$","?","R","M","M","T","R","M","?","M","M","R","BOSS"],"build_version":"2019-07-17","purchased_purges":1,"victory":true,"max_hp_per_floor":[75,75,75,75,75,75,75,75,75,75,75,75,75,75,75,75,75,75,75,75,75,75,75,75,89,89,89,89,89,89,89,89,89,89,89,89,89,89,89,89,89,89,89,89,89,89,89,89,89,89],"card_choices":[{"not_picked":["Cold Snap","Go for the Eyes"],"picked":"Ball Lightning","floor":1.0},{"not_picked":["Chaos","Skim"],"picked":"Coolheaded","floor":4.0},{"not_picked":["Hello World","Self Repair"],"picked":"Gash","floor":6.0},{"not_picked":["Streamline","Barrage"],"picked":"Undo","floor":7.0},{"not_picked":["Beam Cell","Heatsinks","Hyperbeam"],"picked":"SKIP","floor":11.0},{"not_picked":["Go for the Eyes","Force Field","Auto Shields"],"picked":"SKIP","floor":13.0},{"not_picked":["Heatsinks","Turbo","Lockon"],"picked":"SKIP","floor":14.0},{"not_picked":["Fission","Seek"],"picked":"Echo Form","floor":16.0},{"not_picked":["Redo","Compile Driver"],"picked":"Gash+1","floor":18.0},{"not_picked":["Barrage+1","Rebound","Cold Snap+1"],"picked":"SKIP","floor":20.0},{"not_picked":["Redo+1","Gash+1"],"picked":"Hologram+1","floor":21.0},{"not_picked":["Melter","Coolheaded","Hologram"],"picked":"SKIP","floor":27.0},{"not_picked":["Coolheaded","Cold Snap"],"picked":"Gash","floor":29.0},{"not_picked":["Genetic Algorithm","Skim"],"picked":"Machine Learning","floor":31.0},{"not_picked":["Electrodynamics","Buffer"],"picked":"All For One","floor":33.0},{"not_picked":["Barrage+1","Steam+1"],"picked":"Coolheaded+1","floor":35.0},{"not_picked":["Forethought","Enlightenment"],"picked":"Flash of Steel","floor":39.0},{"not_picked":["Coolheaded+1","Self Repair+1","Ball Lightning"],"picked":"SKIP","floor":41.0},{"not_picked":["Aggregate+1","Rip and Tear","Double Energy+1"],"picked":"SKIP","floor":42.0},{"not_picked":["Streamline+1","Turbo"],"picked":"Coolheaded+1","floor":45.0},{"not_picked":["Stack","Streamline+1","Hello World+1"],"picked":"SKIP","floor":47.0},{"not_picked":["Reprogram","Beam Cell+1","Fusion+1"],"picked":"SKIP","floor":48.0}],"player_experience":407059,"relics_obtained":[{"floor":6.0,"key":"Kunai"},{"floor":7.0,"key":"Odd Mushroom"},{"floor":9.0,"key":"Letter Opener"},{"floor":26.0,"key":"Pocketwatch"},{"floor":27.0,"key":"Pen Nib"},{"floor":43.0,"key":"Mummified Hand"},{"floor":46.0,"key":"Peace Pipe"}],"event_choices":[{"damage_healed":0.0,"max_hp_gain":0.0,"max_hp_loss":0.0,"gold_gain":75.0,"event_name":"World of Goop","player_choice":"Gather Gold","floor":3.0,"gold_loss":0.0,"damage_taken":11.0},{"damage_healed":0.0,"max_hp_gain":0.0,"max_hp_loss":0.0,"gold_gain":0.0,"event_name":"Liars Game","player_choice":"Ignored","floor":5.0,"gold_loss":0.0,"damage_taken":0.0},{"damage_healed":0.0,"max_hp_gain":0.0,"max_hp_loss":0.0,"gold_gain":0.0,"event_name":"Mushrooms","player_choice":"Fought Mushrooms","floor":7.0,"gold_loss":0.0,"damage_taken":0.0},{"damage_healed":0.0,"max_hp_gain":0.0,"max_hp_loss":0.0,"gold_gain":100.0,"event_name":"The Joust","player_choice":"Bet on Murderer","floor":19.0,"gold_loss":50.0,"damage_taken":0.0},{"cards_removed":["Strike_B"],"damage_healed":0.0,"max_hp_gain":0.0,"max_hp_loss":0.0,"gold_gain":0.0,"event_name":"Back to Basics","player_choice":"Elegance","floor":22.0,"gold_loss":0.0,"damage_taken":0.0},{"damage_healed":0.0,"max_hp_gain":0.0,"max_hp_loss":0.0,"gold_gain":99.0,"event_name":"Nest","player_choice":"Stole From Cult","floor":24.0,"gold_loss":0.0,"damage_taken":0.0},{"damage_healed":0.0,"max_hp_gain":0.0,"max_hp_loss":0.0,"gold_gain":0.0,"event_name":"Forgotten Altar","player_choice":"Smashed Altar","floor":28.0,"gold_loss":0.0,"damage_taken":0.0,"cards_obtained":["Decay"]},{"damage_healed":0.0,"max_hp_gain":0.0,"max_hp_loss":0.0,"gold_gain":0.0,"event_name":"Mysterious Sphere","player_choice":"Ignored","floor":37.0,"gold_loss":0.0,"damage_taken":0.0},{"damage_healed":0.0,"max_hp_gain":0.0,"max_hp_loss":0.0,"gold_gain":0.0,"event_name":"SensoryStone","player_choice":"Memory 1","floor":39.0,"gold_loss":0.0,"damage_taken":0.0},{"damage_healed":0.0,"max_hp_gain":0.0,"max_hp_loss":0.0,"gold_gain":0.0,"event_name":"MindBloom","player_choice":"Fight","floor":46.0,"gold_loss":0.0,"damage_taken":0.0}],"is_beta":false,"boss_relics":[{"not_picked":["Black Star","White Beast Statue"],"picked":"Astrolabe"},{"not_picked":["Runic Pyramid","Velvet Choker"],"picked":"Fusion Hammer"}],"items_purged_floors":[8],"is_endless":false,"potions_floor_spawned":[6,7,13,16,21,27,31,33,41,45,46,47],"ascension_level":8}