{"gold_per_floor":[116,132,52,127,144,156,156,170,170,189,189,202,213,223,223,327,327,347,347,357,89,103,103,103,3,3,17,17],"floor_reached":28,"playtime":1193,"items_purged":["Strike_G","Strike_G"],"score":241,"play_id":"0a47cacb-083b-418b-a94c-24dba81708c3","local_time":"20190811143517","is_ascension_mode":false,"campfire_choices":[{"data":"Bouncing Flask","floor":7,"key":"SMITH"},{"data":"Footwork","floor":11,"key":"SMITH"},{"floor":15,"key":"REST"}],"neow_cost":"NONE","seed_source_timestamp":550488439918944,"circlet_count":0,"master_deck":["Strike_G","Strike_G","Strike_G","Defend_G","Defend_G","Defend_G","Defend_G","Defend_G","Survivor","Neutralize","Acrobatics","Backflip","Bouncing Flask+1","Blur","Well Laid Plans","Footwork+1","Calculated Gamble","Corpse Explosion","After Image","Deflect","Endless Agony","Outmaneuver","PiercingWail","Infinite Blades","Cloak And Dagger","Prepared"],"relics":["Eternal Feather","Meat on the Bone","Orrery","Toolbox","The Specimen","Dodecahedron"],"potions_floor_usage":[10,16,16,28],"damage_taken":[{"damage":0,"enemies":"Cultist","floor":1,"turns":4},{"damage":1,"enemies":"2 Louse","floor":2,"turns":2},{"damage":2,"enemies":"Small Slimes","floor":5,"turns":3},{"damage":0,"enemies":"Red Slaver","floor":6,"turns":6},{"damage":13,"enemies":"Exordium Thugs","floor":8,"turns":7},{"damage":4,"enemies":"2 Fungi Beasts","floor":10,"turns":6},{"damage":2,"enemies":"Looter","floor":12,"turns":3},{"damage":11,"enemies":"3 Louse","floor":13,"turns":4},{"damage":12,"enemies":"2 Fungi Beasts","floor":14,"turns":3},{"damage":48,"enemies":"Slime Boss","floor":16,"turns":11},{"damage":6,"enemies":"Shell Parasite","floor":18,"turns":6},{"damage":22,"enemies":"Chosen","floor":20,"turns":6},{"damage":10,"enemies":"Centurion and Healer","floor":22,"turns":8},{"damage":12,"enemies":"Shelled Parasite and Fungi","floor":27,"turns":6},{"damage":52,"enemies":"Chosen and Byrds","floor":28,"turns":8}],"seed_played":"2536048814139883394","potions_obtained":[{"floor":2,"key":"Explosive Potion"},{"floor":5,"key":"Poison Potion"},{"floor":6,"key":"Ancient Potion"},{"floor":8,"key":"Fire Potion"},{"floor":13,"key":"SpeedPotion"},{"floor":16,"key":"PowerPotion"},{"floor":18,"key":"SteroidPotion"}],"is_trial":false,"path_per_floor":["M","M","$","?","M","M","R","M","T","M","R","M","M","M","R","B",null,"M","?","M","$","M","?","?","$","T","M","M"],"character_chosen":"THE_SILENT","items_purchased":["Bouncing Flask","Toolbox"],"campfire_rested":1,"item_purchase_floors":[3,21],"current_hp_per_floor":[70,69,69,62,60,60,69,56,56,52,61,59,48,36,69,33,70,64,64,42,42,44,44,44,44,44,44,0],"gold":17,"neow_bonus":"BOSS_RELIC","is_prod":false,"is_daily":false,"chose_seed":false,"campfire_upgraded":2,"win_rate":0,"timestamp":1565505317,"path_taken":["M","M","$","?","M","M","R","M","T","?","R","M","M","M","R","BOSS","M","?","M","$","M","?","?","$","T","M","M"],"build_version":"2019-07-17","purchased_purges":2,"victory":false,"max_hp_per_floor":[70,70,70,70,70,70,70,70,70,70,70,70,70,70,70,70,70,70,70,70,70,70,70,70,70,70,70,70],"card_choices":[{"not_picked":["Slice","Outmaneuver"],"picked":"Acrobatics","floor":1},{"not_picked":["Crippling Poison","Skewer"],"picked":"Backflip","floor":2},{"not_picked":["Dodge and Roll","Sucker Punch"],"picked":"Blur","floor":5},{"not_picked":["Dagger Spray","Skewer"],"picked":"Well Laid Plans","floor":6},{"not_picked":["Calculated Gamble","Tactician"],"picked":"Footwork","floor":8},{"not_picked":["Distraction","Bane","Underhanded Strike"],"picked":"SKIP","floor":10},{"not_picked":["Dagger Spray","Backstab"],"picked":"Calculated Gamble","floor":12},{"not_picked":["Bane","Sucker Punch"],"picked":"Corpse Explosion","floor":13},{"not_picked":["Masterful Stab","Distraction","Dagger Spray"],"picked":"SKIP","floor":14},{"not_picked":["Tools of the Trade","Night Terror"],"picked":"After Image","floor":16},{"not_picked":["Dagger Throw","Quick Slash"],"picked":"Deflect","floor":17},{"not_picked":["Flying Knee","Dodge and Roll"],"picked":"Endless Agony","floor":17},{"not_picked":["Accuracy","Cloak And Dagger"],"picked":"Outmaneuver","floor":17},{"not_picked":["Dagger Spray","Deadly Poison"],"picked":"PiercingWail","floor":18},{"not_picked":["Blade Dance+1","Distraction"],"picked":"Cloak And Dagger","floor":20},{"not_picked":["Concentrate","Dodge and Roll+1"],"picked":"Prepared","floor":22},{"not_picked":["Storm of Steel","Flying Knee","Prepared"],"picked":"SKIP","floor":27}],"player_experience":172275,"relics_obtained":[{"floor":9,"key":"Meat on the Bone"},{"floor":26,"key":"Dodecahedron"}],"event_choices":[{"damage_healed":0,"gold_gain":75,"player_choice":"Touch","damage_taken":7,"max_hp_gain":0,"max_hp_loss":0,"event_name":"FaceTrader","floor":4,"gold_loss":0},{"damage_healed":0,"gold_gain":0,"player_choice":"Read","damage_taken":0,"max_hp_gain":0,"max_hp_loss":0,"event_name":"The Library","floor":19,"gold_loss":0,"cards_obtained":["Infinite Blades"]},{"damage_healed":0,"gold_gain":0,"player_choice":"Opened","damage_taken":0,"relics_obtained":["The Specimen"],"max_hp_gain":0,"max_hp_loss":0,"event_name":"The Mausoleum","floor":23,"gold_loss":0},{"damage_healed":0,"gold_gain":0,"player_choice":"Bought 0 Potions","damage_taken":0,"max_hp_gain":0,"max_hp_loss":0,"event_name":"The Woman in Blue","floor":24,"gold_loss":0}],"is_beta":false,"boss_relics":[{"not_picked":["Lizard Tail","Astrolabe"],"picked":"Orrery"}],"items_purged_floors":[21,25],"is_endless":false,"potions_floor_spawned":[2,5,6,8,13,16,18,22,27],"killed_by":"Chosen and Byrds","ascension_level":0}