{"gold_per_floor":[218,236,236,251,69,69,99,112,136,136,196,207,242,261,261,332,332,342,358,371,390,410,410,426,439,439,439,450,467,480,480],"floor_reached":31,"playtime":3015,"items_purged":["Pain"],"score":454,"play_id":"baf68f92-72b7-4f17-8325-29e1c2305c41","local_time":"20190824112250","is_ascension_mode":true,"campfire_choices":[{"data":"Zap","floor":6.0,"key":"SMITH"},{"data":"Dualcast","floor":10.0,"key":"SMITH"},{"data":"Coolheaded","floor":15.0,"key":"SMITH"},{"floor":23,"key":"REST"},{"floor":27,"key":"REST"}],"neow_cost":"NONE","seed_source_timestamp":0,"circlet_count":0,"master_deck":["AscendersBane","Strike_B","Strike_B","Strike_B","Strike_B","Defend_B","Defend_B","Defend_B+1","Defend_B","Zap+1","Dualcast+1","Self Repair","Sunder","Coolheaded+1","FTL","Static Discharge","Coolheaded+1","Cold Snap","Capacitor","All For One","Gash","Ball Lightning","Force Field","BootSequence+1"],"special_seed":0,"relics":["Cracked Core","WarpedTongs","Art of War","War Paint","Tiny Chest","Bird Faced Urn","Runic Pyramid","Meat on the Bone"],"potions_floor_usage":[21,25,28],"damage_taken":[{"damage":4.0,"enemies":"Small Slimes","floor":1.0,"turns":4.0},{"damage":0.0,"enemies":"Cultist","floor":2.0,"turns":4.0},{"damage":0.0,"enemies":"2 Louse","floor":4.0,"turns":1.0},{"damage":10.0,"enemies":"3 Sentries","floor":7.0,"turns":6.0},{"damage":7.0,"enemies":"Exordium Thugs","floor":8.0,"turns":5.0},{"damage":2.0,"enemies":"Gremlin Nob","floor":11.0,"turns":3.0},{"damage":13.0,"enemies":"Gremlin Gang","floor":12.0,"turns":3.0},{"damage":9.0,"enemies":"Lagavulin","floor":13.0,"turns":6.0},{"damage":0.0,"enemies":"Blue Slaver","floor":14.0,"turns":3.0},{"damage":13.0,"enemies":"The Guardian","floor":16.0,"turns":13.0},{"damage":20.0,"enemies":"2 Thieves","floor":18.0,"turns":3.0},{"damage":1.0,"enemies":"Spheric Guardian","floor":19.0,"turns":3.0},{"damage":26,"enemies":"Centurion and Healer","floor":20,"turns":8},{"damage":12,"enemies":"Chosen and Byrds","floor":21,"turns":4},{"damage":12,"enemies":"Cultist and Chosen","floor":22,"turns":5},{"damage":30,"enemies":"Centurion and Healer","floor":24,"turns":6},{"damage":38,"enemies":"Snake Plant","floor":25,"turns":4},{"damage":11,"enemies":"Shelled Parasite and Fungi","floor":28,"turns":5},{"damage":30,"enemies":"Snecko","floor":29,"turns":7},{"damage":17,"enemies":"Snake Plant","floor":30,"turns":7}],"seed_played":"-1408620599233320612","potions_obtained":[{"floor":1.0,"key":"Block Potion"},{"floor":4.0,"key":"GamblersBrew"},{"floor":8.0,"key":"PowerPotion"},{"floor":12.0,"key":"LiquidBronze"},{"floor":20,"key":"Regen Potion"},{"floor":24,"key":"Energy Potion"},{"floor":25,"key":"Energy Potion"},{"floor":28,"key":"Fire Potion"},{"floor":30,"key":"SmokeBomb"}],"is_trial":false,"path_per_floor":["M","M","?","M","$","R","E","M","T","R","E","M","E","M","R","B",null,"M","M","M","M","M","R","M","M","T","R","M","M","M","$"],"character_chosen":"DEFECT","items_purchased":["FTL","Static Discharge"],"campfire_rested":2,"item_purchase_floors":[5,5],"current_hp_per_floor":[60,67,67,67,67,67,64,64,64,64,69,63,61,63,63,63,69,51,52,42,44,45,66,49,24,24,45,47,43,54,54],"gold":480,"neow_bonus":"HUNDRED_GOLD","is_prod":false,"is_daily":false,"chose_seed":false,"campfire_upgraded":3,"win_rate":0,"timestamp":1566642170,"path_taken":["M","M","?","M","$","R","E","M","T","R","E","M","E","M","R","BOSS","M","M","M","M","M","R","M","?","T","R","M","M","M","?"],"build_version":"2019-07-17","purchased_purges":1,"victory":false,"max_hp_per_floor":[71,71,71,71,71,71,71,71,71,71,71,71,71,71,71,71,71,71,71,71,71,71,71,71,71,71,71,71,71,71,71],"card_choices":[{"not_picked":["Barrage","Melter"],"picked":"Self Repair","floor":1.0},{"not_picked":["Rebound","Streamline"],"picked":"Sunder","floor":2.0},{"not_picked":["Streamline","Tempest"],"picked":"Coolheaded","floor":4.0},{"not_picked":["Sweeping Beam","Steam"],"picked":"Coolheaded","floor":7.0},{"not_picked":["Steam","Compile Driver","Reprogram"],"picked":"SKIP","floor":8.0},{"not_picked":["BootSequence","Beam Cell","Stack"],"picked":"SKIP","floor":11.0},{"not_picked":["Stack","Go for the Eyes"],"picked":"Cold Snap","floor":12.0},{"not_picked":["Creative AI","Compile Driver"],"picked":"Capacitor","floor":13.0},{"not_picked":["Rebound","Skim","Steam"],"picked":"SKIP","floor":14.0},{"not_picked":["Echo Form","Core Surge"],"picked":"All For One","floor":16.0},{"not_picked":["White Noise","Streamline"],"picked":"Gash","floor":18.0},{"not_picked":["Self Repair","Double Energy"],"picked":"Ball Lightning","floor":19},{"not_picked":["Recycle+1","Compile Driver"],"picked":"Force Field","floor":20},{"not_picked":["Redo","Coolheaded","Capacitor+1"],"picked":"SKIP","floor":21},{"not_picked":["Hello World","Meteor Strike","Hologram+1"],"picked":"SKIP","floor":22},{"not_picked":["Heatsinks","BootSequence","Coolheaded+1"],"picked":"SKIP","floor":24},{"not_picked":["Stack+1","Static Discharge","Compile Driver"],"picked":"SKIP","floor":25},{"not_picked":["Stack","Beam Cell","Ball Lightning"],"picked":"SKIP","floor":28},{"not_picked":["Cold Snap","Hyperbeam"],"picked":"BootSequence+1","floor":29},{"not_picked":["Rip and Tear","FTL","Self Repair"],"picked":"SKIP","floor":30}],"player_experience":560469,"relics_obtained":[{"floor":7.0,"key":"Art of War"},{"floor":9.0,"key":"War Paint"},{"floor":11.0,"key":"Tiny Chest"},{"floor":13.0,"key":"Bird Faced Urn"},{"floor":26,"key":"Meat on the Bone"}],"event_choices":[{"damage_healed":0.0,"max_hp_gain":0.0,"max_hp_loss":0.0,"gold_gain":0.0,"event_name":"Accursed Blacksmith","player_choice":"Rummage","floor":3.0,"gold_loss":0.0,"damage_taken":0.0,"relics_obtained":["WarpedTongs"],"cards_obtained":["Pain"]}],"is_beta":false,"boss_relics":[{"not_picked":["Fusion Hammer","Pandora\u0027s Box"],"picked":"Runic Pyramid"}],"items_purged_floors":[5],"is_endless":false,"potions_floor_spawned":[1,4,8,12,20,24,25,28,30],"ascension_level":14}