{"gold_per_floor":[113,113,124,124,143,153,153,171,171,183,196,224,224,224,224,325,325,339,339,339,339],"floor_reached":21,"playtime":2972,"items_purged":[],"score":272,"play_id":"75fbfd9f-a5b7-459a-8ce4-083a8e01a7eb","local_time":"20190814235718","is_ascension_mode":true,"campfire_choices":[{"data":"Neutralize","floor":7.0,"key":"SMITH"},{"floor":13,"key":"REST"},{"floor":15,"key":"REST"}],"neow_cost":"NONE","seed_source_timestamp":0,"circlet_count":0,"master_deck":["AscendersBane","Strike_G","Strike_G","Strike_G","Defend_G+1","Defend_G","Defend_G","Defend_G","Survivor","Neutralize+1","Impatience","PiercingWail","Poisoned Stab","Skewer+1","PiercingWail","Dodge and Roll","Night Terror","Tools of the Trade+1","Storm of Steel","Decay","Writhe","Pain","Footwork+1","Acrobatics","Setup","Neutralize","Catalyst"],"special_seed":0,"relics":["Ring of the Snake","Frozen Egg 2","Shuriken","Calling Bell","Regal Pillow","Dodecahedron","Turnip"],"potions_floor_usage":[16,16,21],"damage_taken":[{"damage":4.0,"enemies":"Jaw Worm","floor":1.0,"turns":6.0},{"damage":0.0,"enemies":"Small Slimes","floor":3.0,"turns":4.0},{"damage":0.0,"enemies":"Cultist","floor":5.0,"turns":4.0},{"damage":2.0,"enemies":"Gremlin Gang","floor":6.0,"turns":6.0},{"damage":1.0,"enemies":"Blue Slaver","floor":8.0,"turns":4.0},{"damage":1.0,"enemies":"2 Fungi Beasts","floor":10.0,"turns":5.0},{"damage":0.0,"enemies":"Looter","floor":11.0,"turns":4.0},{"damage":36.0,"enemies":"3 Sentries","floor":12.0,"turns":14.0},{"damage":32,"enemies":"Slime Boss","floor":16,"turns":12},{"damage":49,"enemies":"Spheric Guardian","floor":18,"turns":14},{"damage":13,"enemies":"Shell Parasite","floor":21,"turns":5}],"seed_played":"8165078484549618357","potions_obtained":[{"floor":3.0,"key":"GamblersBrew"},{"floor":5.0,"key":"FearPotion"},{"floor":8.0,"key":"SneckoOil"},{"floor":12.0,"key":"EssenceOfSteel"},{"floor":18,"key":"Strength Potion"}],"is_trial":false,"path_per_floor":["M","?","M","?","M","M","R","M","T","M","M","E","R","?","R","B",null,"M","?","?","M"],"character_chosen":"THE_SILENT","items_purchased":[],"campfire_rested":2,"item_purchase_floors":[],"current_hp_per_floor":[59,59,59,59,59,57,57,56,56,55,55,19,40,26,47,15,56,7,7,7,0],"gold":339,"neow_bonus":"RANDOM_COLORLESS","is_prod":false,"is_daily":false,"chose_seed":false,"campfire_upgraded":1,"win_rate":0,"timestamp":1565848638,"path_taken":["M","?","M","?","M","M","R","?","T","?","M","E","R","?","R","BOSS","M","?","?","?"],"build_version":"2019-07-17","purchased_purges":0,"victory":false,"max_hp_per_floor":[70,70,70,70,70,70,70,70,70,70,70,70,70,70,70,70,70,70,70,70,70],"card_choices":[{"not_picked":["Reflex","Quick Slash"],"picked":"PiercingWail","floor":1.0},{"not_picked":["Slice","Cloak And Dagger"],"picked":"Poisoned Stab","floor":3.0},{"not_picked":["Poisoned Stab","Prepared"],"picked":"Skewer","floor":5.0},{"not_picked":["Prepared","Concentrate"],"picked":"PiercingWail","floor":6.0},{"not_picked":["Dagger Spray","Cloak And Dagger"],"picked":"Dodge and Roll","floor":8.0},{"not_picked":["Poisoned Stab","Bouncing Flask"],"picked":"Night Terror","floor":10.0},{"not_picked":["Slice","Quick Slash","Poisoned Stab"],"picked":"SKIP","floor":11.0},{"not_picked":["Acrobatics","Outmaneuver"],"picked":"Tools of the Trade+1","floor":12.0},{"not_picked":["Phantasmal Killer","Grand Finale"],"picked":"Storm of Steel","floor":16},{"not_picked":["Finisher","Quick Slash+1"],"picked":"Footwork+1","floor":18}],"player_experience":2208041,"relics_obtained":[{"floor":9.0,"key":"Frozen Egg 2"},{"floor":12.0,"key":"Shuriken"},{"floor":17,"key":"Regal Pillow"},{"floor":17,"key":"Dodecahedron"},{"floor":17,"key":"Turnip"}],"event_choices":[{"damage_healed":0.0,"max_hp_gain":0.0,"max_hp_loss":0.0,"gold_gain":0.0,"event_name":"Liars Game","player_choice":"Ignored","floor":2.0,"gold_loss":0.0,"damage_taken":0.0},{"cards_removed":["Strike_G"],"damage_healed":0.0,"max_hp_gain":0.0,"max_hp_loss":0.0,"gold_gain":0.0,"event_name":"Wheel of Change","player_choice":"Card Removal","floor":4.0,"gold_loss":0.0,"damage_taken":0.0},{"damage_healed":0,"gold_gain":0,"player_choice":"Entered Light","damage_taken":14,"max_hp_gain":0,"max_hp_loss":0,"event_name":"Shining Light","floor":14,"gold_loss":0,"cards_upgraded":["Defend_G","Skewer"]},{"damage_healed":0,"gold_gain":0,"cards_transformed":["Defend_G","Strike_G"],"player_choice":"Became Test Subject","damage_taken":0,"max_hp_gain":0,"max_hp_loss":0,"event_name":"Drug Dealer","floor":19,"gold_loss":0,"cards_obtained":["Acrobatics","Setup"]},{"damage_healed":0,"gold_gain":0,"player_choice":"2 cards matched","damage_taken":0,"max_hp_gain":0,"max_hp_loss":0,"event_name":"Match and Keep!","floor":20,"gold_loss":0,"cards_obtained":["Neutralize","Catalyst"]}],"is_beta":false,"boss_relics":[{"not_picked":["Velvet Choker","Runic Pyramid"],"picked":"Calling Bell"}],"items_purged_floors":[],"is_endless":false,"potions_floor_spawned":[3,5,8,12,18],"killed_by":"Shell Parasite","ascension_level":10}