{"gold_per_floor":[15,27,27,27,27,27,53,53,53,63,63,75,75,86,86,182,182,202,202,79,89,102,102],"floor_reached":23,"playtime":974,"items_purged":["Strike_R"],"score":201,"play_id":"0c9d6d9b-cc31-442e-9f11-92648e324f7a","local_time":"20190419204518","is_ascension_mode":true,"campfire_choices":[{"data":"Bash","floor":6,"key":"SMITH"},{"floor":8,"key":"REST"},{"data":"Defend_R","floor":11,"key":"SMITH"},{"data":"Armaments","floor":13,"key":"SMITH"},{"data":"Body Slam","floor":15,"key":"SMITH"}],"neow_cost":"NO_GOLD","seed_source_timestamp":35462795062722,"circlet_count":0,"master_deck":["Strike_R","Strike_R","Defend_R","Defend_R","Defend_R+1","Defend_R","Bash+1","Armaments+1","Anger","Limit Break","Body Slam+1","Juggernaut","Double Tap","Pummel","Cleave","Metallicize","Spot Weakness"],"relics":["Burning Blood","Magic Flower","Paper Frog","Dead Branch","Mercury Hourglass","Sozu"],"potions_floor_usage":[16,22,23],"damage_taken":[{"damage":10,"enemies":"Cultist","floor":1,"turns":4},{"damage":13,"enemies":"Jaw Worm","floor":2,"turns":3},{"damage":38,"enemies":"3 Sentries","floor":7,"turns":9},{"damage":0,"enemies":"Small Slimes","floor":10,"turns":2},{"damage":7,"enemies":"3 Louse","floor":12,"turns":3},{"damage":0,"enemies":"2 Fungi Beasts","floor":14,"turns":2},{"damage":52,"enemies":"The Guardian","floor":16,"turns":11},{"damage":25,"enemies":"2 Thieves","floor":18,"turns":4},{"damage":10,"enemies":"Chosen","floor":21,"turns":3},{"damage":36,"enemies":"3 Cultists","floor":22,"turns":4},{"damage":42,"enemies":"Book of Stabbing","floor":23,"turns":5}],"seed_played":"-3784138613574885754","potions_obtained":[{"floor":10,"key":"LiquidBronze"},{"floor":12,"key":"GamblersBrew"},{"floor":16,"key":"GamblersBrew"}],"is_trial":false,"path_per_floor":["M","M","?","?","?","R","E","R","T","M","R","M","R","M","R","B",null,"M","?","$","M","M","E"],"character_chosen":"IRONCLAD","items_purchased":["Cleave"],"campfire_rested":1,"item_purchase_floors":[20],"current_hp_per_floor":[79,75,57,57,62,62,33,58,58,67,67,69,69,78,78,35,85,69,69,69,68,41,0],"gold":102,"neow_bonus":"ONE_RARE_RELIC","is_prod":false,"is_daily":false,"chose_seed":false,"campfire_upgraded":4,"win_rate":0,"timestamp":1555677918,"path_taken":["M","?","?","?","?","R","E","R","T","M","R","M","R","M","R","BOSS","M","?","?","M","M","E"],"build_version":"2019-01-23","purchased_purges":1,"victory":false,"max_hp_per_floor":[80,80,80,80,85,85,85,85,85,85,85,85,85,85,85,85,85,85,85,85,85,85,85],"card_choices":[{"not_picked":["Flex","Cleave"],"picked":"Armaments","floor":1},{"not_picked":["True Grit","Twin Strike"],"picked":"Anger","floor":2},{"not_picked":["Barricade","Reckless Charge"],"picked":"Limit Break","floor":7},{"not_picked":["Pummel","Combust","Warcry"],"picked":"SKIP","floor":10},{"not_picked":["Searing Blow","Perfected Strike","Iron Wave"],"picked":"SKIP","floor":12},{"not_picked":["Iron Wave","Carnage"],"picked":"Body Slam","floor":14},{"not_picked":["Immolate","Dark Embrace"],"picked":"Juggernaut","floor":16},{"not_picked":["Bloodletting+1","Heavy Blade","Iron Wave+1"],"picked":"SKIP","floor":18},{"not_picked":["True Grit+1","Anger+1"],"picked":"Metallicize","floor":21},{"not_picked":["Bloodletting","Armaments+1"],"picked":"Spot Weakness","floor":22}],"player_experience":83378,"relics_obtained":[{"floor":7,"key":"Dead Branch"},{"floor":9,"key":"Mercury Hourglass"}],"event_choices":[{"damage_healed":0,"gold_gain":0,"player_choice":"Success","damage_taken":18,"relics_obtained":["Paper Frog"],"max_hp_gain":0,"max_hp_loss":0,"event_name":"Scrap Ooze","floor":3,"gold_loss":0},{"damage_healed":0,"gold_gain":0,"player_choice":"Ignored","damage_taken":0,"max_hp_gain":0,"max_hp_loss":0,"event_name":"Liars Game","floor":4,"gold_loss":0},{"damage_healed":0,"gold_gain":0,"player_choice":"Donut","damage_taken":0,"max_hp_gain":5,"max_hp_loss":0,"event_name":"Big Fish","floor":5,"gold_loss":0},{"damage_healed":0,"gold_gain":0,"cards_transformed":["Strike_R","Strike_R"],"player_choice":"Became Test Subject","damage_taken":0,"max_hp_gain":0,"max_hp_loss":0,"event_name":"Drug Dealer","floor":19,"gold_loss":0,"cards_obtained":["Double Tap","Pummel"]}],"is_beta":false,"boss_relics":[{"not_picked":["Coffee Dripper","Velvet Choker"],"picked":"Sozu"}],"items_purged_floors":[20],"is_endless":false,"potions_floor_spawned":[10,12,16,21],"killed_by":"Book of Stabbing","ascension_level":1}