{"gold_per_floor":[111,123,123,198,129,156,156,174,174,189,201,221,221,239,239,342,342,354,365,382,62,62,80,355,355,402,422,422,433,7,7,7,7],"floor_reached":33,"playtime":18635,"items_purged":["Strike_R","Strike_R"],"score":250,"play_id":"46a35a3f-9afa-4093-9bc8-378ad293be41","local_time":"20181221221910","is_ascension_mode":false,"campfire_choices":[{"floor":7.0,"key":"REST"},{"data":"Entrench","floor":15.0,"key":"SMITH"},{"data":"True Grit","floor":25,"key":"SMITH"},{"data":"Body Slam","floor":28,"key":"SMITH"},{"floor":32,"key":"REST"}],"neow_cost":"NONE","seed_source_timestamp":0,"circlet_count":0,"master_deck":["Strike_R","Strike_R","Defend_R","Defend_R","Defend_R","Defend_R","Bash","Iron Wave","True Grit+1","Entrench+1","Whirlwind+1","Disarm","Iron Wave","Flame Barrier","Body Slam+1","Fiend Fire","Body Slam","Inflame","Regret","Ghostly Armor","Flame Barrier"],"special_seed":0,"relics":["Burning Blood","Mercury Hourglass","Dream Catcher","Cursed Key","Bottled Flame","PreservedInsect","Blue Candle","Spirit Poop"],"potions_floor_usage":[33],"damage_taken":[{"damage":2.0,"enemies":"2 Louse","floor":1.0,"turns":3.0},{"damage":0.0,"enemies":"Small Slimes","floor":2.0,"turns":6.0},{"damage":45.0,"enemies":"Gremlin Nob","floor":6.0,"turns":6.0},{"damage":3.0,"enemies":"Cultist","floor":8.0,"turns":4.0},{"damage":3.0,"enemies":"3 Louse","floor":10.0,"turns":2.0},{"damage":0.0,"enemies":"Exordium Thugs","floor":11.0,"turns":4.0},{"damage":5.0,"enemies":"Blue Slaver","floor":12.0,"turns":4.0},{"damage":2.0,"enemies":"Gremlin Gang","floor":14.0,"turns":4.0},{"damage":45.0,"enemies":"Slime Boss","floor":16.0,"turns":13.0},{"damage":0,"enemies":"3 Byrds","floor":18,"turns":4},{"damage":2,"enemies":"Spheric Guardian","floor":19,"turns":4},{"damage":11,"enemies":"Centurion and Healer","floor":20,"turns":6},{"damage":25,"enemies":"Snake Plant","floor":23,"turns":5},{"damage":13,"enemies":"Cultist and Chosen","floor":27,"turns":7},{"damage":12,"enemies":"Centurion and Healer","floor":29,"turns":7},{"damage":77,"enemies":"Champ","floor":33,"turns":19}],"seed_played":"-7868768338618104098","potions_obtained":[{"floor":6.0,"key":"Dexterity Potion"},{"floor":10.0,"key":"FairyPotion"},{"floor":12.0,"key":"Energy Potion"},{"floor":16.0,"key":"LiquidBronze"},{"floor":22,"key":"Dexterity Potion"}],"is_trial":false,"path_per_floor":["M","M","$","?","$","E","R","M","T","M","M","M","?","M","R","B",null,"M","M","M","$","?","M","?","R","T","M","R","M","$","?","R","B"],"character_chosen":"IRONCLAD","items_purchased":["Whirlwind","Bottled Flame","Flame Barrier","Blue Candle"],"campfire_rested":2,"item_purchase_floors":[5,21,30,30],"current_hp_per_floor":[80,80,80,69,69,30,54,57,57,60,66,67,67,71,71,32,80,80,80,75,75,75,56,56,56,56,49,49,43,43,43,67,0],"gold":7,"neow_bonus":"TRANSFORM_CARD","is_prod":false,"is_daily":false,"chose_seed":false,"campfire_upgraded":3,"win_rate":0,"timestamp":1545455950,"path_taken":["M","M","$","?","$","E","R","M","T","M","M","M","?","M","R","BOSS","M","M","M","$","?","?","?","R","T","M","R","M","?","?","R","BOSS"],"build_version":"2018-12-20","purchased_purges":2,"victory":false,"max_hp_per_floor":[80,80,80,80,80,80,80,80,80,80,80,80,80,80,80,80,80,80,80,80,80,80,80,80,80,80,80,80,80,80,80,80,80],"card_choices":[{"not_picked":["Warcry","Infernal Blade"],"picked":"True Grit","floor":1.0},{"not_picked":["Blood for Blood","Pommel Strike"],"picked":"Entrench","floor":2.0},{"not_picked":["Wild Strike","Havoc"],"picked":"Disarm","floor":6.0},{"not_picked":["Cleave","Dark Embrace"],"picked":"Iron Wave","floor":8.0},{"not_picked":["True Grit","Thunderclap"],"picked":"Flame Barrier","floor":10.0},{"not_picked":["Burning Pact","Clothesline"],"picked":"Body Slam","floor":11.0},{"not_picked":["Clothesline","Bloodletting","Spot Weakness"],"picked":"SKIP","floor":12.0},{"not_picked":["Clothesline","Pummel","Twin Strike"],"picked":"SKIP","floor":14.0},{"not_picked":["Immolate","Dark Embrace"],"picked":"Fiend Fire","floor":16.0},{"not_picked":["Heavy Blade+1","Headbutt"],"picked":"Body Slam","floor":18},{"not_picked":["Sword Boomerang","Warcry"],"picked":"Inflame","floor":19},{"not_picked":["Blood for Blood","Twin Strike","Cleave+1"],"picked":"SKIP","floor":20},{"not_picked":["Clash","Wild Strike+1","Havoc+1"],"picked":"SKIP","floor":23},{"not_picked":["Corruption","Cleave","Rage"],"picked":"SKIP","floor":27},{"not_picked":["Corruption","Cleave","Rage"],"picked":"SKIP","floor":27},{"not_picked":["Reckless Charge+1","Wild Strike+1"],"picked":"Ghostly Armor","floor":29}],"player_experience":1540267,"relics_obtained":[{"floor":6.0,"key":"Mercury Hourglass"},{"floor":9.0,"key":"Dream Catcher"},{"floor":26,"key":"PreservedInsect"}],"event_choices":[{"damage_healed":0.0,"max_hp_gain":0.0,"max_hp_loss":0.0,"gold_gain":75.0,"event_name":"World of Goop","player_choice":"Gather Gold","floor":4.0,"gold_loss":0.0,"damage_taken":11.0},{"damage_healed":0.0,"max_hp_gain":0.0,"max_hp_loss":0.0,"gold_gain":0.0,"event_name":"Living Wall","player_choice":"Grow","floor":13.0,"gold_loss":0.0,"damage_taken":0.0,"cards_upgraded":["Whirlwind"]},{"damage_healed":0,"gold_gain":0,"player_choice":"Got Potions","damage_taken":0,"max_hp_gain":0,"max_hp_loss":0,"event_name":"Lab","floor":22,"gold_loss":0},{"damage_healed":0,"gold_gain":275,"player_choice":"Desecrate","damage_taken":0,"max_hp_gain":0,"max_hp_loss":0,"event_name":"Golden Shrine","floor":24,"gold_loss":0,"cards_obtained":["Regret"]},{"cards_removed":["Normality"],"damage_healed":0,"gold_gain":0,"player_choice":"Offered Curse","damage_taken":0,"relics_obtained":["Spirit Poop"],"max_hp_gain":0,"max_hp_loss":0,"event_name":"Bonfire Elementals","floor":31,"gold_loss":0}],"is_beta":false,"boss_relics":[{"not_picked":["Black Blood","Coffee Dripper"],"picked":"Cursed Key"}],"items_purged_floors":[21,30],"is_endless":false,"potions_floor_spawned":[6,10,12,16,19,27],"killed_by":"Champ","ascension_level":0}