{"gold_per_floor":[114,114,125,125,83,115,115,440,440,458,458,473,499,518,518,592,592,604,440,440,460,473,503,515,530,530,530,455,471,504,518,518,591,591,610,610,610,629,629,656,656,682,707,707,723,741,355,380,380,380,380,380,380,37,62,62],"floor_reached":57,"playtime":6486,"items_purged":["Dualcast","Ball Lightning","Zap+1"],"score":3179,"play_id":"2efee962-797d-4831-843f-df40bf5b8cca","local_time":"20190719214111","is_ascension_mode":true,"campfire_choices":[{"data":"Zap","floor":15.0,"key":"SMITH"},{"data":"Double Energy","floor":27.0,"key":"SMITH"},{"data":"Defragment","floor":32.0,"key":"SMITH"},{"data":"Fission","floor":41.0,"key":"SMITH"},{"data":"Rainbow","floor":44.0,"key":"SMITH"},{"floor":49.0,"key":"RECALL"},{"data":"Consume","floor":53.0,"key":"SMITH"}],"neow_cost":"NONE","seed_source_timestamp":0,"circlet_count":0,"master_deck":["AscendersBane","Glacier","Undo","Tempest+1","Glacier+1","Coolheaded","Electrodynamics","Rainbow+1","Double Energy+1","BootSequence","Consume+1","Multi-Cast","Echo Form","Defragment+1","Fission+1","Undo","Hologram"],"special_seed":0,"relics":["Cracked Core","NeowsBlessing","Meat on the Bone","Old Coin","Singing Bowl","Pocketwatch","Pandora\u0027s Box","Happy Flower","FossilizedHelix","Torii","Nunchaku","Velvet Choker","Letter Opener","Art of War","Frozen Eye","Bronze Scales","Oddly Smooth Stone","Gambling Chip"],"potions_floor_usage":[56,56],"damage_taken":[{"damage":0.0,"enemies":"Jaw Worm","floor":1.0,"turns":1.0},{"damage":0.0,"enemies":"2 Louse","floor":3.0,"turns":1.0},{"damage":0.0,"enemies":"3 Sentries","floor":6.0,"turns":1.0},{"damage":21.0,"enemies":"Lagavulin","floor":8.0,"turns":8.0},{"damage":0.0,"enemies":"Small Slimes","floor":10.0,"turns":2.0},{"damage":23.0,"enemies":"Exordium Thugs","floor":12.0,"turns":6.0},{"damage":5.0,"enemies":"Gremlin Nob","floor":13.0,"turns":4.0},{"damage":0.0,"enemies":"Exordium Wildlife","floor":14.0,"turns":3.0},{"damage":20.0,"enemies":"Slime Boss","floor":16.0,"turns":12.0},{"damage":12.0,"enemies":"2 Thieves","floor":18.0,"turns":2.0},{"damage":0.0,"enemies":"Chosen","floor":21.0,"turns":3.0},{"damage":0.0,"enemies":"Snecko","floor":22.0,"turns":3.0},{"damage":4.0,"enemies":"Slavers","floor":23.0,"turns":2.0},{"damage":0.0,"enemies":"Sentry and Sphere","floor":24.0,"turns":4.0},{"damage":2.0,"enemies":"Centurion and Healer","floor":25.0,"turns":4.0},{"damage":8.0,"enemies":"Snake Plant","floor":29.0,"turns":3.0},{"damage":0.0,"enemies":"Gremlin Leader","floor":30.0,"turns":4.0},{"damage":0.0,"enemies":"Snecko","floor":31.0,"turns":5.0},{"damage":0.0,"enemies":"Champ","floor":33.0,"turns":7.0},{"damage":0.0,"enemies":"Orb Walker","floor":35.0,"turns":2.0},{"damage":32.0,"enemies":"3 Darklings","floor":38.0,"turns":4.0},{"damage":35.0,"enemies":"Giant Head","floor":40.0,"turns":6.0},{"damage":0.0,"enemies":"Reptomancer","floor":42.0,"turns":4.0},{"damage":0.0,"enemies":"Sphere and 2 Shapes","floor":45.0,"turns":4.0},{"damage":0.0,"enemies":"Spire Growth","floor":46.0,"turns":5.0},{"damage":0.0,"enemies":"Giant Head","floor":48.0,"turns":4.0},{"damage":24.0,"enemies":"Time Eater","floor":50.0,"turns":7.0},{"damage":0.0,"enemies":"Awakened One","floor":51.0,"turns":18.0},{"damage":30,"enemies":"Shield and Spear","floor":55,"turns":7},{"damage":12,"enemies":"The Heart","floor":56,"turns":11}],"seed_played":"1788186810471901347","potions_obtained":[{"floor":1.0,"key":"PowerPotion"},{"floor":8.0,"key":"AttackPotion"},{"floor":10.0,"key":"Weak Potion"},{"floor":13.0,"key":"Block Potion"},{"floor":16.0,"key":"AttackPotion"},{"floor":18.0,"key":"Energy Potion"},{"floor":22.0,"key":"Fire Potion"},{"floor":29.0,"key":"Strength Potion"},{"floor":33.0,"key":"SteroidPotion"},{"floor":35.0,"key":"FocusPotion"}],"is_trial":false,"path_per_floor":["M","?","M","?","$","E","?","E","T","M","?","M","E","M","R","B",null,"M","$","?","M","M","E","M","M","T","R","$","M","E","M","R","B",null,"M","?","?","M","?","E","R","E","T","R","M","M","$","E","R","B","B",null,"R","$","E","B",null],"character_chosen":"DEFECT","items_purchased":["Undo","Happy Flower","Frozen Eye","Undo","PowerPotion","Oddly Smooth Stone"],"campfire_rested":0,"item_purchase_floors":[5,19,47,47,54,54],"current_hp_per_floor":[64,69,69,69,69,69,69,48,48,50,27,16,25,39,39,31,69,59,59,59,61,63,59,61,61,61,61,61,53,55,57,57,57,86,88,84,84,66,66,45,45,59,59,59,61,63,63,63,63,51,63,101,101,101,73,61],"gold":62,"neow_bonus":"THREE_ENEMY_KILL","is_prod":false,"is_daily":false,"chose_seed":false,"campfire_upgraded":6,"win_rate":0,"timestamp":1563540071,"path_taken":["M","?","M","?","$","E","?","E","T","M","?","M","E","M","R","BOSS","M","$","?","M","M","E","M","M","T","R","$","M","E","M","R","BOSS","M","?","?","?","?","E","R","E","T","R","M","M","$","E","R","BOSS","BOSS","R","$","E","BOSS"],"build_version":"2019-07-17","purchased_purges":3,"victory":true,"max_hp_per_floor":[71,76,76,76,76,76,76,76,76,78,78,78,80,82,82,82,82,84,84,84,86,88,88,90,92,92,92,92,92,94,96,96,96,96,98,104,104,106,106,108,108,110,110,110,112,114,114,114,114,114,114,114,114,114,116,116],"card_choices":[{"not_picked":["Streamline","Steam"],"picked":"Glacier","floor":1.0},{"not_picked":["Rebound","Beam Cell"],"picked":"Sweeping Beam","floor":3.0},{"not_picked":["Sweeping Beam","Fusion"],"picked":"Tempest","floor":6.0},{"not_picked":["Go for the Eyes","Turbo"],"picked":"Glacier","floor":8.0},{"not_picked":["Force Field","Go for the Eyes","Sweeping Beam"],"picked":"Singing Bowl","floor":10.0},{"not_picked":["Sweeping Beam","Melter"],"picked":"Coolheaded","floor":12.0},{"not_picked":["Sweeping Beam","Steam","Beam Cell"],"picked":"Singing Bowl","floor":13.0},{"not_picked":["Gash","Skim","Cold Snap"],"picked":"Singing Bowl","floor":14.0},{"not_picked":["Thunder Strike","Creative AI"],"picked":"Electrodynamics","floor":16.0},{"not_picked":["Streamline","Sweeping Beam","Stack"],"picked":"Singing Bowl","floor":18.0},{"not_picked":["Blizzard","Aggregate+1","Scrape"],"picked":"Singing Bowl","floor":21.0},{"not_picked":["Sweeping Beam","Auto Shields","Steam"],"picked":"Singing Bowl","floor":22.0},{"not_picked":["Multi-Cast","Conserve Battery"],"picked":"Echo Form","floor":23.0},{"not_picked":["Hello World","Sweeping Beam","FTL"],"picked":"Singing Bowl","floor":24.0},{"not_picked":["Reinforced Body","Scrape","Beam Cell"],"picked":"Singing Bowl","floor":25.0},{"not_picked":["Compile Driver","Beam Cell"],"picked":"Defragment","floor":29.0},{"not_picked":["Fusion","Stack","Gash"],"picked":"Singing Bowl","floor":30.0},{"not_picked":["Redo","Auto Shields","BootSequence"],"picked":"Singing Bowl","floor":31.0},{"not_picked":["Multi-Cast","Meteor Strike"],"picked":"Fission","floor":33.0},{"not_picked":["Go for the Eyes+1","Compile Driver","Stack"],"picked":"Singing Bowl","floor":35.0},{"not_picked":["Good Instincts","Purity","Madness"],"picked":"Singing Bowl","floor":36.0},{"not_picked":["Sadistic Nature","Impatience","Purity"],"picked":"Singing Bowl","floor":36.0},{"not_picked":["Forethought","PanicButton","HandOfGreed"],"picked":"Singing Bowl","floor":36.0},{"not_picked":["Steam","Coolheaded","Turbo+1"],"picked":"Singing Bowl","floor":38.0},{"not_picked":["Lockon","Streamline","Cold Snap+1"],"picked":"Singing Bowl","floor":40.0},{"not_picked":["Streamline","Conserve Battery","FTL"],"picked":"Singing Bowl","floor":42.0},{"not_picked":["Go for the Eyes","All For One","Rip and Tear"],"picked":"Singing Bowl","floor":45.0},{"not_picked":["Redo","Turbo+1","Consume+1"],"picked":"Singing Bowl","floor":46.0},{"not_picked":["Rebound","Chill+1"],"picked":"Hologram","floor":48.0},{"not_picked":["Compile Driver","Ball Lightning","Darkness"],"picked":"Singing Bowl","floor":55}],"player_experience":563253,"relics_obtained":[{"floor":6.0,"key":"Meat on the Bone"},{"floor":8.0,"key":"Old Coin"},{"floor":9.0,"key":"Singing Bowl"},{"floor":13.0,"key":"Pocketwatch"},{"floor":23.0,"key":"FossilizedHelix"},{"floor":26.0,"key":"Torii"},{"floor":30.0,"key":"Nunchaku"},{"floor":40.0,"key":"Letter Opener"},{"floor":42.0,"key":"Art of War"},{"floor":48.0,"key":"Bronze Scales"},{"floor":55,"key":"Gambling Chip"}],"event_choices":[{"damage_healed":0.0,"max_hp_gain":5.0,"max_hp_loss":0.0,"gold_gain":0.0,"event_name":"Big Fish","player_choice":"Donut","floor":2.0,"gold_loss":0.0,"damage_taken":0.0},{"damage_healed":0.0,"max_hp_gain":0.0,"max_hp_loss":0.0,"gold_gain":0.0,"event_name":"Liars Game","player_choice":"Ignored","floor":4.0,"gold_loss":0.0,"damage_taken":0.0},{"damage_healed":0.0,"max_hp_gain":0.0,"max_hp_loss":0.0,"gold_gain":0.0,"event_name":"Living Wall","player_choice":"Grow","floor":7.0,"gold_loss":0.0,"damage_taken":0.0,"cards_upgraded":["Tempest"]},{"damage_healed":0.0,"max_hp_gain":0.0,"max_hp_loss":0.0,"gold_gain":0.0,"event_name":"Shining Light","player_choice":"Entered Light","floor":11.0,"gold_loss":0.0,"damage_taken":23.0,"cards_upgraded":["Glacier","Strike_B"]},{"cards_removed":["White Noise"],"damage_healed":0.0,"max_hp_gain":0.0,"max_hp_loss":0.0,"gold_gain":0.0,"event_name":"Back to Basics","player_choice":"Elegance","floor":20.0,"gold_loss":0.0,"damage_taken":0.0},{"damage_healed":0.0,"max_hp_gain":0.0,"max_hp_loss":0.0,"gold_gain":0.0,"event_name":"SensoryStone","player_choice":"Memory 3","floor":36.0,"gold_loss":0.0,"damage_taken":10.0},{"cards_removed":["Sweeping Beam"],"damage_healed":0.0,"max_hp_gain":0.0,"max_hp_loss":0.0,"gold_gain":0.0,"event_name":"Wheel of Change","player_choice":"Card Removal","floor":37.0,"gold_loss":0.0,"damage_taken":0.0},{"cards_removed":["Hyperbeam"],"damage_healed":0.0,"max_hp_gain":0.0,"max_hp_loss":0.0,"gold_gain":0.0,"event_name":"Purifier","player_choice":"Purged","floor":39.0,"gold_loss":0.0,"damage_taken":0.0}],"is_beta":false,"boss_relics":[{"not_picked":["Nuclear Battery","Orrery"],"picked":"Pandora\u0027s Box"},{"not_picked":["Calling Bell","Runic Pyramid"],"picked":"Velvet Choker"}],"items_purged_floors":[28,47,54],"is_endless":false,"potions_floor_spawned":[1,8,10,13,16,18,22,29,33,35,42,46],"ascension_level":20}