{"gold_per_floor":[116,131,146,37,2,2,15,48,125,140,152,206,206,226,226,226],"floor_reached":16,"playtime":574,"items_purged":["Strike_R"],"score":104,"play_id":"8a295465-78b7-4cb8-8909-2f9938587622","local_time":"20190411100859","is_ascension_mode":false,"campfire_choices":[{"data":"Body Slam","floor":6,"key":"SMITH"},{"data":"Limit Break","floor":13,"key":"SMITH"},{"floor":15,"key":"REST"}],"neow_cost":"NONE","seed_source_timestamp":5215905188842,"circlet_count":0,"master_deck":["Strike_R","Strike_R","Strike_R","Strike_R","Defend_R","Defend_R","Defend_R","Defend_R","Bash","Body Slam+1","Rage","Heavy Blade","Limit Break+1","Armaments","Iron Wave+1","Flame Barrier"],"relics":["Burning Blood","NeowsBlessing","Ice Cream","Molten Egg 2","Tiny Chest"],"potions_floor_usage":[8,8,16,16],"damage_taken":[{"damage":0,"enemies":"Cultist","floor":1,"turns":1},{"damage":0,"enemies":"Jaw Worm","floor":2,"turns":1},{"damage":0,"enemies":"Small Slimes","floor":3,"turns":1},{"damage":9,"enemies":"Gremlin Gang","floor":7,"turns":5},{"damage":34,"enemies":"3 Sentries","floor":8,"turns":10},{"damage":7,"enemies":"Large Slime","floor":10,"turns":8},{"damage":8,"enemies":"2 Fungi Beasts","floor":11,"turns":3},{"damage":7,"enemies":"Looter","floor":14,"turns":3},{"damage":77,"enemies":"Slime Boss","floor":16,"turns":11}],"seed_played":"2843969229193856910","potions_obtained":[{"floor":1,"key":"Ancient Potion"},{"floor":3,"key":"Fire Potion"},{"floor":11,"key":"Ancient Potion"},{"floor":14,"key":"FearPotion"}],"is_trial":false,"path_per_floor":["M","M","M","$","?","R","M","E","T","M","M","T","R","M","R","B"],"character_chosen":"IRONCLAD","items_purchased":["Rage"],"campfire_rested":1,"item_purchase_floors":[4],"current_hp_per_floor":[80,80,80,80,80,80,77,49,49,48,46,46,46,45,69,0],"gold":226,"neow_bonus":"THREE_ENEMY_KILL","is_prod":false,"is_daily":false,"chose_seed":false,"campfire_upgraded":2,"win_rate":0.0,"timestamp":1554948539,"path_taken":["M","M","M","$","?","R","M","E","T","M","M","?","R","M","R","BOSS"],"build_version":"2019-01-23","purchased_purges":1,"victory":false,"max_hp_per_floor":[80,80,80,80,80,80,80,80,80,80,80,80,80,80,80,80],"card_choices":[{"not_picked":["Pummel","Combust","Wild Strike"],"picked":"SKIP","floor":1},{"not_picked":["Evolve","Dual Wield","Thunderclap"],"picked":"SKIP","floor":2},{"not_picked":["Perfected Strike","Thunderclap"],"picked":"Body Slam","floor":3},{"not_picked":["Blood for Blood","Combust"],"picked":"Heavy Blade","floor":7},{"not_picked":["Anger","Pommel Strike"],"picked":"Limit Break","floor":8},{"not_picked":["Clash+1","Perfected Strike+1"],"picked":"Armaments","floor":10},{"not_picked":["Wild Strike+1","Heavy Blade+1"],"picked":"Iron Wave+1","floor":11},{"not_picked":["Iron Wave+1","True Grit"],"picked":"Flame Barrier","floor":14}],"player_experience":25112,"relics_obtained":[{"floor":8,"key":"Ice Cream"},{"floor":9,"key":"Molten Egg 2"},{"floor":12,"key":"Tiny Chest"}],"event_choices":[{"damage_healed":0,"gold_gain":0,"player_choice":"Left Gold","damage_taken":0,"max_hp_gain":0,"max_hp_loss":0,"event_name":"World of Goop","floor":5,"gold_loss":35}],"is_beta":false,"boss_relics":[],"items_purged_floors":[4],"is_endless":false,"potions_floor_spawned":[1,3,11,14],"killed_by":"Slime Boss","ascension_level":0}