{"gold_per_floor":[115,127,137,62,82,82,109,109,109,121,121,121,137,157,157,260,260,280,280,90,109,121,121,121],"floor_reached":24,"playtime":798,"items_purged":["Defend_G"],"score":210,"play_id":"a1d24c1b-9e94-461f-b524-f46b1cc084c8","local_time":"20190419101802","is_ascension_mode":true,"campfire_choices":[{"floor":6,"key":"REST"},{"data":"Noxious Fumes","floor":11,"key":"SMITH"},{"floor":15,"key":"REST"},{"floor":23,"key":"REST"}],"neow_cost":"NONE","seed_source_timestamp":257621721347334,"circlet_count":0,"master_deck":["Defend_G","Defend_G","Defend_G","Defend_G","Strike_G","Strike_G","Strike_G","Strike_G","Strike_G","Survivor","Neutralize","Deadly Poison","Crippling Poison","Bouncing Flask","Acrobatics","Noxious Fumes+1","Backstab+1","Escape Plan","Poisoned Stab+1","Bouncing Flask","Prepared","Tactician"],"relics":["Ring of the Snake","Molten Egg 2","Question Card","Nloth\u0027s Gift","Art of War"],"potions_floor_usage":[3,7,22,22],"damage_taken":[{"damage":13,"enemies":"Cultist","floor":1,"turns":4},{"damage":5,"enemies":"2 Louse","floor":2,"turns":3},{"damage":3,"enemies":"Small Slimes","floor":3,"turns":3},{"damage":4,"enemies":"3 Louse","floor":5,"turns":3},{"damage":30,"enemies":"Gremlin Nob","floor":7,"turns":4},{"damage":3,"enemies":"2 Fungi Beasts","floor":10,"turns":3},{"damage":9,"enemies":"Red Slaver","floor":13,"turns":4},{"damage":25,"enemies":"Exordium Thugs","floor":14,"turns":5},{"damage":16,"enemies":"Hexaghost","floor":16,"turns":8},{"damage":4,"enemies":"Spheric Guardian","floor":18,"turns":4},{"damage":39,"enemies":"2 Thieves","floor":21,"turns":4},{"damage":16,"enemies":"Snake Plant","floor":22,"turns":3},{"damage":37,"enemies":"Gremlin Leader","floor":24,"turns":4}],"seed_played":"-782992756423212286","potions_obtained":[{"floor":2,"key":"GamblersBrew"},{"floor":5,"key":"Strength Potion"},{"floor":7,"key":"GamblersBrew"},{"floor":13,"key":"FearPotion"},{"floor":14,"key":"GamblersBrew"},{"floor":21,"key":"SteroidPotion"}],"is_trial":false,"path_per_floor":["M","M","M","$","M","R","E","T","T","M","R","?","M","M","R","B",null,"M","?","$","M","M","R","E"],"character_chosen":"THE_SILENT","items_purchased":["Art of War","Bouncing Flask"],"campfire_rested":3,"item_purchase_floors":[20,20],"current_hp_per_floor":[57,52,49,49,45,66,36,36,36,33,33,70,61,36,57,41,70,66,66,66,27,11,32,0],"gold":121,"neow_bonus":"THREE_CARDS","is_prod":false,"is_daily":false,"chose_seed":false,"campfire_upgraded":1,"win_rate":0,"timestamp":1555640282,"path_taken":["M","M","M","$","M","R","E","?","T","M","R","?","M","M","R","BOSS","M","?","$","M","?","R","E"],"build_version":"2019-01-23","purchased_purges":1,"victory":false,"max_hp_per_floor":[70,70,70,70,70,70,70,70,70,70,70,70,70,70,70,70,70,70,70,70,70,70,70,70],"card_choices":[{"not_picked":["Dash","Heel Hook"],"picked":"Deadly Poison","floor":0},{"not_picked":["Underhanded Strike","Dagger Throw"],"picked":"Crippling Poison","floor":1},{"not_picked":["Heel Hook","Flying Knee"],"picked":"Bouncing Flask","floor":2},{"not_picked":["Catalyst","Finisher","Quick Slash"],"picked":"SKIP","floor":3},{"not_picked":["Deadly Poison","Quick Slash"],"picked":"Acrobatics","floor":5},{"not_picked":["Underhanded Strike","Tools of the Trade"],"picked":"Noxious Fumes","floor":7},{"not_picked":["Dash+1","Noxious Fumes","Backflip"],"picked":"Tactician","floor":10},{"not_picked":["PiercingWail","Blade Dance","Bane+1"],"picked":"Backstab+1","floor":13},{"not_picked":["Flechettes+1","Calculated Gamble","Blur"],"picked":"Escape Plan","floor":14},{"not_picked":["Slice+1","Deadly Poison+1","Dagger Throw+1"],"picked":"Poisoned Stab+1","floor":18},{"not_picked":["Poisoned Stab+1","Malaise","Escape Plan"],"picked":"Prepared","floor":21},{"not_picked":["Backflip+1","Cloak And Dagger","Deflect+1"],"picked":"Tactician","floor":22}],"player_experience":75470,"relics_obtained":[{"floor":7,"key":"Molten Egg 2"},{"floor":8,"key":"Bottled Flame"},{"floor":9,"key":"Question Card"}],"event_choices":[{"cards_removed":["Tactician"],"damage_healed":37,"gold_gain":0,"player_choice":"Offered Uncommon","damage_taken":0,"max_hp_gain":0,"max_hp_loss":0,"event_name":"Bonfire Elementals","floor":12,"gold_loss":0},{"damage_healed":0,"gold_gain":0,"player_choice":"Traded Relic","damage_taken":0,"relics_obtained":["Nloth\u0027s Gift"],"max_hp_gain":0,"max_hp_loss":0,"event_name":"N\u0027loth","floor":19,"relics_lost":["Bottled Flame"],"gold_loss":0}],"is_beta":false,"boss_relics":[{"not_picked":["Calling Bell","Velvet Choker","Snecko Eye"]}],"items_purged_floors":[4],"is_endless":false,"potions_floor_spawned":[2,5,7,13,14,21],"killed_by":"Gremlin Leader","ascension_level":1}