{"gold_per_floor":[111,15,15,31,43,43,75,75,126,146,165,165],"floor_reached":12,"playtime":403,"items_purged":[],"score":84,"play_id":"2a23d247-906c-4f71-8dc8-1919071328ee","local_time":"20190418180157","is_ascension_mode":true,"campfire_choices":[{"data":"Fusion","floor":6,"key":"SMITH"}],"neow_cost":"NONE","seed_source_timestamp":199448975049095,"circlet_count":0,"master_deck":["Strike_B","Strike_B","Strike_B","Strike_B","Defend_B","Defend_B","Defend_B","Defend_B","Zap","Dualcast","Chaos","Redo","Compile Driver","Fusion+1","Machine Learning+1","Melter","Conserve Battery"],"relics":["Runic Dome","Orichalcum","Happy Flower","Bag of Marbles"],"potions_floor_usage":[],"damage_taken":[{"damage":1,"enemies":"Jaw Worm","floor":1,"turns":4},{"damage":1,"enemies":"2 Louse","floor":4,"turns":2},{"damage":1,"enemies":"Cultist","floor":5,"turns":4},{"damage":38,"enemies":"Lagavulin","floor":7,"turns":9},{"damage":9,"enemies":"Blue Slaver","floor":10,"turns":3},{"damage":8,"enemies":"2 Fungi Beasts","floor":11,"turns":4},{"damage":14,"enemies":"3 Sentries","floor":12,"turns":2}],"seed_played":"-5118311818064444228","potions_obtained":[{"floor":5,"key":"SkillPotion"},{"floor":10,"key":"FearPotion"}],"is_trial":false,"path_per_floor":["M","$","?","M","M","R","E","?","T","M","M","E"],"character_chosen":"DEFECT","items_purchased":["Chaos","Redo"],"campfire_rested":0,"item_purchase_floors":[2,2],"current_hp_per_floor":[74,74,71,70,69,69,31,31,31,22,14,0],"gold":165,"neow_bonus":"BOSS_RELIC","is_prod":false,"is_daily":false,"chose_seed":false,"campfire_upgraded":1,"win_rate":0,"timestamp":1555581717,"path_taken":["M","$","?","M","M","R","E","?","T","?","M","E"],"build_version":"2019-01-23","purchased_purges":0,"victory":false,"max_hp_per_floor":[75,75,75,75,75,75,75,75,75,75,75,75],"card_choices":[{"not_picked":["Go for the Eyes","Turbo","Compile Driver"],"picked":"SKIP","floor":1},{"not_picked":["BootSequence","Sweeping Beam"],"picked":"Compile Driver","floor":4},{"not_picked":["Streamline","Rebound"],"picked":"Fusion","floor":5},{"not_picked":["Beam Cell","Steam Power"],"picked":"Machine Learning","floor":7},{"not_picked":["Rebound","Coolheaded"],"picked":"Melter","floor":10},{"not_picked":["Ball Lightning","Streamline"],"picked":"Conserve Battery","floor":11}],"player_experience":67184,"relics_obtained":[{"floor":7,"key":"Happy Flower"},{"floor":9,"key":"Bag of Marbles"}],"event_choices":[{"damage_healed":0,"gold_gain":0,"player_choice":"Success","damage_taken":3,"relics_obtained":["Orichalcum"],"max_hp_gain":0,"max_hp_loss":0,"event_name":"Scrap Ooze","floor":3,"gold_loss":0},{"damage_healed":0,"gold_gain":0,"player_choice":"Upgraded","damage_taken":0,"max_hp_gain":0,"max_hp_loss":0,"event_name":"Upgrade Shrine","floor":8,"gold_loss":0,"cards_upgraded":["Machine Learning"]}],"is_beta":false,"boss_relics":[],"items_purged_floors":[],"is_endless":false,"potions_floor_spawned":[5,10],"killed_by":"3 Sentries","ascension_level":1}