{"gold_per_floor":[116,116,129,54,65,92,92,92,118,135,197,197,207,222,222,324,324,339,339,350,350,350,350,350,360,414,28,28,42,87,103,103,103],"floor_reached":33,"playtime":2586,"items_purged":[],"score":411,"play_id":"9e898189-71f3-4e4c-af6a-a4ad4b550b50","local_time":"20190822190812","is_ascension_mode":true,"campfire_choices":[{"data":"Zap","floor":7,"key":"SMITH"},{"data":"Auto Shields","floor":12,"key":"SMITH"},{"data":"Coolheaded","floor":15,"key":"SMITH"},{"floor":23,"key":"REST"},{"data":"Fission","floor":28,"key":"SMITH"},{"data":"Undo","floor":32,"key":"SMITH"}],"neow_cost":"NONE","seed_source_timestamp":117729028048298,"circlet_count":0,"master_deck":["AscendersBane","Strike_B+1","Strike_B+1","Strike_B+1","Strike_B+1","Defend_B+1","Defend_B+1","Defend_B+1","Defend_B+1","Zap+1","Dualcast","Barrage+1","Auto Shields+1","Compile Driver","Cold Snap","Coolheaded+1","FTL","Fission+1","Ball Lightning+1","Go for the Eyes","FTL","Ball Lightning","Machine Learning","Undo+1","Redo+1","Loop"],"special_seed":0,"relics":["Cracked Core","Omamori","WarpedTongs","Bronze Scales","Oddly Smooth Stone","Tiny Chest","Orrery","Cables","Pen Nib","StoneCalendar","Whetstone"],"potions_floor_usage":[6,10,13,16,29,33,33],"damage_taken":[{"damage":4.0,"enemies":"2 Louse","floor":1.0,"turns":4.0},{"damage":0,"enemies":"Cultist","floor":3,"turns":4},{"damage":7,"enemies":"Jaw Worm","floor":5,"turns":3},{"damage":6,"enemies":"Lagavulin","floor":6,"turns":6},{"damage":2,"enemies":"Looter","floor":10,"turns":2},{"damage":8,"enemies":"3 Sentries","floor":11,"turns":6},{"damage":2,"enemies":"3 Louse","floor":13,"turns":1},{"damage":0,"enemies":"Large Slime","floor":14,"turns":5},{"damage":19,"enemies":"The Guardian","floor":16,"turns":12},{"damage":17,"enemies":"2 Thieves","floor":18,"turns":3},{"damage":0,"enemies":"Spheric Guardian","floor":20,"turns":3},{"damage":0,"enemies":"Snake Plant","floor":25,"turns":4},{"damage":8,"enemies":"Centurion and Healer","floor":29,"turns":4},{"damage":6,"enemies":"Shelled Parasite and Fungi","floor":31,"turns":5},{"damage":70,"enemies":"Champ","floor":33,"turns":9}],"seed_played":"-2247545995102166373","potions_obtained":[{"floor":1.0,"key":"Dexterity Potion"},{"floor":3,"key":"Fire Potion"},{"floor":6,"key":"AttackPotion"},{"floor":11,"key":"Strength Potion"},{"floor":14,"key":"Regen Potion"},{"floor":16,"key":"AttackPotion"},{"floor":31,"key":"Strength Potion"}],"is_trial":false,"path_per_floor":["M","?","M","$","M","E","R","?","T","M","E","R","M","M","R","B",null,"M","?","M","?","?","R","T","M","T","$","R","M","T","M","R","B"],"character_chosen":"DEFECT","items_purchased":["Auto Shields","StoneCalendar","Loop"],"campfire_rested":1,"item_purchase_floors":[4,27,27],"current_hp_per_floor":[64,64,64,64,57,51,51,69,69,67,59,59,57,57,57,53,70,53,53,53,53,53,75,75,75,75,75,75,67,67,61,61,0],"gold":103,"neow_bonus":"RANDOM_COMMON_RELIC","is_prod":false,"is_daily":false,"chose_seed":false,"campfire_upgraded":5,"win_rate":0,"timestamp":1566497292,"path_taken":["M","?","?","$","M","E","R","?","T","M","E","R","M","M","R","BOSS","M","?","M","?","?","R","?","M","T","$","R","M","?","M","R","BOSS"],"build_version":"2019-07-17","purchased_purges":0,"victory":false,"max_hp_per_floor":[75,75,75,75,75,75,75,75,75,75,75,75,75,75,75,75,75,75,75,75,75,75,75,75,75,75,75,75,75,75,75,75,75],"card_choices":[{"not_picked":["Heatsinks","Sweeping Beam","Doom and Gloom"],"picked":"SKIP","floor":1.0},{"not_picked":["Steam","Sweeping Beam"],"picked":"Barrage","floor":3},{"not_picked":["Turbo","Streamline","Chaos"],"picked":"SKIP","floor":5},{"not_picked":["Buffer","Rebound"],"picked":"Compile Driver","floor":6},{"not_picked":["Capacitor","Loop"],"picked":"Cold Snap","floor":10},{"not_picked":["Sweeping Beam","Storm","Beam Cell"],"picked":"SKIP","floor":11},{"not_picked":["Gash","Hologram"],"picked":"Coolheaded","floor":13},{"not_picked":["Leap","Gash"],"picked":"FTL","floor":14},{"not_picked":["Multi-Cast","Buffer"],"picked":"Fission","floor":16},{"not_picked":["Leap","Sweeping Beam"],"picked":"Ball Lightning","floor":17},{"not_picked":["Redo","Double Energy"],"picked":"Go for the Eyes","floor":17},{"not_picked":["Redo","Conserve Battery"],"picked":"FTL","floor":17},{"not_picked":["Conserve Battery","Hologram"],"picked":"Ball Lightning","floor":17},{"not_picked":["Reprogram+1","Stack"],"picked":"Machine Learning","floor":18},{"not_picked":["Barrage+1","FTL"],"picked":"Undo","floor":20},{"not_picked":["Auto Shields","Go for the Eyes"],"picked":"Redo+1","floor":25},{"not_picked":["Go for the Eyes","Steam","Lockon+1"],"picked":"SKIP","floor":29},{"not_picked":["Sweeping Beam","Undo","Steam"],"picked":"SKIP","floor":31}],"player_experience":520473,"relics_obtained":[{"floor":6,"key":"Bronze Scales"},{"floor":9,"key":"Oddly Smooth Stone"},{"floor":11,"key":"Tiny Chest"},{"floor":24,"key":"Cables"},{"floor":26,"key":"Pen Nib"},{"floor":30,"key":"Whetstone"}],"event_choices":[{"damage_healed":0.0,"max_hp_gain":0.0,"max_hp_loss":0.0,"gold_gain":0.0,"event_name":"Accursed Blacksmith","player_choice":"Rummage","floor":2.0,"gold_loss":0.0,"damage_taken":0.0,"relics_obtained":["WarpedTongs"],"cards_obtained":["Pain"]},{"damage_healed":18,"gold_gain":0,"player_choice":"Healed and dodged fight","damage_taken":0,"max_hp_gain":0,"max_hp_loss":0,"event_name":"Mushrooms","floor":8,"gold_loss":0,"cards_obtained":["Parasite"]},{"damage_healed":0,"gold_gain":0,"player_choice":"Ignored","damage_taken":0,"max_hp_gain":0,"max_hp_loss":0,"event_name":"Vampires","floor":19,"gold_loss":0},{"damage_healed":0,"gold_gain":0,"player_choice":"Ignored","damage_taken":0,"max_hp_gain":0,"max_hp_loss":0,"event_name":"Ghosts","floor":21,"gold_loss":0},{"damage_healed":0,"gold_gain":0,"player_choice":"Simplicity","damage_taken":0,"max_hp_gain":0,"max_hp_loss":0,"event_name":"Back to Basics","floor":22,"gold_loss":0,"cards_upgraded":["Strike_B","Strike_B","Strike_B","Strike_B","Defend_B","Defend_B","Defend_B","Defend_B"]}],"is_beta":false,"boss_relics":[{"not_picked":["Fusion Hammer","Philosopher\u0027s Stone"],"picked":"Orrery"}],"items_purged_floors":[],"is_endless":false,"potions_floor_spawned":[1,3,6,11,14,16,18,31],"killed_by":"Champ","ascension_level":12}