{"gold_per_floor":[117,78,78,78,93,93,421,421,421,183,203,203,219,252,252,345,345,359,372,422,45,59,59,99,99,99,135,135,166,166,91,91,184,184,205,205,228,253,63,99,99,140,163,163,176,245,288,307,307,307,307,307,307,56,56],"floor_reached":55,"playtime":4213,"items_purged":["Go for the Eyes","Dualcast"],"score":2113,"play_id":"522ddd87-7063-417b-8b45-34d4f2fa7866","local_time":"20190824101112","is_ascension_mode":true,"campfire_choices":[{"data":"Self Repair","floor":6,"key":"SMITH"},{"data":"Zap","floor":8,"key":"SMITH"},{"data":"Rainbow","floor":15,"key":"SMITH"},{"data":"Capacitor","floor":23,"key":"SMITH"},{"data":"Biased Cognition","floor":25,"key":"SMITH"},{"data":"Biased Cognition","floor":28,"key":"SMITH"},{"floor":30,"key":"REST"},{"floor":32,"key":"REST"},{"data":"Apotheosis","floor":41,"key":"SMITH"},{"data":"Coolheaded","floor":44,"key":"SMITH"},{"floor":49,"key":"RECALL"},{"data":"Coolheaded","floor":53,"key":"SMITH"}],"neow_cost":"NONE","seed_source_timestamp":215407485593735,"circlet_count":0,"master_deck":["AscendersBane","Zap+1","BootSequence+1","Self Repair+1","Rainbow+1","Consume","Compile Driver","Biased Cognition+1","Blizzard","Force Field","Turbo","Biased Cognition+1","Stack","Double Energy","Multi-Cast","Capacitor+1","Go for the Eyes+1","Electrodynamics","Coolheaded","Coolheaded+1","Apotheosis+1","Darkness","Glacier","Creative AI","Coolheaded+1","Impatience","Hologram"],"relics":["Cracked Core","NeowsBlessing","Shuriken","Old Coin","Meat on the Bone","PreservedInsect","Golden Idol","Strawberry","Pandora\u0027s Box","ClockworkSouvenir","Bronze Scales","Nunchaku","Pear","Dream Catcher","Mummified Hand","Inserter","Bird Faced Urn","Pen Nib","Dead Branch","Pocketwatch"],"potions_floor_usage":[16,19,24,29],"damage_taken":[{"damage":0,"enemies":"2 Louse","floor":1,"turns":1},{"damage":0,"enemies":"Small Slimes","floor":5,"turns":2},{"damage":0,"enemies":"Gremlin Nob","floor":7,"turns":1},{"damage":0,"enemies":"Jaw Worm","floor":11,"turns":4},{"damage":7,"enemies":"Exordium Thugs","floor":13,"turns":5},{"damage":26,"enemies":"3 Sentries","floor":14,"turns":8},{"damage":14,"enemies":"The Guardian","floor":16,"turns":12},{"damage":9,"enemies":"Shell Parasite","floor":18,"turns":4},{"damage":0,"enemies":"3 Byrds","floor":19,"turns":2},{"damage":7,"enemies":"Centurion and Healer","floor":22,"turns":5},{"damage":33,"enemies":"Book of Stabbing","floor":24,"turns":4},{"damage":47,"enemies":"Gremlin Leader","floor":27,"turns":5},{"damage":30,"enemies":"Book of Stabbing","floor":29,"turns":5},{"damage":26,"enemies":"Champ","floor":33,"turns":10},{"damage":11,"enemies":"3 Shapes","floor":35,"turns":3},{"damage":11,"enemies":"Orb Walker","floor":37,"turns":4},{"damage":27,"enemies":"Transient","floor":38,"turns":6},{"damage":0,"enemies":"Nemesis","floor":40,"turns":5},{"damage":32,"enemies":"Reptomancer","floor":42,"turns":4},{"damage":11,"enemies":"4 Shapes","floor":45,"turns":4},{"damage":35,"enemies":"2 Orb Walkers","floor":46,"turns":5},{"damage":0,"enemies":"Giant Head","floor":47,"turns":5},{"damage":0,"enemies":"3 Darklings","floor":48,"turns":2},{"damage":36,"enemies":"Time Eater","floor":50,"turns":17},{"damage":25,"enemies":"Donu and Deca","floor":51,"turns":9},{"damage":90,"enemies":"Shield and Spear","floor":55,"turns":3}],"seed_played":"7466693434178153254","potions_obtained":[{"floor":1,"key":"Weak Potion"},{"floor":7,"key":"GamblersBrew"},{"floor":13,"key":"Poison Potion"},{"floor":18,"key":"LiquidBronze"},{"floor":19,"key":"Fire Potion"},{"floor":27,"key":"FocusPotion"},{"floor":29,"key":"FocusPotion"},{"floor":37,"key":"Ancient Potion"}],"is_trial":false,"path_per_floor":["M","$","?","?","M","R","E","R","T","$","M","?","M","E","R","B",null,"M","M","?","$","M","R","E","R","T","E","R","E","R","$","R","B",null,"M","?","M","M","$","E","R","E","T","R","M","?","E","M","R","B","B",null,"R","$","E"],"character_chosen":"DEFECT","items_purchased":["Self Repair","PreservedInsect","Consume","ClockworkSouvenir","Bronze Scales","Apotheosis","Impatience","Hologram"],"campfire_rested":2,"item_purchase_floors":[2,10,10,21,21,39,54,54],"current_hp_per_floor":[64,64,46,25,25,25,35,35,35,35,57,57,60,51,51,47,65,66,66,66,66,69,69,46,46,56,31,31,13,37,37,61,57,75,64,59,58,53,53,63,63,51,51,51,60,55,77,81,81,81,81,81,81,81,0],"gold":56,"neow_bonus":"THREE_ENEMY_KILL","is_prod":false,"is_daily":false,"chose_seed":false,"campfire_upgraded":9,"win_rate":0,"timestamp":1566609072,"path_taken":["M","$","?","?","M","R","E","R","T","$","M","?","M","E","R","BOSS","M","M","?","?","M","R","E","R","T","E","R","E","R","$","R","BOSS","M","?","?","M","$","E","R","E","T","R","M","?","E","M","R","BOSS","BOSS","R","$","E"],"build_version":"2019-07-17","purchased_purges":2,"victory":false,"max_hp_per_floor":[71,71,71,71,71,71,71,71,71,71,71,64,64,71,71,71,71,71,71,71,71,71,71,71,71,81,81,81,81,81,81,81,81,81,81,81,81,81,81,81,81,81,81,81,81,81,81,81,81,81,81,81,81,81,81],"card_choices":[{"not_picked":["Coolheaded","Gash"],"picked":"BootSequence","floor":1},{"not_picked":["Barrage","Rebound","Leap"],"picked":"SKIP","floor":5},{"not_picked":["Hello World","Machine Learning"],"picked":"Rainbow","floor":7},{"not_picked":["Turbo","Compile Driver","Fusion"],"picked":"SKIP","floor":11},{"not_picked":["Steam Power","Conserve Battery","Heatsinks"],"picked":"SKIP","floor":13},{"not_picked":["Leap","Steam Power"],"picked":"Compile Driver","floor":14},{"not_picked":["Buffer","Multi-Cast"],"picked":"Biased Cognition","floor":16},{"not_picked":["Reinforced Body","Compile Driver"],"picked":"Capacitor","floor":18},{"not_picked":["Heatsinks","Cold Snap"],"picked":"Go for the Eyes+1","floor":19},{"not_picked":["Blizzard","Leap","Static Discharge"],"picked":"SKIP","floor":22},{"not_picked":["Reinforced Body","Reprogram"],"picked":"Electrodynamics","floor":24},{"not_picked":["BootSequence","Thunder Strike","Scrape"],"picked":"SKIP","floor":27},{"not_picked":["Genetic Algorithm","Streamline","Ball Lightning"],"picked":"SKIP","floor":29},{"not_picked":["Stack+1","Rebound"],"picked":"Coolheaded","floor":30},{"not_picked":["Self Repair+1","Tempest"],"picked":"Coolheaded","floor":32},{"not_picked":["White Noise","Fusion","Rebound"],"picked":"SKIP","floor":35},{"not_picked":["Gash","Leap","Streamline"],"picked":"SKIP","floor":37},{"not_picked":["Hologram","FTL","Cold Snap"],"picked":"SKIP","floor":38},{"not_picked":["Self Repair","Redo"],"picked":"Darkness","floor":40},{"not_picked":["Redo","Chill"],"picked":"Glacier","floor":42},{"not_picked":["Steam","Rebound+1","Stack"],"picked":"SKIP","floor":45},{"not_picked":["Glacier","Steam Power+1"],"picked":"Creative AI","floor":47},{"not_picked":["Redo+1","Rebound+1"],"picked":"Coolheaded","floor":48}],"player_experience":597320,"relics_obtained":[{"floor":7,"key":"Old Coin"},{"floor":9,"key":"Meat on the Bone"},{"floor":14,"key":"Strawberry"},{"floor":24,"key":"Nunchaku"},{"floor":26,"key":"Pear"},{"floor":27,"key":"Dream Catcher"},{"floor":29,"key":"Mummified Hand"},{"floor":40,"key":"Bird Faced Urn"},{"floor":42,"key":"Pen Nib"},{"floor":46,"key":"Dead Branch"},{"floor":47,"key":"Pocketwatch"}],"event_choices":[{"damage_healed":0,"gold_gain":0,"player_choice":"Success","damage_taken":18,"relics_obtained":["Shuriken"],"max_hp_gain":0,"max_hp_loss":0,"event_name":"Scrap Ooze","floor":3,"gold_loss":0},{"damage_healed":0,"gold_gain":0,"player_choice":"Entered Light","damage_taken":21,"max_hp_gain":0,"max_hp_loss":0,"event_name":"Shining Light","floor":4,"gold_loss":0,"cards_upgraded":["Defend_B","BootSequence"]},{"damage_healed":0,"gold_gain":0,"player_choice":"Lose Max HP","damage_taken":0,"relics_obtained":["Golden Idol"],"max_hp_gain":0,"max_hp_loss":7,"event_name":"Golden Idol","floor":12,"gold_loss":0},{"damage_healed":0,"gold_gain":50,"player_choice":"Pray","damage_taken":0,"max_hp_gain":0,"max_hp_loss":0,"event_name":"Golden Shrine","floor":20,"gold_loss":0},{"damage_healed":0,"gold_gain":0,"player_choice":"Bought 0 Potions","damage_taken":0,"max_hp_gain":0,"max_hp_loss":0,"event_name":"The Woman in Blue","floor":36,"gold_loss":0},{"damage_healed":0,"gold_gain":0,"player_choice":"Fight","damage_taken":0,"max_hp_gain":0,"max_hp_loss":0,"event_name":"Mysterious Sphere","floor":46,"gold_loss":0}],"is_beta":false,"boss_relics":[{"not_picked":["Runic Pyramid","Eternal Feather"],"picked":"Pandora\u0027s Box"},{"not_picked":["FrozenCore","White Beast Statue"],"picked":"Inserter"}],"items_purged_floors":[31,54],"is_endless":false,"potions_floor_spawned":[1,7,13,18,19,27,29,35,37,40,48],"killed_by":"Shield and Spear","ascension_level":20}