{"gold_per_floor":[115,290,215,227,227,227,227,227,227,261,278,278,278,306,306,306],"floor_reached":16,"playtime":331,"items_purged":["Doubt"],"score":131,"play_id":"50e0e860-bf3e-4b19-90e6-b48bb1547bf0","local_time":"20190812183303","is_ascension_mode":false,"campfire_choices":[{"data":"Blade Dance","floor":6,"key":"SMITH"},{"data":"PiercingWail","floor":8,"key":"SMITH"},{"data":"Backflip","floor":13,"key":"SMITH"},{"floor":15,"key":"REST"}],"neow_cost":"NONE","seed_source_timestamp":652031728575272,"circlet_count":0,"master_deck":["Strike_G","Strike_G","Strike_G","Strike_G","Strike_G","Defend_G","Defend_G","Defend_G","Defend_G","Defend_G","Survivor","Neutralize","Blade Dance+1","PiercingWail+1","Reflex+1","Backflip+1","Blade Dance"],"relics":["Ring of the Snake","NeowsBlessing","Dodecahedron","Blood Vial","Letter Opener"],"potions_floor_usage":[],"damage_taken":[{"damage":0,"enemies":"Jaw Worm","floor":1,"turns":1},{"damage":0,"enemies":"2 Louse","floor":4,"turns":1},{"damage":0,"enemies":"Gremlin Nob","floor":10,"turns":1},{"damage":0,"enemies":"Small Slimes","floor":11,"turns":3},{"damage":52,"enemies":"Lagavulin","floor":14,"turns":14},{"damage":50,"enemies":"Slime Boss","floor":16,"turns":10}],"seed_played":"2203306036902760347","potions_obtained":[{"floor":10,"key":"Energy Potion"},{"floor":11,"key":"FairyPotion"}],"is_trial":false,"path_per_floor":["M","?","$","M","$","R","?","R","T","E","M","?","R","E","R","B"],"character_chosen":"THE_SILENT","items_purchased":[],"campfire_rested":1,"item_purchase_floors":[],"current_hp_per_floor":[70,70,70,70,70,70,75,75,75,75,75,75,75,23,45,7],"gold":306,"neow_bonus":"THREE_ENEMY_KILL","is_prod":false,"is_daily":false,"chose_seed":false,"campfire_upgraded":3,"win_rate":0,"timestamp":1565605983,"path_taken":["M","?","$","M","$","R","?","R","T","E","M","?","R","E","R","BOSS"],"build_version":"2019-07-17","purchased_purges":1,"victory":false,"max_hp_per_floor":[70,70,70,70,70,70,75,75,75,75,75,75,75,75,75,75],"card_choices":[{"not_picked":["Acrobatics","Flying Knee"],"picked":"Blade Dance","floor":1},{"not_picked":["Bane","Flying Knee"],"picked":"PiercingWail","floor":4},{"not_picked":["Dodge and Roll","Skewer"],"picked":"Reflex","floor":10},{"not_picked":["Unload","Flying Knee"],"picked":"Backflip","floor":11},{"not_picked":["Dodge and Roll","Eviscerate"],"picked":"Blade Dance","floor":14}],"player_experience":190328,"relics_obtained":[{"floor":9,"key":"Dodecahedron"},{"floor":10,"key":"Blood Vial"},{"floor":14,"key":"Letter Opener"}],"event_choices":[{"damage_healed":0,"gold_gain":175,"player_choice":"AGREE","damage_taken":0,"max_hp_gain":0,"max_hp_loss":0,"event_name":"Liars Game","floor":2,"gold_loss":0,"cards_obtained":["Doubt"]},{"damage_healed":0,"gold_gain":0,"player_choice":"Donut","damage_taken":0,"max_hp_gain":5,"max_hp_loss":0,"event_name":"Big Fish","floor":7,"gold_loss":0},{"damage_healed":0,"gold_gain":0,"player_choice":"Grow","damage_taken":0,"max_hp_gain":0,"max_hp_loss":0,"event_name":"Living Wall","floor":12,"gold_loss":0,"cards_upgraded":["Reflex"]}],"is_beta":false,"boss_relics":[],"items_purged_floors":[3],"is_endless":false,"potions_floor_spawned":[10,11],"killed_by":"Slime Boss","ascension_level":0}