{"gold_per_floor":[111,111,128,128,128,187,18,36,83,49,61,72,91,111,111,216,216,226,53,71,71,90,90,90,110,110,110,126,146,146,164,164,164],"floor_reached":33,"playtime":1017,"items_purged":[],"score":278,"play_id":"b463d046-039a-4b4c-a5bf-00ace5248f0c","local_time":"20190821063116","is_ascension_mode":false,"campfire_choices":[{"data":"Mayhem","floor":15,"key":"SMITH"},{"floor":23,"key":"REST"},{"data":"Noxious Fumes","floor":27,"key":"SMITH"},{"floor":32,"key":"REST"}],"neow_cost":"NONE","seed_source_timestamp":54534869332368,"circlet_count":0,"master_deck":["Strike_G","Strike_G","Defend_G","Defend_G","Defend_G","Defend_G","Defend_G","Survivor","Neutralize","Slice+1","Mayhem+1","Backstab","Footwork","Deadly Poison","Terror","Deadly Poison","Prepared","Corpse Explosion","Dodge and Roll+1","Sucker Punch+1","Deflect+1","Noxious Fumes+1","Enlightenment","PiercingWail+1","Backflip","Acrobatics"],"relics":["Ring of the Snake","NeowsBlessing","Tingsha","Tiny Chest","Vajra","Astrolabe","Bottled Flame","Molten Egg 2"],"potions_floor_usage":[16,31,31,33],"damage_taken":[{"damage":0,"enemies":"Small Slimes","floor":1,"turns":1},{"damage":0,"enemies":"Cultist","floor":3,"turns":1},{"damage":0,"enemies":"Lagavulin","floor":6,"turns":1},{"damage":3,"enemies":"Jaw Worm","floor":8,"turns":4},{"damage":0,"enemies":"Blue Slaver","floor":11,"turns":4},{"damage":0,"enemies":"Looter","floor":12,"turns":3},{"damage":9,"enemies":"Exordium Thugs","floor":13,"turns":5},{"damage":5,"enemies":"3 Louse","floor":14,"turns":3},{"damage":11,"enemies":"The Guardian","floor":16,"turns":11},{"damage":10,"enemies":"3 Byrds","floor":18,"turns":3},{"damage":17,"enemies":"2 Thieves","floor":20,"turns":3},{"damage":0,"enemies":"Snecko","floor":22,"turns":5},{"damage":19,"enemies":"Snake Plant","floor":25,"turns":4},{"damage":10,"enemies":"Chosen and Byrds","floor":28,"turns":7},{"damage":0,"enemies":"3 Cultists","floor":29,"turns":3},{"damage":1,"enemies":"Shelled Parasite and Fungi","floor":31,"turns":6},{"damage":56,"enemies":"Collector","floor":33,"turns":5}],"seed_played":"-7922780412449239708","potions_obtained":[{"floor":8,"key":"Dexterity Potion"},{"floor":12,"key":"Ancient Potion"},{"floor":14,"key":"EssenceOfSteel"},{"floor":16,"key":"LiquidBronze"},{"floor":28,"key":"AttackPotion"}],"is_trial":false,"path_per_floor":["M","?","M","$","T","E","$","M","T","$","M","M","M","M","R","B",null,"M","$","M","?","M","R","?","M","T","R","M","M","?","M","R","B"],"character_chosen":"THE_SILENT","items_purchased":["Mayhem","Footwork","Noxious Fumes","Enlightenment"],"campfire_rested":2,"item_purchase_floors":[7,10,19,19],"current_hp_per_floor":[70,70,70,70,70,70,70,67,67,67,67,67,58,53,53,42,70,60,60,43,43,43,64,64,45,45,45,35,35,35,34,55,0],"gold":164,"neow_bonus":"THREE_ENEMY_KILL","is_prod":false,"is_daily":false,"chose_seed":false,"campfire_upgraded":2,"win_rate":0,"timestamp":1566340276,"path_taken":["M","?","M","?","?","E","$","M","T","?","?","M","M","M","R","BOSS","M","$","M","?","?","R","?","?","T","R","M","M","?","M","R","BOSS"],"build_version":"2019-07-17","purchased_purges":0,"victory":false,"max_hp_per_floor":[70,70,70,70,70,70,70,70,70,70,70,70,70,70,70,70,70,70,70,70,70,70,70,70,70,70,70,70,70,70,70,70,70],"card_choices":[{"not_picked":["Cloak And Dagger","PiercingWail"],"picked":"Slice","floor":1},{"not_picked":["Dodge and Roll","Flying Knee","Slice"],"picked":"SKIP","floor":3},{"not_picked":["Underhanded Strike","Outmaneuver","Sucker Punch"],"picked":"SKIP","floor":6},{"not_picked":["Phantasmal Killer","Expertise"],"picked":"Backstab","floor":8},{"not_picked":["Poisoned Stab","Quick Slash"],"picked":"Deadly Poison","floor":11},{"not_picked":["Dagger Spray","Bane"],"picked":"Terror","floor":12},{"not_picked":["Blade Dance","Reflex"],"picked":"Deadly Poison","floor":13},{"not_picked":["Blade Dance","PiercingWail"],"picked":"Prepared","floor":14},{"not_picked":["A Thousand Cuts","Venomology"],"picked":"Corpse Explosion","floor":16},{"not_picked":["Flying Knee","Backflip"],"picked":"Deflect+1","floor":18},{"not_picked":["Outmaneuver","Dodge and Roll","Dagger Throw"],"picked":"SKIP","floor":20},{"not_picked":["Crippling Poison","Quick Slash"],"picked":"PiercingWail+1","floor":22},{"not_picked":["Bane+1","Noxious Fumes"],"picked":"Backflip","floor":25},{"not_picked":["Dagger Spray","Eviscerate","Quick Slash+1"],"picked":"SKIP","floor":28},{"not_picked":["PiercingWail","Cloak And Dagger","Skewer"],"picked":"SKIP","floor":29},{"not_picked":["Blur","Flying Knee+1"],"picked":"Acrobatics","floor":31}],"player_experience":229218,"relics_obtained":[{"floor":5,"key":"Tingsha"},{"floor":6,"key":"Tiny Chest"},{"floor":9,"key":"Vajra"},{"floor":26,"key":"Bottled Flame"}],"event_choices":[{"damage_healed":0,"gold_gain":0,"player_choice":"Forge","damage_taken":0,"max_hp_gain":0,"max_hp_loss":0,"event_name":"Accursed Blacksmith","floor":2,"gold_loss":0,"cards_upgraded":["Slice"]},{"damage_healed":0,"gold_gain":0,"player_choice":"Got Potions","damage_taken":0,"max_hp_gain":0,"max_hp_loss":0,"event_name":"Lab","floor":21,"gold_loss":0},{"cards_removed":["Unload"],"damage_healed":0,"gold_gain":0,"player_choice":"Card Removal","damage_taken":0,"max_hp_gain":0,"max_hp_loss":0,"event_name":"Wheel of Change","floor":24,"gold_loss":0},{"damage_healed":0,"gold_gain":0,"player_choice":"Opened","damage_taken":0,"relics_obtained":["Molten Egg 2"],"max_hp_gain":0,"max_hp_loss":0,"event_name":"The Mausoleum","floor":30,"gold_loss":0}],"is_beta":false,"boss_relics":[{"not_picked":["Busted Crown","Cursed Key"],"picked":"Astrolabe"}],"items_purged_floors":[],"is_endless":false,"potions_floor_spawned":[8,12,14,16,18,20,28,29],"killed_by":"Collector","ascension_level":0}