{"gold_per_floor":[117,117,117,82,100,21,21,47,47,65,76,76,22,41,41,143,143,161,39,54,64,11,11,31,31,31,46,46,46,57,72,72,72],"floor_reached":33,"playtime":1239,"items_purged":["Strike_G"],"score":264,"play_id":"d8b73d32-8768-475c-a884-8783568c58db","local_time":"20190812110025","is_ascension_mode":false,"campfire_choices":[{"data":"Infinite Blades","floor":7,"key":"SMITH"},{"data":"Accuracy","floor":12,"key":"SMITH"},{"data":"Footwork","floor":15,"key":"SMITH"},{"floor":23,"key":"REST"},{"floor":25,"key":"REST"},{"floor":28,"key":"REST"},{"floor":32,"key":"REST"}],"neow_cost":"NONE","seed_source_timestamp":623961503179227,"circlet_count":0,"master_deck":["Strike_G","Strike_G","Strike_G","Strike_G","Defend_G","Defend_G","Defend_G+1","Defend_G","Defend_G+1","Survivor","Neutralize","Infinite Blades+1","Outmaneuver","Accuracy+1","Footwork+1","Corpse Explosion","Backflip","Bouncing Flask","Outmaneuver","Noxious Fumes","Blur","Cloak And Dagger","Prepared+1","PiercingWail","Acrobatics","Deflect+1","Slice","Calculated Gamble","PiercingWail+1"],"relics":["White Beast Statue","War Paint","Blue Candle","Orrery","Mercury Hourglass"],"potions_floor_usage":[14,16,16,18,21,21,24,27,27,33,33,33],"damage_taken":[{"damage":4,"enemies":"Small Slimes","floor":1,"turns":6},{"damage":2,"enemies":"Jaw Worm","floor":5,"turns":5},{"damage":5,"enemies":"2 Louse","floor":10,"turns":4},{"damage":3,"enemies":"2 Fungi Beasts","floor":11,"turns":4},{"damage":5,"enemies":"Exordium Wildlife","floor":14,"turns":4},{"damage":41,"enemies":"The Guardian","floor":16,"turns":12},{"damage":17,"enemies":"3 Byrds","floor":18,"turns":4},{"damage":30,"enemies":"Spheric Guardian","floor":20,"turns":8},{"damage":16,"enemies":"Centurion and Healer","floor":21,"turns":6},{"damage":13,"enemies":"Cultist and Chosen","floor":24,"turns":6},{"damage":6,"enemies":"3 Cultists","floor":27,"turns":3},{"damage":28,"enemies":"Colosseum Slavers","floor":29,"turns":4},{"damage":10,"enemies":"Snecko","floor":30,"turns":7},{"damage":4,"enemies":"Centurion and Healer","floor":31,"turns":8},{"damage":98,"enemies":"Champ","floor":33,"turns":13}],"seed_played":"-2560935413341075052","potions_obtained":[{"floor":1,"key":"Ancient Potion"},{"floor":5,"key":"PowerPotion"},{"floor":10,"key":"SteroidPotion"},{"floor":14,"key":"Strength Potion"},{"floor":16,"key":"AttackPotion"},{"floor":18,"key":"Explosive Potion"},{"floor":20,"key":"GamblersBrew"},{"floor":21,"key":"EssenceOfSteel"},{"floor":24,"key":"Regen Potion"},{"floor":27,"key":"Regen Potion"},{"floor":30,"key":"EssenceOfSteel"},{"floor":31,"key":"Regen Potion"}],"is_trial":false,"path_per_floor":["M","?","?","?","M","$","R","T","T","M","M","R","$","M","R","B",null,"M","$","M","M","$","R","M","R","T","M","R","?","M","M","R","B"],"character_chosen":"THE_SILENT","items_purchased":["Accuracy","Backflip","PiercingWail","Slice"],"campfire_rested":4,"item_purchase_floors":[6,13,19,22],"current_hp_per_floor":[66,66,66,66,64,64,64,64,64,59,56,56,56,51,51,10,70,53,53,23,7,7,28,15,36,36,39,60,32,22,18,39,0],"gold":72,"neow_bonus":"BOSS_RELIC","is_prod":false,"is_daily":false,"chose_seed":false,"campfire_upgraded":3,"win_rate":0,"timestamp":1565578825,"path_taken":["M","?","?","?","M","$","R","?","T","M","M","R","$","M","R","BOSS","M","$","M","M","$","R","M","R","T","M","R","?","M","M","R","BOSS"],"build_version":"2019-07-17","purchased_purges":1,"victory":false,"max_hp_per_floor":[70,70,70,70,70,70,70,70,70,70,70,70,70,70,70,70,70,70,70,70,70,70,70,70,70,70,70,70,70,70,70,70,70],"card_choices":[{"not_picked":["Dagger Spray","Quick Slash"],"picked":"Infinite Blades","floor":1},{"not_picked":["Infinite Blades","PiercingWail"],"picked":"Outmaneuver","floor":5},{"not_picked":["Deadly Poison","Terror"],"picked":"Footwork","floor":10},{"not_picked":["Sucker Punch","Infinite Blades"],"picked":"Corpse Explosion","floor":11},{"not_picked":["Underhanded Strike","Quick Slash"],"picked":"Bouncing Flask","floor":14},{"not_picked":["Dagger Throw","Dodge and Roll"],"picked":"Outmaneuver","floor":17},{"not_picked":["Calculated Gamble","Prepared"],"picked":"Noxious Fumes","floor":17},{"not_picked":["Backflip","Flying Knee"],"picked":"Blur","floor":17},{"not_picked":["Underhanded Strike","Sucker Punch"],"picked":"Cloak And Dagger","floor":17},{"not_picked":["Dagger Throw+1","Acrobatics"],"picked":"Prepared+1","floor":18},{"not_picked":["Leg Sweep+1","Grand Finale"],"picked":"Acrobatics","floor":20},{"not_picked":["Predator","Acrobatics"],"picked":"Deflect+1","floor":21},{"not_picked":["Quick Slash","Deadly Poison+1","Predator"],"picked":"SKIP","floor":24},{"not_picked":["Endless Agony","Dodge and Roll+1"],"picked":"Calculated Gamble","floor":27},{"not_picked":["Prepared+1","Bane","Eviscerate"],"picked":"SKIP","floor":30},{"not_picked":["Outmaneuver+1","Underhanded Strike"],"picked":"PiercingWail+1","floor":31}],"player_experience":176131,"relics_obtained":[{"floor":8,"key":"War Paint"},{"floor":9,"key":"Blue Candle"},{"floor":26,"key":"Mercury Hourglass"}],"event_choices":[{"damage_healed":0,"gold_gain":0,"player_choice":"Ignored","damage_taken":0,"max_hp_gain":0,"max_hp_loss":0,"event_name":"Golden Wing","floor":2,"gold_loss":0},{"damage_healed":0,"gold_gain":0,"player_choice":"Ignored","damage_taken":0,"max_hp_gain":0,"max_hp_loss":0,"event_name":"Shining Light","floor":3,"gold_loss":0},{"damage_healed":0,"gold_gain":0,"player_choice":"Left Gold","damage_taken":0,"max_hp_gain":0,"max_hp_loss":0,"event_name":"World of Goop","floor":4,"gold_loss":35},{"damage_healed":0,"gold_gain":0,"player_choice":"Fight","damage_taken":0,"max_hp_gain":0,"max_hp_loss":0,"event_name":"Colosseum","floor":29,"gold_loss":0},{"damage_healed":0,"gold_gain":0,"player_choice":"Fled From Nobs","damage_taken":0,"max_hp_gain":0,"max_hp_loss":0,"event_name":"Colosseum","floor":29,"gold_loss":0}],"is_beta":false,"boss_relics":[{"not_picked":["Velvet Choker","Black Star"],"picked":"Orrery"}],"items_purged_floors":[19],"is_endless":false,"potions_floor_spawned":[1,5,10,11,14,16,18,20,21,24,27,29,30,31],"killed_by":"Champ","ascension_level":0}