{"gold_per_floor":[113,128,146,166,184,216,236,236],"floor_reached":8,"playtime":1268,"items_purged":[],"score":65,"play_id":"ae55e5df-0856-4562-942f-33789e15034b","local_time":"20181221153618","is_ascension_mode":true,"campfire_choices":[],"neow_cost":"NONE","seed_source_timestamp":964567038887703,"circlet_count":0,"master_deck":["Defend_G","Defend_G","Defend_G","Defend_G","Defend_G","Strike_G","Strike_G","Strike_G","Strike_G","Strike_G","Survivor","Neutralize","Dodge and Roll","Sucker Punch","Cloak And Dagger","Expertise","Sucker Punch","Deflect","Predator"],"special_seed":0,"relics":["Ring of the Snake","Paper Crane"],"potions_floor_usage":[8],"damage_taken":[{"damage":0.0,"enemies":"Small Slimes","floor":1.0,"turns":5.0},{"damage":0.0,"enemies":"2 Louse","floor":2.0,"turns":3.0},{"damage":0.0,"enemies":"Jaw Worm","floor":3.0,"turns":4.0},{"damage":15.0,"enemies":"Large Slime","floor":4.0,"turns":10.0},{"damage":7.0,"enemies":"3 Louse","floor":5.0,"turns":5.0},{"damage":46,"enemies":"Lagavulin","floor":6,"turns":12},{"damage":0,"enemies":"Blue Slaver","floor":7,"turns":4},{"damage":10,"enemies":"Gremlin Nob","floor":8,"turns":2}],"seed_played":"-7778520629658435312","potions_obtained":[{"floor":1.0,"key":"SneckoOil"},{"floor":6,"key":"EssenceOfSteel"}],"is_trial":false,"path_per_floor":["M","M","M","M","M","E","M","E"],"character_chosen":"THE_SILENT","items_purchased":[],"campfire_rested":0,"item_purchase_floors":[],"current_hp_per_floor":[70,70,70,55,48,2,2,0],"gold":236,"neow_bonus":"THREE_CARDS","is_prod":false,"is_daily":false,"chose_seed":false,"campfire_upgraded":0,"win_rate":0,"timestamp":1545435378,"path_taken":["M","M","M","M","M","E","M","E"],"build_version":"2018-12-20","purchased_purges":0,"victory":false,"max_hp_per_floor":[70,70,70,70,70,70,70,70],"card_choices":[{"not_picked":["Blade Dance","Sucker Punch"],"picked":"Dodge and Roll","floor":0.0},{"not_picked":["Prepared","Underhanded Strike"],"picked":"Sucker Punch","floor":1.0},{"not_picked":["Choke","Quick Slash"],"picked":"Cloak And Dagger","floor":2.0},{"not_picked":["Flying Knee","Bane"],"picked":"Expertise","floor":3.0},{"not_picked":["Setup","Bane"],"picked":"Sucker Punch","floor":4.0},{"not_picked":["Underhanded Strike","Outmaneuver","Flying Knee"],"picked":"SKIP","floor":5.0},{"not_picked":["Setup","Bane"],"picked":"Deflect","floor":6},{"not_picked":["Dagger Spray","Reflex"],"picked":"Predator","floor":7}],"player_experience":435266,"relics_obtained":[{"floor":6,"key":"Paper Crane"}],"event_choices":[],"is_beta":false,"boss_relics":[],"items_purged_floors":[],"is_endless":false,"potions_floor_spawned":[1,6],"killed_by":"Gremlin Nob","ascension_level":1}