{"gold_per_floor":[110,110,129,149,0,26,45,58,106,122,122,141,171,23,23,128,128,147,164,164,179,196,196,206,206,233,267,267,121,36,56,56,159,159,179,279,108,122,122,122],"floor_reached":40,"playtime":15252,"items_purged":["Pain","Strike_R"],"score":609,"play_id":"d0178258-727a-4928-8536-480029bfd79a","local_time":"20190812133456","is_ascension_mode":true,"campfire_choices":[{"data":"Feel No Pain","floor":11.0,"key":"SMITH"},{"data":"Uppercut","floor":15.0,"key":"SMITH"},{"data":"Dark Embrace","floor":23.0,"key":"SMITH"},{"data":"Shockwave","floor":28.0,"key":"SMITH"},{"floor":32.0,"key":"REST"}],"neow_cost":"NONE","seed_source_timestamp":0,"circlet_count":0,"master_deck":["Strike_R+1","Strike_R+1","Strike_R+1","Strike_R+1","Defend_R+1","Defend_R+1","Defend_R+1","Defend_R+1","Bash","Shrug It Off","Iron Wave","Sever Soul","Havoc","Feel No Pain+1","Uppercut+1","Wild Strike","Evolve","Iron Wave","Dark Embrace+1","Body Slam","Second Wind+1","Necronomicurse","Metallicize","Shockwave+1","Warcry","Bloodletting+1","Barricade","Entrench","True Grit+1","Apotheosis","Sentinel+1","Madness","Madness"],"special_seed":0,"relics":["Black Blood","NeowsBlessing","WarpedTongs","Pocketwatch","Orichalcum","Sundial","Necronomicon","Dream Catcher","Strawberry","Torii","Fusion Hammer","Peace Pipe"],"potions_floor_usage":[40],"damage_taken":[{"damage":0.0,"enemies":"Jaw Worm","floor":1.0,"turns":1.0},{"damage":1.0,"enemies":"Cultist","floor":3.0,"turns":1.0},{"damage":2.0,"enemies":"2 Louse","floor":4.0,"turns":1.0},{"damage":21.0,"enemies":"Gremlin Nob","floor":6.0,"turns":4.0},{"damage":1.0,"enemies":"Exordium Wildlife","floor":7.0,"turns":3.0},{"damage":0.0,"enemies":"Looter","floor":8.0,"turns":2.0},{"damage":2.0,"enemies":"Blue Slaver","floor":10.0,"turns":4.0},{"damage":9.0,"enemies":"Exordium Thugs","floor":12.0,"turns":4.0},{"damage":22.0,"enemies":"Lagavulin","floor":13.0,"turns":6.0},{"damage":26.0,"enemies":"The Guardian","floor":16.0,"turns":11.0},{"damage":0.0,"enemies":"Chosen","floor":18.0,"turns":5.0},{"damage":29.0,"enemies":"Spheric Guardian","floor":19.0,"turns":6.0},{"damage":5.0,"enemies":"Cultist and Chosen","floor":21.0,"turns":5.0},{"damage":26.0,"enemies":"3 Cultists","floor":22.0,"turns":6.0},{"damage":18.0,"enemies":"Snake Plant","floor":24.0,"turns":5.0},{"damage":6.0,"enemies":"Book of Stabbing","floor":27.0,"turns":5.0},{"damage":13.0,"enemies":"Chosen and Byrds","floor":31.0,"turns":7.0},{"damage":2.0,"enemies":"Automaton","floor":33.0,"turns":8.0},{"damage":4,"enemies":"Orb Walker","floor":35,"turns":4},{"damage":13,"enemies":"Mind Bloom Boss Battle","floor":36,"turns":8},{"damage":14,"enemies":"3 Shapes","floor":38,"turns":5},{"damage":78,"enemies":"Reptomancer","floor":40,"turns":3}],"seed_played":"9110196642339751180","potions_obtained":[{"floor":1.0,"key":"BloodPotion"},{"floor":6.0,"key":"Fire Potion"},{"floor":7.0,"key":"Fire Potion"},{"floor":12.0,"key":"Strength Potion"},{"floor":13.0,"key":"SpeedPotion"},{"floor":19.0,"key":"Strength Potion"},{"floor":27.0,"key":"SteroidPotion"},{"floor":31.0,"key":"PowerPotion"},{"floor":36,"key":"Energy Potion"}],"is_trial":false,"path_per_floor":["M","?","M","M","$","E","M","M","T","M","R","M","E","$","R","B",null,"M","M","?","M","M","R","M","?","T","E","R","$","?","M","R","B",null,"M","?","$","M","?","E"],"character_chosen":"IRONCLAD","items_purchased":["Sever Soul","Iron Wave","EntropicBrew","Warcry","Apotheosis"],"campfire_rested":1,"item_purchase_floors":[5,14,29,29,37],"current_hp_per_floor":[78,78,80,80,80,65,70,76,76,80,80,77,61,61,61,41,70,80,80,64,69,53,53,45,45,45,56,56,56,56,53,79,87,87,87,84,84,80,69,0],"gold":122,"neow_bonus":"THREE_ENEMY_KILL","is_prod":false,"is_daily":false,"chose_seed":false,"campfire_upgraded":4,"win_rate":0,"timestamp":1565638496,"path_taken":["M","?","?","M","$","E","M","M","T","M","R","M","E","?","R","BOSS","M","M","?","M","M","R","M","?","T","E","R","$","?","M","R","BOSS","M","?","$","M","?","E"],"build_version":"2019-07-17","purchased_purges":2,"victory":false,"max_hp_per_floor":[80,80,80,80,80,80,80,80,80,80,80,80,80,80,80,80,80,80,80,80,80,80,80,80,80,80,87,87,87,87,87,87,87,87,87,87,87,87,87,87],"card_choices":[{"not_picked":["Power Through","Wild Strike"],"picked":"Shrug It Off","floor":1.0},{"not_picked":["Sever Soul","Second Wind"],"picked":"Iron Wave","floor":4.0},{"not_picked":["Wild Strike","Rampage"],"picked":"Havoc","floor":6.0},{"not_picked":["Iron Wave","Clash"],"picked":"Feel No Pain","floor":7.0},{"not_picked":["Clash","Flex","Hemokinesis"],"picked":"SKIP","floor":8.0},{"not_picked":["Armaments","Shrug It Off"],"picked":"Uppercut","floor":10.0},{"not_picked":["Thunderclap","Exhume"],"picked":"Wild Strike","floor":12.0},{"not_picked":["Thunderclap","Iron Wave"],"picked":"Evolve","floor":13.0},{"not_picked":["Immolate","Berserk"],"picked":"Dark Embrace","floor":16.0},{"not_picked":["Feel No Pain","Headbutt"],"picked":"Body Slam","floor":18.0},{"not_picked":["Pommel Strike","Headbutt"],"picked":"Second Wind+1","floor":19.0},{"not_picked":["Warcry","Battle Trance"],"picked":"Metallicize","floor":21.0},{"not_picked":["Immolate","Bloodletting"],"picked":"Shockwave","floor":22.0},{"not_picked":["Perfected Strike","Pummel","Second Wind"],"picked":"SKIP","floor":24.0},{"not_picked":["Wild Strike","Clash","Bloodletting"],"picked":"SKIP","floor":27.0},{"not_picked":["Sword Boomerang","Perfected Strike+1","Pommel Strike"],"picked":"SKIP","floor":31.0},{"not_picked":["Headbutt","Searing Blow"],"picked":"Bloodletting+1","floor":32.0},{"not_picked":["Immolate","Impervious"],"picked":"Barricade","floor":33.0},{"not_picked":["Body Slam","Clothesline+1"],"picked":"Entrench","floor":35},{"not_picked":["Twin Strike+1","Armaments"],"picked":"True Grit+1","floor":36},{"not_picked":["Body Slam+1","Iron Wave"],"picked":"Sentinel+1","floor":38}],"player_experience":2184669,"relics_obtained":[{"floor":6.0,"key":"Pocketwatch"},{"floor":9.0,"key":"Orichalcum"},{"floor":13.0,"key":"Sundial"},{"floor":20.0,"key":"Necronomicon"},{"floor":26.0,"key":"Dream Catcher"},{"floor":27.0,"key":"Strawberry"},{"floor":36,"key":"Peace Pipe"}],"event_choices":[{"damage_healed":0.0,"max_hp_gain":0.0,"max_hp_loss":0.0,"gold_gain":0.0,"event_name":"Accursed Blacksmith","player_choice":"Rummage","floor":2.0,"gold_loss":0.0,"damage_taken":0.0,"relics_obtained":["WarpedTongs"],"cards_obtained":["Pain"]},{"damage_healed":0.0,"max_hp_gain":0.0,"max_hp_loss":0.0,"gold_gain":0.0,"event_name":"Cursed Tome","player_choice":"Obtained Book","floor":20.0,"gold_loss":0.0,"damage_taken":16.0},{"damage_healed":0.0,"max_hp_gain":0.0,"max_hp_loss":0.0,"gold_gain":0.0,"event_name":"Back to Basics","player_choice":"Simplicity","floor":25.0,"gold_loss":0.0,"damage_taken":0.0,"cards_upgraded":["Strike_R","Strike_R","Strike_R","Strike_R","Defend_R","Defend_R","Defend_R","Defend_R"]},{"damage_healed":0.0,"max_hp_gain":0.0,"max_hp_loss":0.0,"gold_gain":0.0,"event_name":"Addict","player_choice":"Obtained Relic","floor":30.0,"gold_loss":85.0,"damage_taken":0.0,"relics_obtained":["Torii"]},{"damage_healed":0,"gold_gain":0,"player_choice":"Fight","damage_taken":0,"max_hp_gain":0,"max_hp_loss":0,"event_name":"MindBloom","floor":36,"gold_loss":0},{"damage_healed":0,"gold_gain":0,"player_choice":"Embrace Madness","damage_taken":11,"max_hp_gain":0,"max_hp_loss":0,"event_name":"Winding Halls","floor":39,"gold_loss":0,"cards_obtained":["Madness","Madness"]}],"is_beta":false,"boss_relics":[{"not_picked":["Runic Pyramid","Tiny House"],"picked":"Black Blood"},{"not_picked":["Eternal Feather","Astrolabe"],"picked":"Fusion Hammer"}],"items_purged_floors":[5,14],"is_endless":false,"potions_floor_spawned":[1,6,7,12,13,19,27,31,36],"killed_by":"Reptomancer","ascension_level":9}