{"gold_per_floor":[113,64,82,11,23,23,51,51,100,100,100,111,123,136,136,234,234,254,254,179,195,212,212,230,145,145,164,177,177,197,13,13,112,112,126,126,145,55,74,74,174,174,174,188,201,201,219,230,230,230],"floor_reached":51,"playtime":14793,"items_purged":[],"score":705,"play_id":"0364c23b-5282-4762-b9a9-68d6972d1a7c","local_time":"20181118232840","is_ascension_mode":false,"campfire_choices":[{"data":"Zap","floor":6,"key":"SMITH"},{"data":"Defragment","floor":11,"key":"SMITH"},{"data":"Glacier","floor":15,"key":"SMITH"},{"data":"Hologram","floor":23,"key":"SMITH"},{"floor":32,"key":"REST"},{"data":"Apotheosis","floor":40,"key":"SMITH"},{"data":"Hologram","floor":42,"key":"SMITH"},{"floor":46,"key":"REST"},{"floor":49,"key":"REST"}],"neow_cost":"NONE","seed_source_timestamp":8196895941530665,"circlet_count":0,"master_deck":["Strike_B","Defend_B","Defend_B","Zap+1","Dualcast","Conserve Battery","Gash","Reinforced Body","Defragment+1","Gash","Rebound","Glacier+1","All For One","Capacitor","Hologram+1","Hologram+1","Leap","Cold Snap","Cold Snap+1","Apotheosis+1","Buffer+1","White Noise+1","Skim+1","Recycle+1","Reprogram","Parasite"],"relics":["FrozenCore","Pen Nib","Vajra","Ice Cream","Calipers","Astrolabe","Shovel","Mummified Hand"],"potions_floor_usage":[16,24,28,33,35,37,44,44,50,50],"damage_taken":[{"damage":6,"enemies":"2 Louse","floor":1,"turns":3},{"damage":0,"enemies":"Jaw Worm","floor":3,"turns":4},{"damage":1,"enemies":"Small Slimes","floor":5,"turns":3},{"damage":31,"enemies":"Gremlin Nob","floor":7,"turns":5},{"damage":0,"enemies":"3 Louse","floor":12,"turns":3},{"damage":0,"enemies":"Large Slime","floor":13,"turns":4},{"damage":2,"enemies":"Blue Slaver","floor":14,"turns":3},{"damage":11,"enemies":"Slime Boss","floor":16,"turns":12},{"damage":13,"enemies":"2 Thieves","floor":18,"turns":4},{"damage":0,"enemies":"Chosen","floor":21,"turns":5},{"damage":9,"enemies":"Centurion and Healer","floor":22,"turns":7},{"damage":15,"enemies":"Snake Plant","floor":24,"turns":7},{"damage":7,"enemies":"Chosen and Byrds","floor":27,"turns":9},{"damage":0,"enemies":"Snecko","floor":28,"turns":7},{"damage":0,"enemies":"Snake Plant","floor":30,"turns":7},{"damage":0,"enemies":"Champ","floor":33,"turns":12},{"damage":0,"enemies":"3 Shapes","floor":35,"turns":7},{"damage":0,"enemies":"3 Darklings","floor":37,"turns":8},{"damage":2,"enemies":"Maw","floor":39,"turns":9},{"damage":0,"enemies":"Mind Bloom Boss Battle","floor":41,"turns":9},{"damage":37,"enemies":"Transient","floor":44,"turns":5},{"damage":0,"enemies":"Writhing Mass","floor":45,"turns":8},{"damage":19,"enemies":"4 Shapes","floor":47,"turns":7},{"damage":0,"enemies":"Maw","floor":48,"turns":9},{"damage":0,"enemies":"Donu and Deca","floor":50,"turns":14}],"seed_played":"-6176463011447986287","potions_obtained":[{"floor":12,"key":"Ancient Potion"},{"floor":13,"key":"GamblersBrew"},{"floor":14,"key":"GamblersBrew"},{"floor":16,"key":"FocusPotion"},{"floor":22,"key":"Regen Potion"},{"floor":27,"key":"SpeedPotion"},{"floor":28,"key":"SkillPotion"},{"floor":35,"key":"Poison Potion"},{"floor":36,"key":"EssenceOfSteel"},{"floor":36,"key":"Energy Potion"},{"floor":39,"key":"Regen Potion"},{"floor":48,"key":"Explosive Potion"}],"is_trial":false,"path_per_floor":["M","$","M","$","M","R","E","?","T","?","R","M","M","M","R","B",null,"M","?","?","M","M","R","M","?","T","M","M","?","M","$","R","B",null,"M","?","M","?","M","R","?","R","T","M","M","R","M","M","R","B",null],"character_chosen":"DEFECT","items_purchased":["Gash","Reinforced Body","Apotheosis"],"campfire_rested":3,"item_purchase_floors":[2,4,31],"current_hp_per_floor":[69,69,69,69,68,68,37,37,37,62,62,62,62,60,60,49,75,62,62,62,62,53,53,53,53,53,46,46,46,46,46,68,68,75,75,75,75,75,73,73,73,73,73,45,45,67,48,48,70,70],"gold":230,"neow_bonus":"REMOVE_CARD","is_prod":false,"is_daily":false,"chose_seed":false,"campfire_upgraded":6,"win_rate":0,"timestamp":1542608920,"path_taken":["M","$","M","$","M","R","E","?","T","?","R","M","M","M","R","BOSS","M","?","?","M","M","R","M","?","T","M","M","?","?","$","R","BOSS","M","?","?","?","?","R","?","R","T","M","M","R","M","M","R","BOSS"],"build_version":"2018-11-15","purchased_purges":0,"victory":true,"max_hp_per_floor":[75,75,75,75,75,75,75,75,75,75,75,75,75,75,75,75,75,75,75,75,75,75,75,75,75,75,75,75,75,75,75,75,75,75,75,75,75,75,75,75,75,75,75,75,75,75,75,75,75,75],"card_choices":[{"not_picked":["Turbo","Beam Cell"],"picked":"Conserve Battery","floor":1},{"not_picked":["Barrage","Redo","Storm"],"picked":"SKIP","floor":3},{"not_picked":["Consume","Buffer"],"picked":"Defragment","floor":5},{"not_picked":["Turbo","FTL"],"picked":"Gash","floor":7},{"not_picked":["Steam","Beam Cell"],"picked":"Rebound","floor":12},{"not_picked":["Darkness","Reinforced Body","Turbo"],"picked":"SKIP","floor":13},{"not_picked":["Auto Shields","Rebound"],"picked":"Glacier","floor":14},{"not_picked":["Creative AI","Multi-Cast"],"picked":"All For One","floor":16},{"not_picked":["Ball Lightning","Turbo"],"picked":"Capacitor","floor":18},{"not_picked":["Ball Lightning+1","Streamline"],"picked":"Hologram","floor":21},{"not_picked":["Conserve Battery","Tempest"],"picked":"Leap","floor":22},{"not_picked":["White Noise+1","Ball Lightning"],"picked":"Cold Snap","floor":24},{"not_picked":["Lockon","Doom and Gloom","Loop+1"],"picked":"SKIP","floor":27},{"not_picked":["Heatsinks","Stack"],"picked":"Cold Snap","floor":28},{"not_picked":["Go for the Eyes","Rebound","Loop"],"picked":"SKIP","floor":30},{"not_picked":["Ball Lightning+1","Sweeping Beam+1","Storm+1"],"picked":"SKIP","floor":35},{"not_picked":["Go for the Eyes+1","Doom and Gloom"],"picked":"Skim+1","floor":37},{"not_picked":["Coolheaded+1","Loop"],"picked":"Recycle+1","floor":39},{"not_picked":["Steam Power","Consume+1"],"picked":"Reprogram","floor":41},{"not_picked":["Self Repair","Beam Cell+1","Turbo+1"],"picked":"SKIP","floor":44},{"not_picked":["Loop","Stack","Turbo+1"],"picked":"SKIP","floor":45},{"not_picked":["Hologram","Sunder","Rebound+1"],"picked":"SKIP","floor":47},{"not_picked":["Conserve Battery","Rebound","Self Repair+1"],"picked":"SKIP","floor":48}],"player_experience":1242464,"relics_obtained":[{"floor":7,"key":"Pen Nib"},{"floor":9,"key":"Vajra"},{"floor":26,"key":"Calipers"},{"floor":41,"key":"Shovel"},{"floor":43,"key":"Mummified Hand"}],"event_choices":[{"damage_healed":0,"gold_gain":0,"player_choice":"Searched \u00270\u0027 times","damage_taken":0,"max_hp_gain":0,"max_hp_loss":0,"event_name":"Dead Adventurer","floor":8,"gold_loss":0},{"damage_healed":25,"gold_gain":0,"player_choice":"Banana","damage_taken":0,"max_hp_gain":0,"max_hp_loss":0,"event_name":"Big Fish","floor":10,"gold_loss":0},{"damage_healed":0,"gold_gain":0,"player_choice":"Read","damage_taken":0,"max_hp_gain":0,"max_hp_loss":0,"event_name":"The Library","floor":19,"gold_loss":0,"cards_obtained":["Hologram"]},{"cards_removed":["Strike_B"],"damage_healed":0,"gold_gain":0,"player_choice":"Gave Gold","damage_taken":0,"max_hp_gain":0,"max_hp_loss":0,"event_name":"Beggar","floor":20,"gold_loss":75},{"damage_healed":0,"gold_gain":0,"player_choice":"Obtained Relic","damage_taken":0,"relics_obtained":["Ice Cream"],"max_hp_gain":0,"max_hp_loss":0,"event_name":"Addict","floor":25,"gold_loss":85},{"damage_healed":0,"gold_gain":0,"player_choice":"Ignored","damage_taken":0,"max_hp_gain":0,"max_hp_loss":0,"event_name":"Ghosts","floor":29,"gold_loss":0},{"damage_healed":0,"gold_gain":0,"player_choice":"Got Potions","damage_taken":0,"max_hp_gain":0,"max_hp_loss":0,"event_name":"Lab","floor":36,"gold_loss":0},{"cards_removed":["Meteor Strike"],"damage_healed":0,"gold_gain":0,"player_choice":"Upgrade and Remove","damage_taken":0,"max_hp_gain":0,"max_hp_loss":0,"event_name":"Designer","floor":38,"gold_loss":90,"cards_upgraded":["Cold Snap"]},{"damage_healed":0,"gold_gain":0,"player_choice":"Fight","damage_taken":0,"max_hp_gain":0,"max_hp_loss":0,"event_name":"MindBloom","floor":41,"gold_loss":0}],"is_beta":false,"boss_relics":[{"not_picked":["Philosopher\u0027s Stone","Pandora\u0027s Box"],"picked":"FrozenCore"},{"not_picked":["Coffee Dripper","Runic Pyramid"],"picked":"Astrolabe"}],"items_purged_floors":[],"is_endless":false,"potions_floor_spawned":[12,13,14,16,21,22,27,28,35,39,48],"ascension_level":0}