{"gold_per_floor":[114,133,150,150,44,44,44,62,62,78,93,93,112,128,128,233,233,250,47,57,72,20,20,20,20,45,56,72,107,107],"floor_reached":30,"playtime":2971,"items_purged":[],"score":271,"play_id":"a6169f7e-230d-4fd2-aa47-115f5814da89","local_time":"20190807194053","is_ascension_mode":false,"campfire_choices":[{"data":"Footwork","floor":6,"key":"SMITH"},{"data":"Noxious Fumes","floor":12,"key":"SMITH"},{"floor":15,"key":"REST"},{"data":"Acrobatics","floor":23,"key":"SMITH"},{"data":"Outmaneuver","floor":25,"key":"SMITH"}],"neow_cost":"NONE","seed_source_timestamp":221406986350114,"circlet_count":0,"master_deck":["Strike_G","Strike_G","Strike_G","Defend_G","Defend_G","Defend_G","Defend_G","Defend_G","Survivor","Neutralize","Deflect","Calculated Gamble+1","Footwork+1","Deflect","After Image","Noxious Fumes+1","Acrobatics+1","Outmaneuver+1","Prepared"],"relics":["Ring of the Snake","NeowsBlessing","Pear","Empty Cage","TwistedFunnel","Ninja Scroll","Bag of Preparation","The Courier"],"potions_floor_usage":[4,20,29],"damage_taken":[{"damage":0,"enemies":"2 Louse","floor":1,"turns":1},{"damage":0,"enemies":"Cultist","floor":2,"turns":1},{"damage":0,"enemies":"Small Slimes","floor":3,"turns":1},{"damage":8,"enemies":"Gremlin Gang","floor":8,"turns":10},{"damage":4,"enemies":"3 Louse","floor":10,"turns":5},{"damage":6,"enemies":"Lots of Slimes","floor":11,"turns":8},{"damage":1,"enemies":"Large Slime","floor":13,"turns":8},{"damage":10,"enemies":"Exordium Wildlife","floor":14,"turns":6},{"damage":38,"enemies":"Slime Boss","floor":16,"turns":16},{"damage":1,"enemies":"Shell Parasite","floor":18,"turns":10},{"damage":4,"enemies":"3 Byrds","floor":20,"turns":3},{"damage":0,"enemies":"Centurion and Healer","floor":21,"turns":8},{"damage":7,"enemies":"3 Cultists","floor":27,"turns":6},{"damage":24,"enemies":"Sentry and Sphere","floor":28,"turns":8},{"damage":48,"enemies":"Gremlin Leader","floor":29,"turns":10},{"damage":6,"enemies":"Snake Plant","floor":30,"turns":1}],"seed_played":"-8264439577198235691","potions_obtained":[{"floor":3,"key":"Fruit Juice"},{"floor":11,"key":"Fire Potion"},{"floor":13,"key":"Explosive Potion"},{"floor":16,"key":"FearPotion"},{"floor":20,"key":"Strength Potion"},{"floor":28,"key":"FearPotion"}],"is_trial":false,"path_per_floor":["M","M","M","?","$","R","?","M","T","M","M","R","M","M","R","B",null,"M","$","M","M","$","R","?","R","T","M","M","E","M"],"character_chosen":"THE_SILENT","items_purchased":["Calculated Gamble","Footwork","TwistedFunnel","Outmaneuver"],"campfire_rested":1,"item_purchase_floors":[5,5,19,22],"current_hp_per_floor":[70,70,70,68,68,68,68,60,70,66,60,60,59,49,74,36,85,84,84,80,80,80,80,80,80,80,73,49,1,0],"gold":107,"neow_bonus":"THREE_ENEMY_KILL","is_prod":false,"is_daily":false,"chose_seed":false,"campfire_upgraded":4,"win_rate":0,"timestamp":1565178053,"path_taken":["M","M","M","?","?","R","?","M","T","M","M","R","M","M","R","BOSS","M","$","M","?","$","R","?","R","T","M","M","E","?"],"build_version":"2019-07-17","purchased_purges":0,"victory":false,"max_hp_per_floor":[70,70,70,75,75,75,75,75,85,85,85,85,85,85,85,85,85,85,85,85,85,85,85,85,85,85,85,85,85,85],"card_choices":[{"not_picked":["PiercingWail","Dagger Throw"],"picked":"Deflect","floor":1},{"not_picked":["Quick Slash","Terror","Concentrate"],"picked":"SKIP","floor":2},{"not_picked":["Poisoned Stab","Terror","Masterful Stab"],"picked":"SKIP","floor":3},{"not_picked":["PiercingWail","Blade Dance"],"picked":"Deflect","floor":8},{"not_picked":["Sucker Punch","PiercingWail"],"picked":"After Image","floor":10},{"not_picked":["Blade Dance","Bouncing Flask"],"picked":"Noxious Fumes","floor":11},{"not_picked":["Blur","Cloak And Dagger"],"picked":"Acrobatics","floor":13},{"not_picked":["Catalyst","Flying Knee","Dagger Throw"],"picked":"SKIP","floor":14},{"not_picked":["Dagger Throw","Sucker Punch+1","Expertise"],"picked":"SKIP","floor":18},{"not_picked":["Dagger Throw","Dodge and Roll+1","PiercingWail"],"picked":"SKIP","floor":20},{"not_picked":["Deadly Poison","Poisoned Stab","Predator+1"],"picked":"SKIP","floor":21},{"not_picked":["Poisoned Stab","Dodge and Roll+1","Sucker Punch"],"picked":"SKIP","floor":27},{"not_picked":["PiercingWail","Cloak And Dagger"],"picked":"Prepared","floor":28},{"not_picked":["Leg Sweep","Eviscerate","Bane+1"],"picked":"SKIP","floor":29}],"player_experience":117163,"relics_obtained":[{"floor":9,"key":"Pear"},{"floor":26,"key":"Bag of Preparation"},{"floor":29,"key":"The Courier"}],"event_choices":[{"damage_healed":0,"gold_gain":0,"player_choice":"Damaged","damage_taken":7,"max_hp_gain":0,"max_hp_loss":0,"event_name":"Wheel of Change","floor":4,"gold_loss":0},{"damage_healed":0,"gold_gain":0,"player_choice":"Forge","damage_taken":0,"max_hp_gain":0,"max_hp_loss":0,"event_name":"Accursed Blacksmith","floor":7,"gold_loss":0,"cards_upgraded":["Calculated Gamble"]},{"damage_healed":0,"gold_gain":0,"player_choice":"Gave Potion","damage_taken":0,"relics_obtained":["Ninja Scroll"],"max_hp_gain":0,"max_hp_loss":0,"event_name":"WeMeetAgain","floor":24,"gold_loss":0}],"is_beta":false,"boss_relics":[{"not_picked":["WristBlade","Pandora\u0027s Box"],"picked":"Empty Cage"}],"items_purged_floors":[],"is_endless":false,"potions_floor_spawned":[3,11,13,16,20,28],"killed_by":"Snake Plant","ascension_level":0}