{"gold_per_floor":[115,115,115,115,127,162,182,193,193,205,205,225,225,235,235,338,338,354,148,148,248,230,230,242,256,256,270,270,289,289,307,307,403,403,417,69,83,97,110,110,110,121,148,161,161,161],"floor_reached":46,"playtime":7169,"items_purged":["Strike_R"],"score":594,"play_id":"7536b53c-6b41-4da1-814a-5f7a98dc5ede","local_time":"20190211141415","is_ascension_mode":true,"campfire_choices":[{"data":"Uppercut","floor":11.0,"key":"SMITH"},{"data":"Combust","floor":13.0,"key":"SMITH"},{"data":"Disarm","floor":15.0,"key":"SMITH"},{"data":"True Grit","floor":23.0,"key":"SMITH"},{"floor":28.0,"key":"REST"},{"data":"Rupture","floor":30.0,"key":"SMITH"},{"floor":32.0,"key":"REST"},{"data":"Juggernaut","floor":40,"key":"SMITH"},{"floor":45,"key":"REST"}],"neow_cost":"NONE","seed_source_timestamp":0,"circlet_count":0,"master_deck":["Strike_R+1","Strike_R+1","Strike_R+1","Defend_R+1","Defend_R+1","Defend_R+1","Defend_R+1","Bash","Combust+1","Disarm+1","Shrug It Off","Juggernaut+1","Uppercut+1","Shrug It Off","Demon Form","Shrug It Off+1","Rupture+1","True Grit+1","Rage","Shrug It Off","Metallicize","Iron Wave","Impervious","Parasite","Whirlwind"],"special_seed":0,"relics":["Burning Blood","NeowsBlessing","Sundial","Peace Pipe","Dead Branch","Mark of Pain","Gremlin Horn","Busted Crown","Anchor","Lee\u0027s Waffle","Dream Catcher"],"potions_floor_usage":[44,44],"damage_taken":[{"damage":0.0,"enemies":"Jaw Worm","floor":1.0,"turns":1.0},{"damage":1.0,"enemies":"2 Louse","floor":5.0,"turns":1.0},{"damage":0.0,"enemies":"Lagavulin","floor":6.0,"turns":1.0},{"damage":6.0,"enemies":"Cultist","floor":7.0,"turns":4.0},{"damage":10.0,"enemies":"2 Fungi Beasts","floor":8.0,"turns":4.0},{"damage":1.0,"enemies":"Gremlin Gang","floor":10.0,"turns":3.0},{"damage":9.0,"enemies":"Looter","floor":12.0,"turns":4.0},{"damage":30.0,"enemies":"Lots of Slimes","floor":14.0,"turns":4.0},{"damage":17.0,"enemies":"The Guardian","floor":16.0,"turns":12.0},{"damage":31.0,"enemies":"3 Byrds","floor":18.0,"turns":5.0},{"damage":12.0,"enemies":"2 Thieves","floor":22.0,"turns":4.0},{"damage":30.0,"enemies":"Centurion and Healer","floor":24.0,"turns":8.0},{"damage":5.0,"enemies":"3 Cultists","floor":25.0,"turns":5.0},{"damage":22.0,"enemies":"Sentry and Sphere","floor":27.0,"turns":7.0},{"damage":4.0,"enemies":"Cultist and Chosen","floor":29.0,"turns":5.0},{"damage":4.0,"enemies":"Shelled Parasite and Fungi","floor":31.0,"turns":9.0},{"damage":46.0,"enemies":"Champ","floor":33.0,"turns":11.0},{"damage":0,"enemies":"Orb Walker","floor":35,"turns":6},{"damage":1,"enemies":"3 Shapes","floor":37,"turns":3},{"damage":28,"enemies":"Writhing Mass","floor":38,"turns":6},{"damage":21,"enemies":"3 Darklings","floor":39,"turns":6},{"damage":17,"enemies":"Sphere and 2 Shapes","floor":42,"turns":4},{"damage":22,"enemies":"Jaw Worm Horde","floor":44,"turns":4},{"damage":58,"enemies":"Reptomancer","floor":46,"turns":2}],"seed_played":"4008100262451668937","potions_obtained":[{"floor":1.0,"key":"Regen Potion"},{"floor":7.0,"key":"Explosive Potion"},{"floor":8.0,"key":"LiquidBronze"},{"floor":16.0,"key":"Regen Potion"},{"floor":18.0,"key":"Weak Potion"},{"floor":24.0,"key":"EssenceOfSteel"},{"floor":25.0,"key":"Fire Potion"},{"floor":29.0,"key":"Poison Potion"},{"floor":33.0,"key":"Energy Potion"},{"floor":35,"key":"EssenceOfSteel"}],"is_trial":false,"path_per_floor":["M","?","?","?","M","E","M","M","T","M","R","M","R","M","R","B",null,"M","$","?","?","M","R","M","M","T","M","R","M","R","M","R","B",null,"M","$","M","M","M","R","?","M","T","M","R","E"],"character_chosen":"IRONCLAD","items_purchased":["Rupture","True Grit","Anchor","Lee\u0027s Waffle"],"campfire_rested":3,"item_purchase_floors":[19,19,36,36],"current_hp_per_floor":[80,77,61,61,66,72,72,68,68,73,73,70,70,60,60,49,72,61,61,61,61,55,55,31,32,32,16,40,42,42,44,68,28,67,73,87,87,65,50,50,50,39,39,23,49,0],"gold":161,"neow_bonus":"THREE_ENEMY_KILL","is_prod":false,"is_daily":false,"chose_seed":false,"campfire_upgraded":6,"win_rate":0,"timestamp":1549919655,"path_taken":["M","?","?","?","M","E","M","M","T","M","R","M","R","M","R","BOSS","M","$","?","?","M","R","M","M","T","M","R","M","R","M","R","BOSS","M","$","M","?","?","R","?","?","T","M","R","E"],"build_version":"2019-01-23","purchased_purges":1,"victory":false,"max_hp_per_floor":[80,80,80,80,80,80,80,80,80,80,80,80,80,80,80,80,80,80,80,80,80,80,80,80,80,80,80,80,80,80,80,80,80,80,80,87,87,87,87,87,87,87,87,87,87,87],"card_choices":[{"not_picked":["Twin Strike","Pommel Strike"],"picked":"Combust","floor":1.0},{"not_picked":["Flex","Headbutt"],"picked":"Shrug It Off","floor":5.0},{"not_picked":["Searing Blow","Burning Pact"],"picked":"Juggernaut","floor":6.0},{"not_picked":["Combust","Anger"],"picked":"Uppercut","floor":7.0},{"not_picked":["Perfected Strike","Twin Strike","Wild Strike"],"picked":"SKIP","floor":8.0},{"not_picked":["Wild Strike","Thunderclap","Heavy Blade"],"picked":"SKIP","floor":10.0},{"not_picked":["Warcry","Dropkick","Perfected Strike"],"picked":"SKIP","floor":12.0},{"not_picked":["Dual Wield","Rampage"],"picked":"Shrug It Off","floor":14.0},{"not_picked":["Bludgeon","Fiend Fire"],"picked":"Demon Form","floor":16.0},{"not_picked":["Clothesline","Inflame"],"picked":"Shrug It Off+1","floor":18.0},{"not_picked":["Evolve","Pommel Strike"],"picked":"Rage","floor":22.0},{"not_picked":["Anger","Wild Strike"],"picked":"Shrug It Off","floor":24.0},{"not_picked":["Clothesline","Corruption"],"picked":"Metallicize","floor":25.0},{"not_picked":["Rupture+1","Clothesline+1"],"picked":"Iron Wave","floor":27.0},{"not_picked":["Iron Wave","Armaments+1","Burning Pact"],"picked":"SKIP","floor":29.0},{"not_picked":["Hemokinesis","Headbutt","Uppercut"],"picked":"SKIP","floor":31.0},{"not_picked":["Juggernaut","Bludgeon"],"picked":"Impervious","floor":33.0},{"not_picked":["Perfected Strike"],"picked":"SKIP","floor":35},{"not_picked":["Warcry+1"],"picked":"SKIP","floor":37},{"not_picked":["Seeing Red+1"],"picked":"SKIP","floor":38},{"not_picked":["Metallicize"],"picked":"SKIP","floor":39},{"not_picked":["Dual Wield"],"picked":"SKIP","floor":42},{"not_picked":["Hemokinesis+1"],"picked":"SKIP","floor":44},{"not_picked":[],"picked":"Whirlwind","floor":45}],"player_experience":1801798,"relics_obtained":[{"floor":6.0,"key":"Peace Pipe"},{"floor":9.0,"key":"Dead Branch"},{"floor":26.0,"key":"Gremlin Horn"},{"floor":43,"key":"Dream Catcher"}],"event_choices":[{"damage_healed":0.0,"max_hp_gain":0.0,"max_hp_loss":0.0,"gold_gain":0.0,"event_name":"Scrap Ooze","player_choice":"Success","floor":2.0,"gold_loss":0.0,"damage_taken":3.0,"relics_obtained":["Sundial"]},{"damage_healed":0.0,"max_hp_gain":0.0,"max_hp_loss":0.0,"gold_gain":0.0,"event_name":"Shining Light","player_choice":"Entered Light","floor":3.0,"gold_loss":0.0,"damage_taken":16.0,"cards_upgraded":["Strike_R","Strike_R"]},{"damage_healed":0.0,"max_hp_gain":0.0,"max_hp_loss":0.0,"gold_gain":0.0,"cards_transformed":["Strike_R"],"event_name":"Transmorgrifier","player_choice":"Transformed","floor":4.0,"gold_loss":0.0,"damage_taken":0.0,"cards_obtained":["Disarm"]},{"damage_healed":0.0,"max_hp_gain":0.0,"max_hp_loss":0.0,"gold_gain":0.0,"event_name":"Back to Basics","player_choice":"Simplicity","floor":20.0,"gold_loss":0.0,"damage_taken":0.0,"cards_upgraded":["Strike_R","Defend_R","Defend_R","Defend_R","Defend_R"]},{"damage_healed":0.0,"max_hp_gain":0.0,"max_hp_loss":0.0,"gold_gain":100.0,"event_name":"Golden Shrine","player_choice":"Pray","floor":21.0,"gold_loss":0.0,"damage_taken":0.0},{"damage_healed":0,"gold_gain":0,"player_choice":"0 cards matched","damage_taken":0,"max_hp_gain":0,"max_hp_loss":0,"event_name":"Match and Keep!","floor":41,"gold_loss":0,"cards_obtained":[]}],"is_beta":false,"boss_relics":[{"not_picked":["Ectoplasm","Pandora\u0027s Box"],"picked":"Mark of Pain"},{"not_picked":["Tiny House","White Beast Statue"],"picked":"Busted Crown"}],"items_purged_floors":[19],"is_endless":false,"potions_floor_spawned":[1,7,8,16,18,24,25,29,33,35,42],"killed_by":"Reptomancer","ascension_level":5}