{"gold_per_floor":[359,359,371,250,260,260,275,292,292,292,292,308,341,353,353,455,455,468,169,187,200,25,52,52,52,78,78,98,98,3,22,22,122,122,139,58,158,158,171,171,191,203,203,222,222,64,64,22,22,22],"floor_reached":51,"playtime":5924,"items_purged":["Strike_B","Strike_B","Zap","Compile Driver"],"score":701,"play_id":"78670a9c-1317-44b3-bb01-2ee3cf18f7ac","local_time":"20181028021431","is_ascension_mode":true,"campfire_choices":[{"data":"Hyperbeam","floor":6.0,"key":"SMITH"},{"data":"Go for the Eyes","floor":11.0,"key":"SMITH"},{"data":"Beam Cell","floor":15.0,"key":"SMITH"},{"data":"Bite","floor":25,"key":"SMITH"},{"data":"Leap","floor":27,"key":"SMITH"},{"data":"Rebound","floor":32,"key":"SMITH"},{"data":"Darkness+1","floor":40,"key":"PURGE"},{"data":"Tempest+1","floor":45,"key":"PURGE"},{"data":"Bite","floor":47,"key":"PURGE"},{"floor":49,"key":"REST"}],"neow_cost":"TEN_PERCENT_HP_LOSS","seed_source_timestamp":0,"circlet_count":0,"master_deck":["Defend_B","Defend_B","Defend_B","Hyperbeam+1","Go for the Eyes+1","Leap+1","Beam Cell+1","Rebound+1","BootSequence+1","Reprogram+1","Auto Shields+1","FTL","Hologram+1","Machine Learning","Bite+1","Bite","Bite","Bite","Conserve Battery+1","Compile Driver+1","Recycle+1","Hologram+1","Hyperbeam+1","Skim+1"],"special_seed":0,"relics":["Cracked Core","Thread and Needle","Toxic Egg 2","Du-Vu Doll","Velvet Choker","Medical Kit","Dream Catcher","PreservedInsect","Astrolabe","Peace Pipe","The Courier"],"potions_floor_usage":[16,16,18,21,28,29,33,33,37,41,50,50,50],"damage_taken":[{"damage":0.0,"enemies":"Small Slimes","floor":1.0,"turns":2.0},{"damage":1.0,"enemies":"Cultist","floor":3.0,"turns":4.0},{"damage":0.0,"enemies":"Jaw Worm","floor":5.0,"turns":2.0},{"damage":0.0,"enemies":"Lots of Slimes","floor":7.0,"turns":1.0},{"damage":2.0,"enemies":"Blue Slaver","floor":8.0,"turns":3.0},{"damage":0.0,"enemies":"2 Fungi Beasts","floor":12.0,"turns":2.0},{"damage":0.0,"enemies":"Gremlin Nob","floor":13.0,"turns":2.0},{"damage":0.0,"enemies":"Exordium Wildlife","floor":14.0,"turns":1.0},{"damage":5,"enemies":"The Guardian","floor":16,"turns":5},{"damage":0,"enemies":"Shell Parasite","floor":18,"turns":6},{"damage":0,"enemies":"2 Thieves","floor":20,"turns":2},{"damage":8,"enemies":"Snake Plant","floor":21,"turns":4},{"damage":5,"enemies":"Gremlin Leader","floor":23,"turns":4},{"damage":6,"enemies":"Centurion and Healer","floor":28,"turns":5},{"damage":0,"enemies":"Colosseum Slavers","floor":29,"turns":3},{"damage":0,"enemies":"Cultist and Chosen","floor":31,"turns":4},{"damage":53,"enemies":"Champ","floor":33,"turns":17},{"damage":3,"enemies":"Orb Walker","floor":35,"turns":4},{"damage":0,"enemies":"Mind Bloom Boss Battle","floor":37,"turns":3},{"damage":0,"enemies":"3 Darklings","floor":39,"turns":4},{"damage":24,"enemies":"Spire Growth","floor":41,"turns":4},{"damage":14,"enemies":"Maw","floor":42,"turns":8},{"damage":4,"enemies":"Writhing Mass","floor":44,"turns":4},{"damage":69,"enemies":"Donu and Deca","floor":50,"turns":8}],"seed_played":"-4554636856198044245","potions_obtained":[{"floor":3.0,"key":"Explosive Potion"},{"floor":7.0,"key":"Block Potion"},{"floor":12.0,"key":"SpeedPotion"},{"floor":13.0,"key":"GamblersBrew"},{"floor":16,"key":"Fruit Juice"},{"floor":20,"key":"GamblersBrew"},{"floor":28,"key":"SteroidPotion"},{"floor":31,"key":"Dexterity Potion"},{"floor":35,"key":"Fire Potion"},{"floor":37,"key":"Block Potion"},{"floor":42,"key":"Regen Potion"}],"is_trial":false,"path_per_floor":["M","?","M","$","M","R","M","M","T","?","R","M","E","M","R","B",null,"M","$","M","M","$","E","?","R","T","R","M","?","$","M","R","B",null,"M","$","?","?","M","R","M","M","T","M","R","$","R","$","R","B"],"character_chosen":"DEFECT","items_purchased":["Go for the Eyes","Medical Kit","Hologram+1","Conserve Battery+1","Weak Potion","Recycle+1","Dexterity Potion","Weak Potion"],"campfire_rested":1,"item_purchase_floors":[4,19,22,30,30,36,46,48],"current_hp_per_floor":[68,68,67,67,67,67,67,65,65,58,58,58,58,58,58,53,68,73,73,73,65,65,60,51,51,51,51,50,51,51,51,51,14,51,51,51,51,51,51,51,37,37,37,35,35,35,35,35,50,3],"gold":22,"neow_bonus":"TWO_FIFTY_GOLD","is_prod":false,"is_daily":false,"chose_seed":false,"campfire_upgraded":6,"win_rate":0,"timestamp":1540714471,"path_taken":["M","?","M","$","M","R","?","M","T","?","R","M","E","M","R","BOSS","M","$","M","M","$","E","?","R","T","R","M","?","$","?","R","BOSS","M","$","?","?","M","R","M","?","T","M","R","$","R","$","R","BOSS"],"build_version":"2018-10-25v2","purchased_purges":4,"victory":true,"max_hp_per_floor":[68,68,68,68,68,68,68,68,68,68,68,68,68,68,68,68,68,73,73,73,73,73,73,51,51,51,51,51,51,51,51,51,51,51,51,51,51,51,51,51,51,51,51,51,51,51,51,51,51,51],"card_choices":[{"not_picked":["Rebound","Scrape"],"picked":"Compile Driver","floor":1.0},{"not_picked":["Fusion","Static Discharge"],"picked":"Glacier","floor":3.0},{"not_picked":["Hello World","Barrage"],"picked":"Leap","floor":5.0},{"not_picked":["Rebound","Leap"],"picked":"Beam Cell","floor":7.0},{"not_picked":["Cold Snap","Go for the Eyes"],"picked":"Rebound","floor":8.0},{"not_picked":["Lockon","Streamline","Go for the Eyes"],"picked":"SKIP","floor":12.0},{"not_picked":["Buffer","Barrage"],"picked":"BootSequence+1","floor":13.0},{"not_picked":["Turbo+1","Leap+1"],"picked":"Reprogram+1","floor":14.0},{"not_picked":["Gash","Double Energy+1","Ball Lightning"],"picked":"SKIP","floor":18},{"not_picked":["Self Repair","Cold Snap+1"],"picked":"Auto Shields+1","floor":20},{"not_picked":["Hello World+1","Redo+1"],"picked":"FTL","floor":21},{"not_picked":["Turbo+1","Steam+1"],"picked":"Machine Learning","floor":23},{"not_picked":["Beam Cell","Compile Driver","White Noise+1"],"picked":"SKIP","floor":28},{"not_picked":["Darkness+1","Steam+1","Consume+1"],"picked":"SKIP","floor":31},{"not_picked":["Rebound+1","Self Repair","Beam Cell+1"],"picked":"SKIP","floor":35},{"not_picked":["Leap+1","Compile Driver+1"],"picked":"Hologram+1","floor":37},{"not_picked":["Genetic Algorithm+1","Aggregate+1"],"picked":"Skim+1","floor":39},{"not_picked":["Leap+1","Force Field+1","Turbo+1"],"picked":"SKIP","floor":41},{"not_picked":["Genetic Algorithm+1","Go for the Eyes","Sweeping Beam"],"picked":"SKIP","floor":42},{"not_picked":["Cold Snap","Genetic Algorithm+1","Storm+1"],"picked":"SKIP","floor":44}],"player_experience":969288,"relics_obtained":[{"floor":9.0,"key":"Thread and Needle"},{"floor":13.0,"key":"Du-Vu Doll"},{"floor":23,"key":"Dream Catcher"},{"floor":26,"key":"PreservedInsect"},{"floor":37,"key":"Peace Pipe"},{"floor":43,"key":"The Courier"}],"event_choices":[{"damage_healed":0.0,"max_hp_gain":0.0,"max_hp_loss":0.0,"gold_gain":0.0,"event_name":"Match and Keep!","player_choice":"1 cards matched","floor":2.0,"gold_loss":0.0,"damage_taken":0.0,"cards_obtained":["Hyperbeam"]},{"damage_healed":0.0,"max_hp_gain":0.0,"max_hp_loss":0.0,"gold_gain":0.0,"event_name":"Scrap Ooze","player_choice":"Success","floor":10.0,"gold_loss":0.0,"damage_taken":7.0,"relics_obtained":["Toxic Egg 2"]},{"damage_healed":0,"gold_gain":0,"player_choice":"Became a vampire","damage_taken":0,"max_hp_gain":0,"max_hp_loss":22,"event_name":"Vampires","floor":24,"gold_loss":0,"cards_obtained":["Bite","Bite","Bite","Bite","Bite"]},{"damage_healed":0,"gold_gain":0,"player_choice":"Fight","damage_taken":0,"max_hp_gain":0,"max_hp_loss":0,"event_name":"Colosseum","floor":29,"gold_loss":0},{"damage_healed":0,"gold_gain":0,"player_choice":"Fled From Nobs","damage_taken":0,"max_hp_gain":0,"max_hp_loss":0,"event_name":"Colosseum","floor":29,"gold_loss":0},{"damage_healed":0,"gold_gain":0,"player_choice":"Fight","damage_taken":0,"max_hp_gain":0,"max_hp_loss":0,"event_name":"MindBloom","floor":37,"gold_loss":0},{"damage_healed":0,"gold_gain":0,"player_choice":"Copied","damage_taken":0,"max_hp_gain":0,"max_hp_loss":0,"event_name":"Duplicator","floor":38,"gold_loss":0,"cards_obtained":["Hyperbeam"]}],"is_beta":false,"boss_relics":[{"not_picked":["Runic Pyramid","Sozu"],"picked":"Velvet Choker"},{"not_picked":["Fusion Hammer","Calling Bell"],"picked":"Astrolabe"}],"items_purged_floors":[4,19,22,46],"is_endless":false,"potions_floor_spawned":[3,7,12,13,16,20,28,31,35,37,42],"ascension_level":1}