{"path_per_floor":["M","M","?","M","M","E","M","M","T","E","$","E","M","M","R","B",null,"M","M","$"],"character_chosen":"IRONCLAD","items_purchased":["Dropkick","Warcry","Shrug It Off","Flash of Steel"],"gold_per_floor":[15,35,35,47,65,92,111,131,131,157,1,32,51,63,63,161,161,173,187,41,41],"floor_reached":21,"campfire_rested":1,"playtime":2205,"current_hp_per_floor":[75,80,80,80,78,76,69,71,71,44,44,37,35,26,50,45,80,61,52,52,0],"items_purged":["Strike_R"],"gold":41,"score":205,"play_id":"c709699c-99cd-4e5a-9572-fb72304c5732","local_time":"20180406005752","is_prod":false,"is_daily":false,"is_ascension_mode":false,"campfire_upgraded":0,"timestamp":1522997872,"path_taken":["M","M","?","M","M","E","M","M","T","E","$","E","?","M","R","BOSS","M","M","$","M"],"build_version":"2018-04-05v2","purchased_purges":1,"victory":false,"master_deck":["Strike_R","Defend_R","Defend_R","Bash","Dropkick","Dropkick","Pommel Strike","Bloodletting+1","Heavy Blade","Metallicize","Infernal Blade","Thunderclap","Warcry","Dropkick","Warcry+1","Demon Form","Headbutt","Pommel Strike","Limit Break","Impervious+1","Sever Soul+1","Searing Blow+1","Clothesline+1","Shrug It Off","Flash of Steel"],"max_hp_per_floor":[80,80,80,80,80,80,80,80,80,80,80,80,80,80,80,80,80,80,80,80,80],"relics":["Burning Blood","Peace Pipe","Magic Flower","Oddly Smooth Stone","War Paint","Astrolabe"],"card_choices":[{"not_picked":["Sword Boomerang","Clothesline"],"picked":"Pommel Strike","floor":1},{"not_picked":["Perfected Strike","Reckless Charge"],"picked":"Bloodletting","floor":4},{"not_picked":["Clash","Flex"],"picked":"Heavy Blade","floor":5},{"not_picked":["Seeing Red","True Grit"],"picked":"Metallicize","floor":6},{"not_picked":["Power Through","Bludgeon"],"picked":"Infernal Blade","floor":7},{"not_picked":["Fire Breathing","Disarm"],"picked":"Thunderclap","floor":8},{"not_picked":["Entrench","Armaments"],"picked":"Warcry","floor":10},{"not_picked":["Reckless Charge","Warcry"],"picked":"Demon Form","floor":12},{"not_picked":["Warcry","Clash"],"picked":"Headbutt","floor":13},{"not_picked":["Searing Blow","Dropkick"],"picked":"Pommel Strike","floor":14},{"not_picked":["Reaper","Fiend Fire"],"picked":"Limit Break","floor":16},{"not_picked":["Flex","Twin Strike"],"picked":"Clothesline","floor":19}],"player_experience":9518,"potions_floor_usage":[6,8,10,12,12,14,16,21],"damage_taken":[{"damage":11,"enemies":"Jaw Worm","floor":1,"turns":3},{"damage":0,"enemies":"Cultist","floor":2,"turns":2},{"damage":0,"enemies":"2 Louse","floor":4,"turns":3},{"damage":8,"enemies":"2 Fungi Beasts","floor":5,"turns":3},{"damage":8,"enemies":"Gremlin Nob","floor":6,"turns":3},{"damage":13,"enemies":"Looter","floor":7,"turns":2},{"damage":4,"enemies":"Exordium Thugs","floor":8,"turns":3},{"damage":36,"enemies":"Lagavulin","floor":10,"turns":5},{"damage":16,"enemies":"Gremlin Nob","floor":12,"turns":3},{"damage":11,"enemies":"Lots of Slimes","floor":13,"turns":4},{"damage":18,"enemies":"Blue Slaver","floor":14,"turns":3},{"damage":14,"enemies":"Slime Boss","floor":16,"turns":6},{"damage":28,"enemies":"Chosen","floor":18,"turns":5},{"damage":18,"enemies":"3 Byrds","floor":19,"turns":7},{"damage":52,"enemies":"Slaver and Parasite","floor":21,"turns":3}],"event_choices":[{"event_name":"The Lab","player_choice":"Got Potions","floor":3,"damage_taken":0}],"boss_relics":[{"not_picked":["Velvet Choker","Ectoplasm"],"picked":"Astrolabe"}],"potions_floor_spawned":[5,6,10,13,14,16,19],"seed_played":"1128419356625273233","killed_by":"Slaver and Parasite","ascension_level":0,"is_trial":false}