{"gold_per_floor":[116,133,53,67,78,105,105,117,143,156,106,106,186,227,227,356,356,381,406,25,44,65,65,16,37,110,110,124,138,138,138,138,269,269,292,313,313,313,646,646,680,680],"floor_reached":42,"playtime":2453,"items_purged":["Strike_R"],"score":465,"play_id":"611f8dbc-8579-4068-97dd-7a026bbb8dff","local_time":"20190410193111","is_ascension_mode":false,"campfire_choices":[{"data":"Armaments","floor":7,"key":"SMITH"},{"floor":15,"key":"REST"},{"data":"Barricade","floor":23,"key":"SMITH"},{"data":"Juggernaut","floor":27,"key":"SMITH"},{"floor":32,"key":"REST"},{"data":"Strike_R","floor":40,"key":"SMITH"}],"neow_cost":"NONE","seed_source_timestamp":290980530940470,"circlet_count":0,"master_deck":["Strike_R","Strike_R+1","Strike_R","Defend_R","Defend_R","Defend_R","Defend_R","Bash","Rage","Rampage","Armaments","Juggernaut+1","Armaments+1","Pommel Strike","Shrug It Off","Metallicize","Flame Barrier","True Grit","Feel No Pain","Barricade+1","Infernal Blade","Clothesline","Shrug It Off","Twin Strike","Headbutt","Offering","Uppercut","Rage","Flame Barrier","Pommel Strike","Madness","Madness","Secret Weapon","Pommel Strike"],"relics":["Burning Blood","Centennial Puzzle","PreservedInsect","Blood Vial","Potion Belt","Busted Crown","Bag of Marbles","Strawberry","Shuriken","MutagenicStrength","Orrery","Bag of Preparation"],"potions_floor_usage":[],"damage_taken":[{"damage":4,"enemies":"Cultist","floor":1,"turns":4},{"damage":9,"enemies":"Jaw Worm","floor":2,"turns":4},{"damage":0,"enemies":"2 Louse","floor":4,"turns":3},{"damage":7,"enemies":"2 Fungi Beasts","floor":5,"turns":3},{"damage":35,"enemies":"Lagavulin","floor":6,"turns":8},{"damage":7,"enemies":"3 Louse","floor":8,"turns":4},{"damage":16,"enemies":"Large Slime","floor":10,"turns":6},{"damage":14,"enemies":"Lagavulin Event","floor":13,"turns":5},{"damage":5,"enemies":"3 Sentries","floor":14,"turns":9},{"damage":14,"enemies":"Hexaghost","floor":16,"turns":12},{"damage":9,"enemies":"Shell Parasite","floor":18,"turns":6},{"damage":8,"enemies":"Spheric Guardian","floor":19,"turns":6},{"damage":28,"enemies":"Shelled Parasite and Fungi","floor":21,"turns":8},{"damage":7,"enemies":"Snecko","floor":22,"turns":5},{"damage":7,"enemies":"Snake Plant","floor":25,"turns":5},{"damage":62,"enemies":"Cultist and Chosen","floor":28,"turns":7},{"damage":1,"enemies":"Snecko","floor":29,"turns":5},{"damage":25,"enemies":"Champ","floor":33,"turns":15},{"damage":14,"enemies":"3 Shapes","floor":35,"turns":4},{"damage":23,"enemies":"Orb Walker","floor":36,"turns":5},{"damage":42,"enemies":"Nemesis","floor":41,"turns":7},{"damage":27,"enemies":"Spire Growth","floor":42,"turns":4}],"seed_played":"-745461138008640190","potions_obtained":[{"floor":1,"key":"BloodPotion"},{"floor":2,"key":"SkillPotion"},{"floor":5,"key":"Weak Potion"},{"floor":8,"key":"SteroidPotion"},{"floor":18,"key":"SteroidPotion"},{"floor":22,"key":"Poison Potion"},{"floor":25,"key":"Explosive Potion"}],"is_trial":false,"path_per_floor":["M","M","$","M","M","E","R","M","T","M","?","?","?","E","R","B",null,"M","M","$","M","M","R","$","M","T","R","M","M","?","?","R","B",null,"M","M","?","?","?","R","E","M"],"character_chosen":"IRONCLAD","items_purchased":["Juggernaut","Bag of Marbles","Strawberry","Shrug It Off"],"campfire_rested":2,"item_purchase_floors":[3,20,20,24],"current_hp_per_floor":[80,77,77,80,79,50,50,49,49,39,39,19,11,14,38,32,80,77,77,84,64,65,65,65,66,66,66,12,19,19,19,45,28,87,79,64,53,53,53,53,19,0],"gold":680,"neow_bonus":"THREE_CARDS","is_prod":false,"is_daily":false,"chose_seed":false,"campfire_upgraded":4,"win_rate":0.0,"timestamp":1554895871,"path_taken":["M","M","$","M","M","E","R","M","T","?","?","?","?","E","R","BOSS","M","M","$","M","M","R","$","M","T","R","M","M","?","?","R","BOSS","M","M","?","?","?","R","E","M"],"build_version":"2019-01-23","purchased_purges":1,"victory":false,"max_hp_per_floor":[80,80,80,80,80,80,80,80,80,80,80,80,80,80,80,80,80,80,80,87,87,87,87,87,87,87,87,87,87,87,87,87,87,87,87,87,87,87,87,87,87,87],"card_choices":[{"not_picked":["Cleave","Armaments"],"picked":"Rage","floor":0},{"not_picked":["Disarm","Battle Trance"],"picked":"Rampage","floor":1},{"not_picked":["Thunderclap","Sword Boomerang"],"picked":"Armaments","floor":2},{"not_picked":["Perfected Strike","Warcry"],"picked":"Armaments","floor":4},{"not_picked":["Infernal Blade","Clash"],"picked":"Pommel Strike","floor":5},{"not_picked":["Body Slam","Pummel"],"picked":"Shrug It Off","floor":6},{"not_picked":["Burning Pact","True Grit"],"picked":"Metallicize","floor":8},{"not_picked":["Burning Pact","Reaper"],"picked":"Flame Barrier","floor":10},{"not_picked":["Disarm","Perfected Strike"],"picked":"True Grit","floor":13},{"not_picked":["Thunderclap","Clothesline"],"picked":"Feel No Pain","floor":14},{"not_picked":["Reaper","Double Tap"],"picked":"Barricade","floor":16},{"not_picked":[],"picked":"Infernal Blade","floor":18},{"not_picked":[],"picked":"Clothesline","floor":19},{"not_picked":["Headbutt"],"picked":"SKIP","floor":21},{"not_picked":["Warcry"],"picked":"SKIP","floor":22},{"not_picked":[],"picked":"Twin Strike","floor":25},{"not_picked":["Warcry"],"picked":"SKIP","floor":28},{"not_picked":[],"picked":"Headbutt","floor":29},{"not_picked":[],"picked":"Offering","floor":33},{"not_picked":[],"picked":"Uppercut","floor":34},{"not_picked":[],"picked":"Rage","floor":34},{"not_picked":[],"picked":"Flame Barrier","floor":34},{"not_picked":[],"picked":"Pommel Strike","floor":35},{"not_picked":["Clash"],"picked":"SKIP","floor":36},{"not_picked":[],"picked":"Secret Weapon","floor":38},{"not_picked":[],"picked":"Pommel Strike","floor":41}],"player_experience":1587,"relics_obtained":[{"floor":6,"key":"Centennial Puzzle"},{"floor":9,"key":"PreservedInsect"},{"floor":13,"key":"Blood Vial"},{"floor":14,"key":"Potion Belt"},{"floor":26,"key":"Shuriken"},{"floor":41,"key":"Bag of Preparation"}],"event_choices":[{"cards_removed":["Strike_R"],"damage_healed":0,"gold_gain":0,"player_choice":"Card Removal","damage_taken":0,"max_hp_gain":0,"max_hp_loss":0,"event_name":"The Cleric","floor":11,"gold_loss":50},{"damage_healed":0,"gold_gain":0,"player_choice":"Take Damage","damage_taken":20,"relics_obtained":["Golden Idol"],"max_hp_gain":0,"max_hp_loss":0,"event_name":"Golden Idol","floor":12,"gold_loss":0},{"damage_healed":0,"gold_gain":0,"player_choice":"Searched \u00271\u0027 times","damage_taken":0,"max_hp_gain":0,"max_hp_loss":0,"event_name":"Dead Adventurer","floor":13,"gold_loss":0},{"damage_healed":0,"gold_gain":0,"player_choice":"Ignored","damage_taken":0,"max_hp_gain":0,"max_hp_loss":0,"event_name":"The Mausoleum","floor":30,"gold_loss":0},{"damage_healed":0,"gold_gain":0,"player_choice":"Inject Mutagens","damage_taken":0,"relics_obtained":["MutagenicStrength"],"max_hp_gain":0,"max_hp_loss":0,"event_name":"Drug Dealer","floor":31,"gold_loss":0},{"damage_healed":0,"gold_gain":0,"player_choice":"Embrace Madness","damage_taken":11,"max_hp_gain":0,"max_hp_loss":0,"event_name":"Winding Halls","floor":37,"gold_loss":0,"cards_obtained":["Madness","Madness"]},{"damage_healed":0,"gold_gain":0,"player_choice":"Memory 1","damage_taken":0,"max_hp_gain":0,"max_hp_loss":0,"event_name":"SensoryStone","floor":38,"gold_loss":0},{"damage_healed":0,"gold_gain":333,"player_choice":"Gave Idol","damage_taken":0,"max_hp_gain":0,"max_hp_loss":0,"event_name":"The Moai Head","floor":39,"relics_lost":["Golden Idol"],"gold_loss":0}],"is_beta":false,"boss_relics":[{"not_picked":["Black Star","Fusion Hammer"],"picked":"Busted Crown"},{"not_picked":["Snecko Eye","Empty Cage"],"picked":"Orrery"}],"items_purged_floors":[20],"is_endless":false,"potions_floor_spawned":[1,2,5,8,10,18,22,25,33,35,36],"killed_by":"Spire Growth","ascension_level":0}