{"gold_per_floor":[114,131,142,14,14,14,14,14,14,24,59,59,78,78,78,176,176,195,215,215,226,226,226,244,1,49,49,49,49,49,49,49,49],"floor_reached":33,"playtime":2680,"items_purged":[],"score":368,"play_id":"563e1d8b-00be-4785-87e3-7441703eb873","local_time":"20190823112105","is_ascension_mode":true,"campfire_choices":[{"data":"Whirlwind","floor":6.0,"key":"SMITH"},{"data":"Impervious","floor":8.0,"key":"SMITH"},{"floor":12.0,"key":"REST"},{"data":"Heavy Blade","floor":15,"key":"SMITH"},{"floor":23,"key":"REST"},{"data":"Flame Barrier","floor":29,"key":"SMITH"},{"floor":32,"key":"REST"}],"neow_cost":"NONE","seed_source_timestamp":0,"circlet_count":0,"master_deck":["AscendersBane","Strike_R+1","Strike_R+1","Strike_R+1","Strike_R+1","Strike_R+1","Defend_R+1","Defend_R+1","Defend_R+1","Defend_R+1","Bash+1","Impervious+1","Havoc","Iron Wave+1","Whirlwind+1","Battle Trance","Shrug It Off","Carnage+1","Feed","Heavy Blade+1","Exhume","Shockwave+1","Shrug It Off","Battle Trance","Impervious+1","Flame Barrier+1"],"special_seed":0,"relics":["Burning Blood","Sundial","Whetstone","Dream Catcher","Busted Crown","Lantern","Juzu Bracelet","Orichalcum"],"potions_floor_usage":[16,21,31,33,33],"damage_taken":[{"damage":14.0,"enemies":"Cultist","floor":1.0,"turns":5.0},{"damage":0.0,"enemies":"Small Slimes","floor":2.0,"turns":4.0},{"damage":12.0,"enemies":"Jaw Worm","floor":3.0,"turns":5.0},{"damage":0.0,"enemies":"2 Fungi Beasts","floor":10.0,"turns":3.0},{"damage":37.0,"enemies":"Gremlin Nob","floor":11.0,"turns":5.0},{"damage":4.0,"enemies":"Blue Slaver","floor":13.0,"turns":4.0},{"damage":46,"enemies":"The Guardian","floor":16,"turns":15},{"damage":14,"enemies":"Spheric Guardian","floor":18,"turns":4},{"damage":7,"enemies":"Shell Parasite","floor":19,"turns":4},{"damage":28,"enemies":"Snecko","floor":21,"turns":5},{"damage":0,"enemies":"3 Cultists","floor":24,"turns":4},{"damage":13,"enemies":"Cultist and Chosen","floor":31,"turns":6},{"damage":97,"enemies":"Champ","floor":33,"turns":13}],"seed_played":"7166185648361815131","potions_obtained":[{"floor":1.0,"key":"SkillPotion"},{"floor":11.0,"key":"Dexterity Potion"},{"floor":16,"key":"Ancient Potion"},{"floor":21,"key":"PowerPotion"},{"floor":24,"key":"AttackPotion"},{"floor":30,"key":"SmokeBomb"}],"is_trial":false,"path_per_floor":["M","M","M","$","?","R","?","R","T","M","E","R","M","T","R","B",null,"M","M","?","M","?","R","M","$","T","?","?","R","?","M","R","B"],"character_chosen":"IRONCLAD","items_purchased":["Battle Trance","Shrug It Off","Flame Barrier","Juzu Bracelet","SteroidPotion"],"campfire_rested":3,"item_purchase_floors":[4,4,25,25,25],"current_hp_per_floor":[64,70,64,64,64,64,80,80,80,80,49,73,75,75,75,35,69,61,60,60,38,38,62,68,68,68,68,68,68,68,61,80,0],"gold":49,"neow_bonus":"ONE_RANDOM_RARE_CARD","is_prod":false,"is_daily":false,"chose_seed":false,"campfire_upgraded":4,"win_rate":0,"timestamp":1566580865,"path_taken":["M","M","M","$","?","R","?","R","T","M","E","R","M","?","R","BOSS","M","M","?","M","?","R","?","$","T","?","?","R","?","M","R","BOSS"],"build_version":"2019-07-17","purchased_purges":0,"victory":false,"max_hp_per_floor":[80,80,80,80,80,80,80,80,80,80,80,80,80,80,80,80,80,80,80,80,80,80,80,80,80,80,80,80,80,80,80,80,80],"card_choices":[{"not_picked":["Metallicize","Seeing Red"],"picked":"Havoc","floor":1.0},{"not_picked":["Feel No Pain","Dual Wield"],"picked":"Iron Wave","floor":2.0},{"not_picked":["Perfected Strike","Flex"],"picked":"Whirlwind","floor":3.0},{"not_picked":["Flex","True Grit"],"picked":"Carnage","floor":10.0},{"not_picked":["Combust","True Grit"],"picked":"Feed","floor":11.0},{"not_picked":["Fire Breathing","Cleave"],"picked":"Heavy Blade","floor":13.0},{"not_picked":["Feed","Berserk"],"picked":"Exhume","floor":16},{"not_picked":[],"picked":"Shockwave+1","floor":18},{"not_picked":[],"picked":"Shrug It Off","floor":19},{"not_picked":[],"picked":"Battle Trance","floor":21},{"not_picked":["Rupture"],"picked":"SKIP","floor":24}],"player_experience":2250599,"relics_obtained":[{"floor":9.0,"key":"Sundial"},{"floor":11.0,"key":"Whetstone"},{"floor":14,"key":"Dream Catcher"},{"floor":26,"key":"Orichalcum"}],"event_choices":[{"damage_healed":0.0,"max_hp_gain":0.0,"max_hp_loss":0.0,"gold_gain":0.0,"event_name":"Living Wall","player_choice":"Grow","floor":5.0,"gold_loss":0.0,"damage_taken":0.0,"cards_upgraded":["Iron Wave"]},{"damage_healed":26.0,"max_hp_gain":0.0,"max_hp_loss":0.0,"gold_gain":0.0,"event_name":"Big Fish","player_choice":"Banana","floor":7.0,"gold_loss":0.0,"damage_taken":0.0},{"damage_healed":0,"gold_gain":0,"player_choice":"Opened","damage_taken":0,"relics_obtained":["Lantern"],"max_hp_gain":0,"max_hp_loss":0,"event_name":"The Mausoleum","floor":20,"gold_loss":0},{"damage_healed":0,"gold_gain":0,"player_choice":"Copied","damage_taken":0,"max_hp_gain":0,"max_hp_loss":0,"event_name":"Duplicator","floor":22,"gold_loss":0,"cards_obtained":["Impervious"]},{"damage_healed":0,"gold_gain":0,"player_choice":"Ignored","damage_taken":0,"max_hp_gain":0,"max_hp_loss":0,"event_name":"Ghosts","floor":27,"gold_loss":0},{"damage_healed":0,"gold_gain":0,"player_choice":"Simplicity","damage_taken":0,"max_hp_gain":0,"max_hp_loss":0,"event_name":"Back to Basics","floor":28,"gold_loss":0,"cards_upgraded":["Strike_R","Strike_R","Strike_R","Strike_R","Strike_R","Defend_R","Defend_R","Defend_R","Defend_R"]},{"damage_healed":0,"gold_gain":0,"player_choice":"Got Potions","damage_taken":0,"max_hp_gain":0,"max_hp_loss":0,"event_name":"Lab","floor":30,"gold_loss":0}],"is_beta":false,"boss_relics":[{"not_picked":["Runic Pyramid","Black Blood"],"picked":"Busted Crown"}],"items_purged_floors":[],"is_endless":false,"potions_floor_spawned":[1,11,16,21,24],"killed_by":"Champ","ascension_level":10}