{"gold_per_floor":[365,365,380,32,0,29,29,42,119,119,130,144,172,192,192,293,293,307,322,342,342],"floor_reached":21,"playtime":2147,"items_purged":[],"score":241,"play_id":"d873bdc0-35b8-4df8-bc39-c64c16b5ceac","local_time":"20190209005127","is_ascension_mode":true,"campfire_choices":[{"floor":10,"key":"REST"},{"floor":15,"key":"REST"}],"neow_cost":"PERCENT_DAMAGE","seed_source_timestamp":2810099545425107,"circlet_count":0,"master_deck":["Defend_G","Defend_G","Defend_G","Defend_G","Defend_G","Strike_G","Strike_G","Strike_G","Strike_G","Strike_G","Survivor","Neutralize","Backflip","Dagger Spray","Well Laid Plans","Dagger Throw","Terror","Cloak And Dagger","Sucker Punch","Predator","Backflip","Escape Plan","Malaise","Decay","Shame","Normality","Prepared","Footwork+1","Distraction+1"],"relics":["Ring of the Snake","Meat on the Bone","Happy Flower","Tiny Chest","Mercury Hourglass","Calling Bell","Omamori","Question Card","Shovel"],"potions_floor_usage":[11,16,16,16,18,19,21],"damage_taken":[{"damage":0,"enemies":"2 Louse","floor":1,"turns":3},{"damage":2,"enemies":"Small Slimes","floor":3,"turns":5},{"damage":21,"enemies":"3 Sentries","floor":6,"turns":9},{"damage":0,"enemies":"Jaw Worm","floor":8,"turns":4},{"damage":11,"enemies":"Exordium Wildlife","floor":11,"turns":5},{"damage":6,"enemies":"Exordium Thugs","floor":12,"turns":4},{"damage":13,"enemies":"Gremlin Nob","floor":13,"turns":4},{"damage":4,"enemies":"Large Slime","floor":14,"turns":4},{"damage":34,"enemies":"Slime Boss","floor":16,"turns":8},{"damage":15,"enemies":"3 Byrds","floor":18,"turns":5},{"damage":22,"enemies":"2 Thieves","floor":19,"turns":4},{"damage":33,"enemies":"Shelled Parasite and Fungi","floor":20,"turns":9},{"damage":18,"enemies":"Centurion and Healer","floor":21,"turns":8}],"seed_played":"-7884425098537605151","potions_obtained":[{"floor":3,"key":"GamblersBrew"},{"floor":6,"key":"Ancient Potion"},{"floor":12,"key":"Explosive Potion"},{"floor":13,"key":"Block Potion"},{"floor":14,"key":"FearPotion"},{"floor":16,"key":"Fire Potion"},{"floor":18,"key":"SkillPotion"},{"floor":20,"key":"Ancient Potion"}],"is_trial":false,"path_per_floor":["M","?","M","$","?","E","$","M","T","R","M","M","E","M","R","B",null,"M","M","M","M"],"character_chosen":"THE_SILENT","items_purchased":["Meat on the Bone","Well Laid Plans","Dagger Throw"],"campfire_rested":2,"item_purchase_floors":[4,4,4],"current_hp_per_floor":[49,49,47,47,47,38,38,38,38,59,48,42,41,37,58,36,62,47,37,16,0],"gold":342,"neow_bonus":"TWO_FIFTY_GOLD","is_prod":false,"is_daily":false,"chose_seed":false,"campfire_upgraded":0,"win_rate":0,"timestamp":1549698687,"path_taken":["M","?","M","$","?","E","?","M","T","R","M","?","E","M","R","BOSS","M","M","M","M"],"build_version":"2019-01-23","purchased_purges":0,"victory":false,"max_hp_per_floor":[70,70,70,70,70,70,70,70,70,70,70,70,70,70,70,70,70,70,70,70,70],"card_choices":[{"not_picked":["Outmaneuver","Bane"],"picked":"Backflip","floor":1},{"not_picked":["Cloak And Dagger","Acrobatics"],"picked":"Dagger Spray","floor":3},{"not_picked":["After Image","Expertise"],"picked":"Terror","floor":6},{"not_picked":["Masterful Stab","Dodge and Roll"],"picked":"Cloak And Dagger","floor":8},{"not_picked":["Acrobatics","Outmaneuver"],"picked":"Sucker Punch","floor":11},{"not_picked":["Deflect","Backflip"],"picked":"Predator","floor":12},{"not_picked":["Bane","Caltrops"],"picked":"Backflip","floor":13},{"not_picked":["Dodge and Roll","Underhanded Strike"],"picked":"Escape Plan","floor":14},{"not_picked":["Night Terror","Wraith Form v2"],"picked":"Malaise","floor":16},{"not_picked":["Quick Slash","Deadly Poison","Concentrate"],"picked":"Prepared","floor":18},{"not_picked":["Blade Dance","Dagger Spray+1","Dagger Throw"],"picked":"Footwork+1","floor":19},{"not_picked":["Finisher","Underhanded Strike","Endless Agony"],"picked":"Distraction+1","floor":20}],"player_experience":1785235,"relics_obtained":[{"floor":6,"key":"Happy Flower"},{"floor":9,"key":"Tiny Chest"},{"floor":13,"key":"Mercury Hourglass"},{"floor":17,"key":"Omamori"},{"floor":17,"key":"Question Card"},{"floor":17,"key":"Shovel"}],"event_choices":[{"damage_healed":0,"gold_gain":0,"player_choice":"Ignored","damage_taken":0,"max_hp_gain":0,"max_hp_loss":0,"event_name":"Golden Wing","floor":2,"gold_loss":0},{"damage_healed":0,"gold_gain":0,"player_choice":"Left Gold","damage_taken":0,"max_hp_gain":0,"max_hp_loss":0,"event_name":"World of Goop","floor":5,"gold_loss":32}],"is_beta":false,"boss_relics":[{"not_picked":["Black Star","HoveringKite"],"picked":"Calling Bell"}],"items_purged_floors":[],"is_endless":false,"potions_floor_spawned":[3,6,12,13,14,16,18,20],"killed_by":"Centurion and Healer","ascension_level":5}