{"gold_per_floor":[364,140,150,168,178,178,178,193,274,274,292,292,310,187,187,292,292,311,109,125,125],"floor_reached":21,"playtime":940,"items_purged":["Strike_G","Defend_G"],"score":173,"play_id":"38725865-4c4e-4dd5-a5a6-65087cfc4a77","local_time":"20190809072921","is_ascension_mode":false,"campfire_choices":[{"floor":6,"key":"REST"},{"data":"Infinite Blades","floor":12,"key":"SMITH"},{"floor":15,"key":"REST"}],"neow_cost":"PERCENT_DAMAGE","seed_source_timestamp":352365305593813,"circlet_count":0,"master_deck":["Strike_G","Strike_G","Defend_G","Defend_G","Defend_G","Defend_G","Survivor","Neutralize","Outmaneuver","Well Laid Plans","Noxious Fumes+1","Infinite Blades+1","Parasite","Acrobatics","Slice","Deflect","Reflex","Deflect","Accuracy"],"relics":["Ring of the Snake","Blood Vial","Mercury Hourglass","Empty Cage"],"potions_floor_usage":[16,21],"damage_taken":[{"damage":1,"enemies":"Jaw Worm","floor":1,"turns":6},{"damage":1,"enemies":"2 Louse","floor":3,"turns":3},{"damage":1,"enemies":"Cultist","floor":4,"turns":6},{"damage":22,"enemies":"2 Fungi Beasts","floor":5,"turns":6},{"damage":8,"enemies":"3 Louse","floor":8,"turns":6},{"damage":17,"enemies":"Large Slime","floor":11,"turns":6},{"damage":7,"enemies":"2 Fungi Beasts","floor":13,"turns":3},{"damage":31,"enemies":"Slime Boss","floor":16,"turns":9},{"damage":26,"enemies":"Spheric Guardian","floor":18,"turns":8},{"damage":22,"enemies":"Chosen","floor":20,"turns":6},{"damage":43,"enemies":"Sentry and Sphere","floor":21,"turns":5}],"seed_played":"5178815836243425621","potions_obtained":[{"floor":1,"key":"FearPotion"},{"floor":3,"key":"Strength Potion"},{"floor":8,"key":"PowerPotion"},{"floor":20,"key":"Regen Potion"}],"is_trial":false,"path_per_floor":["M","$","M","M","M","R","?","M","T","?","M","R","M","$","R","B",null,"M","$","M","M"],"character_chosen":"THE_SILENT","items_purchased":["Blood Vial","Well Laid Plans","PowerPotion","Deflect","Dexterity Potion"],"campfire_rested":2,"item_purchase_floors":[2,2,14,19,19],"current_hp_per_floor":[48,48,49,50,30,51,68,62,62,62,47,47,42,42,63,34,70,44,44,24,0],"gold":125,"neow_bonus":"TWO_FIFTY_GOLD","is_prod":false,"is_daily":false,"chose_seed":false,"campfire_upgraded":1,"win_rate":0,"timestamp":1565306961,"path_taken":["M","$","M","M","M","R","?","M","T","?","M","R","M","$","R","BOSS","M","$","?","M"],"build_version":"2019-07-17","purchased_purges":2,"victory":false,"max_hp_per_floor":[70,70,70,70,70,70,70,70,70,70,70,70,70,70,70,70,70,70,70,70,70],"card_choices":[{"not_picked":["Skewer","Poisoned Stab"],"picked":"Outmaneuver","floor":1},{"not_picked":["Outmaneuver","Backstab"],"picked":"Noxious Fumes","floor":3},{"not_picked":["Finisher","Eviscerate","Flying Knee"],"picked":"SKIP","floor":4},{"not_picked":["Masterful Stab","Dagger Throw"],"picked":"Infinite Blades","floor":5},{"not_picked":["Prepared","Eviscerate"],"picked":"Acrobatics","floor":8},{"not_picked":["All Out Attack","Quick Slash"],"picked":"Slice","floor":11},{"not_picked":["Masterful Stab","Sucker Punch"],"picked":"Deflect","floor":13},{"not_picked":["All Out Attack","Expertise"],"picked":"Reflex","floor":18},{"not_picked":["Prepared","Reflex"],"picked":"Accuracy","floor":20}],"player_experience":153969,"relics_obtained":[{"floor":9,"key":"Mercury Hourglass"}],"event_choices":[{"damage_healed":17,"gold_gain":0,"player_choice":"Healed and dodged fight","damage_taken":0,"max_hp_gain":0,"max_hp_loss":0,"event_name":"Mushrooms","floor":7,"gold_loss":0,"cards_obtained":["Parasite"]},{"damage_healed":0,"gold_gain":0,"player_choice":"Upgraded","damage_taken":0,"max_hp_gain":0,"max_hp_loss":0,"event_name":"Upgrade Shrine","floor":10,"gold_loss":0,"cards_upgraded":["Noxious Fumes"]}],"is_beta":false,"boss_relics":[{"not_picked":["Pandora\u0027s Box","Black Star"],"picked":"Empty Cage"}],"items_purged_floors":[14,19],"is_endless":false,"potions_floor_spawned":[1,3,8,20],"killed_by":"Sentry and Sphere","ascension_level":0}