{"gold_per_floor":[365,379,54,71,71,71,71,71,125,138,154,154,171,246,246,345,345,356,18,0,0,0,30,30,30,53,71,71,71,84,96,96,96],"floor_reached":33,"playtime":3394,"items_purged":["Clumsy","Strike_B"],"score":318,"play_id":"01c9fa2f-5016-42c8-9df2-5c768dbc1deb","local_time":"20190102132138","is_ascension_mode":true,"campfire_choices":[{"data":"Zap","floor":6.0,"key":"SMITH"},{"data":"Dualcast","floor":8.0,"key":"SMITH"},{"data":"Conserve Battery","floor":12.0,"key":"SMITH"},{"floor":15.0,"key":"REST"},{"data":"FTL","floor":24.0,"key":"SMITH"},{"data":"Skim","floor":29.0,"key":"SMITH"},{"floor":32,"key":"REST"}],"neow_cost":"CURSE","seed_source_timestamp":0,"circlet_count":0,"master_deck":["Strike_B+1","Strike_B","Strike_B+1","Defend_B+1","Defend_B","Defend_B","Defend_B","Zap+1","Dualcast+1","Cold Snap","Cold Snap","Streamline+1","Conserve Battery+1","Skim+1","Seek+1","Cold Snap+1","FTL+1","BootSequence","Melter","Writhe","Capacitor","Cold Snap+1"],"special_seed":0,"relics":["Cracked Core","Runic Capacitor","Bag of Marbles","Sozu","Whetstone","War Paint","Pen Nib","Bronze Scales"],"potions_floor_usage":[],"damage_taken":[{"damage":0.0,"enemies":"2 Louse","floor":1.0,"turns":2.0},{"damage":7.0,"enemies":"Jaw Worm","floor":2.0,"turns":4.0},{"damage":5.0,"enemies":"Small Slimes","floor":4.0,"turns":3.0},{"damage":0.0,"enemies":"Exordium Wildlife","floor":10.0,"turns":3.0},{"damage":4.0,"enemies":"Looter","floor":11.0,"turns":2.0},{"damage":0.0,"enemies":"2 Fungi Beasts","floor":13.0,"turns":2.0},{"damage":17.0,"enemies":"Slime Boss","floor":16.0,"turns":9.0},{"damage":9.0,"enemies":"2 Thieves","floor":18.0,"turns":3.0},{"damage":1.0,"enemies":"Colosseum Slavers","floor":22.0,"turns":3.0},{"damage":20.0,"enemies":"Slavers","floor":23.0,"turns":7.0},{"damage":0.0,"enemies":"Spheric Guardian","floor":27.0,"turns":3.0},{"damage":9.0,"enemies":"Snake Plant","floor":30.0,"turns":3.0},{"damage":11.0,"enemies":"Centurion and Healer","floor":31.0,"turns":4.0},{"damage":52,"enemies":"Collector","floor":33,"turns":11}],"seed_played":"2751292311066561089","potions_obtained":[{"floor":1.0,"key":"AttackPotion"},{"floor":4.0,"key":"Ancient Potion"},{"floor":13.0,"key":"Explosive Potion"}],"is_trial":false,"path_per_floor":["M","M","$","M","?","R","$","R","T","M","M","R","M","?","R","B",null,"M","$","?","?","?","E","R","?","T","M","?","R","M","M","R","B"],"character_chosen":"DEFECT","items_purchased":["Runic Capacitor","Cold Snap","FTL","Whetstone"],"campfire_rested":2,"item_purchase_floors":[3,3,19,19],"current_hp_per_floor":[75,68,68,63,48,48,48,48,48,48,44,44,44,33,55,38,75,66,66,66,66,65,45,45,45,45,45,45,45,36,25,47,0],"gold":96,"neow_bonus":"TWO_FIFTY_GOLD","is_prod":false,"is_daily":false,"chose_seed":false,"campfire_upgraded":5,"win_rate":0,"timestamp":1546460498,"path_taken":["M","M","$","M","?","R","$","R","T","M","M","R","M","?","R","BOSS","M","$","?","?","?","E","R","?","T","M","?","R","M","M","R","BOSS"],"build_version":"2018-12-20","purchased_purges":2,"victory":false,"max_hp_per_floor":[75,75,75,75,75,75,75,75,75,75,75,75,75,75,75,75,75,75,75,75,75,75,75,75,75,75,75,75,75,75,75,75,75],"card_choices":[{"not_picked":["Auto Shields","Redo"],"picked":"Cold Snap","floor":1.0},{"not_picked":["Coolheaded","Turbo","Aggregate"],"picked":"SKIP","floor":2.0},{"not_picked":["Compile Driver","Storm"],"picked":"Streamline","floor":4.0},{"not_picked":["Sweeping Beam","Hologram"],"picked":"Conserve Battery","floor":10.0},{"not_picked":["Scrape","Blizzard"],"picked":"Skim","floor":11.0},{"not_picked":["Stack","Beam Cell","White Noise"],"picked":"SKIP","floor":13.0},{"not_picked":["Hyperbeam","Meteor Strike"],"picked":"Seek","floor":16.0},{"not_picked":["Fusion","Rebound"],"picked":"Cold Snap","floor":18.0},{"not_picked":["Coolheaded","Doom and Gloom"],"picked":"Melter","floor":23.0},{"not_picked":["Reprogram","Ball Lightning"],"picked":"Capacitor","floor":27.0},{"not_picked":["Streamline","Steam+1"],"picked":"Cold Snap+1","floor":30.0},{"not_picked":["Rebound","Genetic Algorithm","Steam+1"],"picked":"SKIP","floor":31.0}],"player_experience":1657240,"relics_obtained":[{"floor":9.0,"key":"Bag of Marbles"},{"floor":23.0,"key":"War Paint"},{"floor":26.0,"key":"Bronze Scales"}],"event_choices":[{"damage_healed":0.0,"max_hp_gain":0.0,"max_hp_loss":0.0,"gold_gain":0.0,"event_name":"Shining Light","player_choice":"Entered Light","floor":5.0,"gold_loss":0.0,"damage_taken":15.0,"cards_upgraded":["Strike_B","Streamline"]},{"damage_healed":0.0,"max_hp_gain":0.0,"max_hp_loss":0.0,"gold_gain":75.0,"event_name":"World of Goop","player_choice":"Gather Gold","floor":14.0,"gold_loss":0.0,"damage_taken":11.0},{"damage_healed":0.0,"max_hp_gain":0.0,"max_hp_loss":0.0,"gold_gain":0.0,"event_name":"Masked Bandits","player_choice":"Paid Fearfully","floor":20.0,"gold_loss":18.0,"damage_taken":0.0},{"damage_healed":0.0,"max_hp_gain":0.0,"max_hp_loss":0.0,"gold_gain":0.0,"event_name":"The Library","player_choice":"Read","floor":21.0,"gold_loss":0.0,"damage_taken":0.0,"cards_obtained":["BootSequence"]},{"damage_healed":0.0,"max_hp_gain":0.0,"max_hp_loss":0.0,"gold_gain":0.0,"event_name":"Colosseum","player_choice":"Fight","floor":22.0,"gold_loss":0.0,"damage_taken":0.0},{"damage_healed":0.0,"max_hp_gain":0.0,"max_hp_loss":0.0,"gold_gain":0.0,"event_name":"Colosseum","player_choice":"Fled From Nobs","floor":22.0,"gold_loss":0.0,"damage_taken":0.0},{"damage_healed":0.0,"max_hp_gain":0.0,"max_hp_loss":0.0,"gold_gain":0.0,"event_name":"The Mausoleum","player_choice":"Opened","floor":25.0,"gold_loss":0.0,"damage_taken":0.0,"relics_obtained":["Pen Nib"],"cards_obtained":["Writhe"]},{"damage_healed":0.0,"max_hp_gain":0.0,"max_hp_loss":0.0,"gold_gain":0.0,"event_name":"Vampires","player_choice":"Ignored","floor":28.0,"gold_loss":0.0,"damage_taken":0.0}],"is_beta":false,"boss_relics":[{"not_picked":["Runic Pyramid","Ectoplasm"],"picked":"Sozu"}],"items_purged_floors":[3,19],"is_endless":false,"potions_floor_spawned":[1,4,13,18,22,30,31],"killed_by":"Collector","ascension_level":3}