{"gold_per_floor":[114,64,84,102,102,102,133,31,31,64,64,74,88,104,104,200,200,211,211,121,137,153,153,171,171,195,225,254,298,37,37],"floor_reached":31,"playtime":1651,"items_purged":["Exhume"],"score":307,"play_id":"7cf3e5f1-a35c-46e8-aad1-30c1584cdfde","local_time":"20190515124357","is_ascension_mode":true,"campfire_choices":[{"data":"Cleave","floor":6,"key":"SMITH"},{"floor":11,"key":"REST"},{"floor":15,"key":"REST"},{"data":"Armaments","floor":23,"key":"SMITH"}],"neow_cost":"NONE","seed_source_timestamp":435378484939265,"circlet_count":0,"master_deck":["Bash","Spot Weakness","Cleave+1","Inflame","Shrug It Off","Cleave","Seeing Red","Body Slam","Disarm","Fire Breathing","Twin Strike","True Grit","Sentinel","Inflame+1","Metallicize","Armaments+1","Anger","Metallicize+1","Shrug It Off"],"relics":["Burning Blood","NeowsBlessing","Gremlin Horn","Bag of Marbles","Lantern","Pandora\u0027s Box","Pear","MawBank","Orichalcum","Strawberry"],"potions_floor_usage":[16,16,22,24,27,29,31,31],"damage_taken":[{"damage":0,"enemies":"Jaw Worm","floor":1,"turns":1},{"damage":0,"enemies":"2 Louse","floor":3,"turns":1},{"damage":0,"enemies":"Cultist","floor":4,"turns":1},{"damage":32,"enemies":"Gremlin Nob","floor":7,"turns":4},{"damage":44,"enemies":"Lagavulin","floor":10,"turns":7},{"damage":0,"enemies":"Large Slime","floor":12,"turns":6},{"damage":4,"enemies":"Blue Slaver","floor":13,"turns":4},{"damage":16,"enemies":"Exordium Thugs","floor":14,"turns":4},{"damage":38,"enemies":"Hexaghost","floor":16,"turns":9},{"damage":17,"enemies":"Spheric Guardian","floor":18,"turns":4},{"damage":10,"enemies":"Chosen","floor":21,"turns":5},{"damage":25,"enemies":"Centurion and Healer","floor":22,"turns":6},{"damage":11,"enemies":"Snake Plant","floor":24,"turns":4},{"damage":19,"enemies":"Cultist and Chosen","floor":27,"turns":6},{"damage":17,"enemies":"Shelled Parasite and Fungi","floor":28,"turns":6},{"damage":13,"enemies":"Book of Stabbing","floor":29,"turns":6},{"damage":37,"enemies":"Slavers","floor":31,"turns":4}],"seed_played":"6274394389791397545","potions_obtained":[{"floor":12,"key":"EssenceOfSteel"},{"floor":13,"key":"SmokeBomb"},{"floor":14,"key":"Ancient Potion"},{"floor":16,"key":"EssenceOfSteel"},{"floor":21,"key":"Strength Potion"},{"floor":22,"key":"Swift Potion"},{"floor":24,"key":"AttackPotion"},{"floor":29,"key":"BloodPotion"}],"is_trial":false,"path_per_floor":["M","?","M","M","?","R","E","$","T","E","R","M","M","M","R","B",null,"M","?","?","M","M","R","M","T","T","M","M","E","$","E"],"character_chosen":"IRONCLAD","items_purchased":["Shrug It Off","Cleave","SkillPotion","Strawberry"],"campfire_rested":2,"item_purchase_floors":[8,8,30,30],"current_hp_per_floor":[80,80,80,80,80,80,54,54,54,16,40,46,48,38,62,30,80,69,69,69,65,46,46,41,51,51,38,27,20,27,0],"gold":37,"neow_bonus":"THREE_ENEMY_KILL","is_prod":false,"is_daily":false,"chose_seed":false,"campfire_upgraded":2,"win_rate":0,"timestamp":1557895437,"path_taken":["M","?","M","M","?","R","E","$","T","E","R","M","M","?","R","BOSS","M","?","?","?","M","R","?","?","T","M","M","E","$","E"],"build_version":"2019-01-23","purchased_purges":1,"victory":false,"max_hp_per_floor":[80,80,80,80,80,80,80,80,80,80,80,80,80,80,80,80,80,80,80,80,80,80,80,80,90,90,90,90,90,97,97],"card_choices":[{"not_picked":["Flex","Headbutt","Infernal Blade"],"picked":"SKIP","floor":1},{"not_picked":["Heavy Blade","Pommel Strike"],"picked":"Spot Weakness","floor":3},{"not_picked":["Thunderclap","Clash"],"picked":"Cleave","floor":4},{"not_picked":["Carnage","Fiend Fire"],"picked":"Inflame","floor":7},{"not_picked":["Sword Boomerang","Warcry"],"picked":"Seeing Red","floor":10},{"not_picked":["Seeing Red","Havoc","Spot Weakness"],"picked":"SKIP","floor":12},{"not_picked":["Burning Pact","Pommel Strike"],"picked":"Body Slam","floor":13},{"not_picked":["Sword Boomerang","Warcry"],"picked":"Disarm","floor":14},{"not_picked":["Cleave","Headbutt"],"picked":"Metallicize","floor":18},{"not_picked":["Headbutt+1","Uppercut"],"picked":"Anger","floor":21},{"not_picked":["Havoc","Second Wind","Anger"],"picked":"SKIP","floor":22},{"not_picked":["Fire Breathing","Thunderclap"],"picked":"Metallicize+1","floor":24},{"not_picked":["Searing Blow","Shockwave","Sever Soul"],"picked":"SKIP","floor":27},{"not_picked":["Feel No Pain","Iron Wave+1","Clothesline"],"picked":"SKIP","floor":28},{"not_picked":["Sword Boomerang","Feed"],"picked":"Shrug It Off","floor":29}],"player_experience":90808,"relics_obtained":[{"floor":7,"key":"Gremlin Horn"},{"floor":9,"key":"Bag of Marbles"},{"floor":10,"key":"Lantern"},{"floor":25,"key":"Pear"},{"floor":26,"key":"MawBank"},{"floor":29,"key":"Orichalcum"}],"event_choices":[{"cards_removed":["Strike_R"],"damage_healed":0,"gold_gain":0,"player_choice":"Card Removal","damage_taken":0,"max_hp_gain":0,"max_hp_loss":0,"event_name":"The Cleric","floor":2,"gold_loss":50},{"cards_removed":["Strike_R"],"damage_healed":0,"gold_gain":0,"player_choice":"Purged","damage_taken":0,"max_hp_gain":0,"max_hp_loss":0,"event_name":"Purifier","floor":5,"gold_loss":0},{"damage_healed":0,"gold_gain":0,"player_choice":"Read","damage_taken":0,"max_hp_gain":0,"max_hp_loss":0,"event_name":"The Library","floor":19,"gold_loss":0,"cards_obtained":["Armaments"]},{"cards_removed":["Thunderclap"],"damage_healed":0,"gold_gain":0,"player_choice":"Upgrade and Remove","damage_taken":0,"max_hp_gain":0,"max_hp_loss":0,"event_name":"Designer","floor":20,"gold_loss":90,"cards_upgraded":["Inflame"]}],"is_beta":false,"boss_relics":[{"not_picked":["Eternal Feather","Tiny House"],"picked":"Pandora\u0027s Box"}],"items_purged_floors":[30],"is_endless":false,"potions_floor_spawned":[12,13,14,16,21,22,24,29],"killed_by":"Slavers","ascension_level":1}