{"gold_per_floor":[113,126,142,106,31,62,62,78,78,94,94,94,111,136,136,233,233,250,45,63,74,74,74,74,74,101,129,129,129,141,156,156,156],"floor_reached":33,"playtime":4090,"items_purged":["Defend_G"],"score":332,"play_id":"45b4f842-a323-4684-80ab-5a6d2ef749f1","local_time":"20181114170014","is_ascension_mode":true,"campfire_choices":[{"floor":12,"key":"REST"},{"floor":15,"key":"REST"},{"floor":23,"key":"REST"},{"floor":24,"key":"DIG"},{"floor":28,"key":"DIG"},{"data":"Cloak And Dagger","floor":29,"key":"SMITH"},{"floor":32,"key":"DIG"}],"neow_cost":"TEN_PERCENT_HP_LOSS","seed_source_timestamp":525281687957697,"circlet_count":0,"master_deck":["Defend_G","Defend_G","Defend_G","Defend_G","Strike_G","Strike_G","Strike_G","Strike_G","Strike_G","Survivor","Neutralize","Tactician","Leg Sweep","Crippling Poison","Dash+1","Die Die Die","Dagger Throw+1","Blur","Backflip","Glass Knife","Crippling Poison","Dagger Spray+1","After Image","Venomology","Cloak And Dagger+1","Cloak And Dagger+1","Footwork+1","Prepared"],"relics":["Ring of the Serpent","Shovel","WingedGreaves","Kunai","Matryoshka","Sling","Shuriken","Bag of Marbles","Omamori","Singing Bowl","Strawberry","Anchor"],"potions_floor_usage":[10,21,27,30,31,33],"damage_taken":[{"damage":1,"enemies":"Cultist","floor":1,"turns":4},{"damage":8,"enemies":"Jaw Worm","floor":2,"turns":6},{"damage":0,"enemies":"2 Louse","floor":3,"turns":4},{"damage":36,"enemies":"3 Sentries","floor":6,"turns":19},{"damage":11,"enemies":"Exordium Thugs","floor":8,"turns":7},{"damage":0,"enemies":"3 Louse","floor":10,"turns":3},{"damage":0,"enemies":"Looter","floor":13,"turns":3},{"damage":0,"enemies":"Lagavulin","floor":14,"turns":9},{"damage":7,"enemies":"The Guardian","floor":16,"turns":20},{"damage":5,"enemies":"Shell Parasite","floor":18,"turns":9},{"damage":0,"enemies":"Chosen","floor":20,"turns":7},{"damage":15,"enemies":"Snake Plant","floor":21,"turns":5},{"damage":9,"enemies":"Slavers","floor":27,"turns":4},{"damage":5,"enemies":"3 Cultists","floor":30,"turns":4},{"damage":8,"enemies":"Snecko","floor":31,"turns":6},{"damage":39,"enemies":"Automaton","floor":33,"turns":6}],"seed_played":"1197713178936227469","potions_obtained":[{"floor":1,"key":"GhostInAJar"},{"floor":6,"key":"Strength Potion"},{"floor":13,"key":"Poison Potion"},{"floor":14,"key":"Block Potion"},{"floor":16,"key":"LiquidBronze"},{"floor":21,"key":"PowerPotion"},{"floor":27,"key":"Dexterity Potion"},{"floor":30,"key":"Energy Potion"}],"is_trial":false,"path_per_floor":["M","M","M","?","$","E","?","M","T","M","?","R","M","E","R","B",null,"M","$","M","M","?","R","R","?","T","E","R","R","M","M","R","B"],"character_chosen":"THE_SILENT","items_purchased":["Sling"],"campfire_rested":3,"item_purchase_floors":[19],"current_hp_per_floor":[62,54,54,54,54,18,18,7,7,7,7,25,25,25,43,36,63,58,58,58,43,32,52,52,52,52,43,50,50,45,37,37,0],"gold":156,"neow_bonus":"ONE_RARE_RELIC","is_prod":false,"is_daily":false,"chose_seed":false,"campfire_upgraded":1,"win_rate":0,"timestamp":1542243614,"path_taken":["M","M","M","?","?","E","?","M","T","?","?","R","M","E","R","BOSS","M","$","M","M","?","R","R","?","T","E","R","R","?","M","R","BOSS"],"build_version":"2018-11-08","purchased_purges":1,"victory":false,"max_hp_per_floor":[63,63,63,63,63,63,63,63,63,63,63,63,63,63,63,63,63,63,63,63,63,68,68,68,68,68,68,75,75,75,75,75,75],"card_choices":[{"not_picked":["Outmaneuver","Poisoned Stab"],"picked":"Tactician","floor":1},{"not_picked":["Deflect","Skewer"],"picked":"Leg Sweep","floor":2},{"not_picked":["Poisoned Stab","Bane"],"picked":"Crippling Poison","floor":3},{"not_picked":["Dagger Spray","Prepared"],"picked":"Dash","floor":6},{"not_picked":["Quick Slash","Deflect"],"picked":"Die Die Die","floor":8},{"not_picked":["Deadly Poison","Catalyst"],"picked":"Dagger Throw","floor":10},{"not_picked":["Poisoned Stab","All Out Attack"],"picked":"Blur","floor":13},{"not_picked":["Quick Slash","Choke"],"picked":"Backflip","floor":14},{"not_picked":["Venomology","Die Die Die"],"picked":"Glass Knife","floor":16},{"not_picked":["Underhanded Strike","Deflect"],"picked":"Crippling Poison","floor":18},{"not_picked":["Bouncing Flask","Dodge and Roll"],"picked":"Dagger Spray+1","floor":20},{"not_picked":["Cloak And Dagger","Deadly Poison"],"picked":"After Image","floor":21},{"not_picked":["Eviscerate","Backstab"],"picked":"Cloak And Dagger+1","floor":27},{"not_picked":["Backstab+1","Quick Slash"],"picked":"Footwork+1","floor":30},{"not_picked":["Dagger Spray","Dash"],"picked":"Prepared","floor":31}],"player_experience":261326,"relics_obtained":[{"floor":6,"key":"WingedGreaves"},{"floor":9,"key":"Kunai"},{"floor":14,"key":"Matryoshka"},{"floor":24,"key":"Shuriken"},{"floor":26,"key":"Bag of Marbles"},{"floor":26,"key":"Omamori"},{"floor":27,"key":"Singing Bowl"},{"floor":28,"key":"Strawberry"},{"floor":32,"key":"Anchor"}],"event_choices":[{"damage_healed":0,"gold_gain":0,"player_choice":"Left Gold","damage_taken":0,"max_hp_gain":0,"max_hp_loss":0,"event_name":"World of Goop","floor":4,"gold_loss":36},{"damage_healed":0,"gold_gain":0,"player_choice":"Upgraded","damage_taken":0,"max_hp_gain":0,"max_hp_loss":0,"event_name":"Upgrade Shrine","floor":7,"gold_loss":0,"cards_upgraded":["Dash"]},{"damage_healed":0,"gold_gain":0,"player_choice":"Grow","damage_taken":0,"max_hp_gain":0,"max_hp_loss":0,"event_name":"Living Wall","floor":11,"gold_loss":0,"cards_upgraded":["Dagger Throw"]},{"damage_healed":0,"gold_gain":0,"player_choice":"Shed Blood","damage_taken":16,"max_hp_gain":5,"max_hp_loss":0,"event_name":"Forgotten Altar","floor":22,"gold_loss":0},{"damage_healed":0,"gold_gain":0,"player_choice":"2 cards matched","damage_taken":0,"max_hp_gain":0,"max_hp_loss":0,"event_name":"Match and Keep!","floor":25,"gold_loss":0,"cards_obtained":["Venomology","Cloak And Dagger"]}],"is_beta":false,"boss_relics":[{"not_picked":["Empty Cage","Philosopher\u0027s Stone"],"picked":"Ring of the Serpent"}],"items_purged_floors":[5],"is_endless":false,"potions_floor_spawned":[1,6,13,14,16,21,27,30,31],"killed_by":"Automaton","ascension_level":2}