{"path_per_floor":["M","M","?","?","M","E","?","T","T","M","R","E","R","?","R","B",null,"M","M","M","$","?","R","M","R","T","E","T","E","$","?","R","B",null,"M","?","?","$","M","R","M","M","T","R","M","?","R","M","R","B"],"character_chosen":"THE_SILENT","items_purchased":["Footwork","Juzu Bracelet","Dexterity Potion"],"gold_per_floor":[110,121,121,121,137,162,162,162,162,178,178,204,204,204,204,300,300,318,329,342,48,48,48,62,62,88,119,146,178,30,30,30,130,130,148,0,0,0,16,16,35,51,105,105,118,118,118,130,130,130],"floor_reached":51,"campfire_rested":6,"playtime":13518,"current_hp_per_floor":[69,69,69,69,69,58,58,58,58,55,55,49,49,49,70,34,70,70,66,63,63,50,50,50,72,72,43,43,29,29,29,53,35,82,64,64,54,54,53,77,77,52,52,76,67,57,81,76,76,6],"items_purged":["Defend_G","Regret"],"gold":130,"score":643,"play_id":"32f73e28-8299-4b8b-8cdb-17ba44722abe","local_time":"20180408005005","is_prod":false,"is_daily":false,"is_ascension_mode":false,"campfire_upgraded":4,"timestamp":1523170205,"path_taken":["M","M","?","?","M","E","?","?","T","?","R","E","R","?","R","BOSS","M","M","M","$","?","R","M","R","T","E","?","E","$","?","R","BOSS","M","?","?","$","M","R","M","M","T","R","M","?","R","M","R","BOSS"],"build_version":"2018-04-05v2","purchased_purges":2,"victory":true,"master_deck":["Defend_G","Defend_G","Defend_G","Strike_G","Strike_G","Survivor","Neutralize+1","Sucker Punch","Backstab","Dash","Riddle With Holes","Doppelganger+1","Acrobatics","Choke+1","Bullet Time","Poisoned Stab+1","Burst+1","Adrenaline+1","Well Laid Plans","Malaise+1","Backflip","Footwork+1","Backflip","After Image","Noxious Fumes","Bullet Time+1","Madness","Madness","PiercingWail","Prepared+1","Terror","Finesse","Master of Strategy","Swift Strike"],"max_hp_per_floor":[70,70,70,70,70,70,70,70,70,70,70,70,70,70,70,70,70,70,70,70,70,75,75,75,75,75,75,75,82,82,82,82,82,82,82,82,82,82,82,82,82,82,82,82,82,82,82,82,82,82],"relics":["Ring of the Snake","Vajra","Happy Flower","Ginger","Unceasing Top","Prayer Wheel","Astrolabe","Juzu Bracelet","Bronze Scales","Ninja Scroll","Orichalcum","Strawberry","Lizard Tail","Red Mask","Bag of Marbles"],"card_choices":[{"not_picked":["Flechettes","Endless Agony"],"picked":"Sucker Punch","floor":1.0},{"not_picked":["Slice","Poisoned Stab"],"picked":"Backstab","floor":2.0},{"not_picked":["Dagger Throw","Poisoned Stab"],"picked":"Dash","floor":5.0},{"not_picked":["Terror","Quick Slash"],"picked":"Riddle With Holes","floor":6.0},{"not_picked":["Masterful Stab","Quick Slash"],"picked":"Acrobatics","floor":10.0},{"not_picked":["Prepared","Poisoned Stab"],"picked":"Choke","floor":12.0},{"not_picked":["Tools of the Trade","Unload"],"picked":"Bullet Time","floor":16.0},{"not_picked":["Crippling Poison","Calculated Gamble"],"picked":"Well Laid Plans","floor":18.0},{"not_picked":["Dodge and Roll","Distraction"],"picked":"Malaise","floor":19.0},{"not_picked":["Reflex","Slice"],"picked":"Backflip","floor":20.0},{"not_picked":["Deflect","Acrobatics"],"picked":"Backflip","floor":26.0},{"not_picked":["Quick Slash","Bouncing Flask"],"picked":"After Image","floor":27.0},{"not_picked":["Underhanded Strike","Leg Sweep"],"picked":"Noxious Fumes","floor":28.0},{"not_picked":["Die Die Die","Tactician"],"picked":"Bullet Time","floor":33.0},{"not_picked":["Footwork","Deadly Poison"],"picked":"PiercingWail","floor":39},{"not_picked":["Underhanded Strike","Eviscerate"],"picked":"Prepared","floor":42},{"not_picked":["Backflip","Reflex"],"picked":"Terror","floor":43},{"not_picked":["Thinking Ahead","Secret Technique"],"picked":"Finesse","floor":46},{"not_picked":["Good Instincts","Panache"],"picked":"Master of Strategy","floor":46},{"not_picked":["Purity","Mind Blast"],"picked":"Swift Strike","floor":46}],"player_experience":26847,"potions_floor_usage":[35,48,50,50],"damage_taken":[{"damage":1.0,"enemies":"Jaw Worm","floor":1.0,"turns":4.0},{"damage":0.0,"enemies":"Small Slimes","floor":2.0,"turns":3.0},{"damage":0.0,"enemies":"Cultist","floor":5.0,"turns":3.0},{"damage":11.0,"enemies":"3 Sentries","floor":6.0,"turns":5.0},{"damage":3.0,"enemies":"Large Slime","floor":10.0,"turns":5.0},{"damage":6.0,"enemies":"Lagavulin","floor":12.0,"turns":6.0},{"damage":36.0,"enemies":"Hexaghost","floor":16.0,"turns":10.0},{"damage":0.0,"enemies":"2 Thieves","floor":18.0,"turns":3.0},{"damage":4.0,"enemies":"Chosen","floor":19.0,"turns":4.0},{"damage":3.0,"enemies":"Snake Plant","floor":20.0,"turns":4.0},{"damage":0.0,"enemies":"Chosen and Byrds","floor":24.0,"turns":7.0},{"damage":29.0,"enemies":"Slavers","floor":27.0,"turns":7.0},{"damage":21.0,"enemies":"Book of Stabbing","floor":29.0,"turns":5.0},{"damage":18.0,"enemies":"Champ","floor":33.0,"turns":12.0},{"damage":18,"enemies":"3 Darklings","floor":35,"turns":6},{"damage":1,"enemies":"Orb Walker","floor":39,"turns":3},{"damage":0,"enemies":"4 Shapes","floor":41,"turns":10},{"damage":25,"enemies":"Sphere and 2 Shapes","floor":42,"turns":6},{"damage":9,"enemies":"Maw","floor":45,"turns":10},{"damage":5,"enemies":"3 Darklings","floor":48,"turns":5},{"damage":128,"enemies":"Time Eater","floor":50,"turns":19}],"event_choices":[{"event_name":"Big Fish","player_choice":"Box","floor":3.0,"damage_taken":0.0},{"event_name":"The Lab","player_choice":"Got Potions","floor":4.0,"damage_taken":0.0},{"event_name":"Transmorgrifier","player_choice":"Transform","floor":7.0,"damage_taken":0.0},{"event_name":"Living Wall","player_choice":"Grow","floor":14.0,"damage_taken":0.0},{"event_name":"Forgotten Altar","player_choice":"Shed Blood","floor":22.0,"damage_taken":0.0},{"event_name":"Beggar","player_choice":"Ignored","floor":31.0,"damage_taken":0.0},{"event_name":"Tomb of Lord Red Mask","player_choice":"Paid","floor":36,"damage_taken":0},{"event_name":"Winding Halls","player_choice":"Embrace Madness","floor":37,"damage_taken":0},{"event_name":"SensoryStone","player_choice":"Memory 3","floor":46,"damage_taken":0}],"boss_relics":[{"not_picked":["Velvet Choker","Runic Pyramid"],"picked":"Lizard Tail"}],"potions_floor_spawned":[1,6,10,18,19,27,33,42,45,48],"seed_played":"5196448375340189228","ascension_level":0,"is_trial":false}