{"gold_per_floor":[117,137,156,172,186,221,221,237,264,277,277,277,304,315,315,415,415,430,18,68,50,69,96,96,196,220,237,237,237,249,3,3,102,102,118,118,128,128,128,157,170,188,215,215,215,61,109,125,125,125],"floor_reached":50,"playtime":4961,"items_purged":["Parasite"],"score":531,"play_id":"ca0b9ec6-1a57-4cdc-bba4-b69b8347df8d","local_time":"20181031114919","is_ascension_mode":false,"campfire_choices":[{"data":"Cold Snap","floor":7.0,"key":"SMITH"},{"floor":12.0,"key":"REST"},{"data":"Conserve Battery","floor":15.0,"key":"SMITH"},{"data":"Sunder","floor":24.0,"key":"SMITH"},{"data":"Leap","floor":29.0,"key":"SMITH"},{"data":"Creative AI","floor":32.0,"key":"SMITH"},{"floor":44.0,"key":"REST"},{"floor":49,"key":"REST"}],"neow_cost":"NONE","seed_source_timestamp":0,"circlet_count":0,"master_deck":["Strike_B","Strike_B","Strike_B","Defend_B","Defend_B","Defend_B","Defend_B","Zap","Dualcast","Self Repair","Go for the Eyes","Chill","Barrage","Conserve Battery+1","Cold Snap+1","Fission","Sunder+1","Barrage","Seek","Leap+1","Clumsy","Conserve Battery+1","Ball Lightning+1","Creative AI+1","Coolheaded+1","Compile Driver","Self Repair","Loop","Core Surge","Hologram","Parasite","BootSequence"],"special_seed":0,"relics":["Cracked Core","Lantern","Turnip","Art of War","Strawberry","Cursed Key","Vajra","Anchor","Omamori","Potion Belt","Torii","Mummified Hand","PreservedInsect","Matryoshka","Lizard Tail","Bronze Scales","Pear","Ancient Tea Set","StoneCalendar"],"potions_floor_usage":[48,50],"damage_taken":[{"damage":4.0,"enemies":"Cultist","floor":1.0,"turns":4.0},{"damage":1.0,"enemies":"Jaw Worm","floor":2.0,"turns":3.0},{"damage":3.0,"enemies":"Small Slimes","floor":3.0,"turns":3.0},{"damage":2.0,"enemies":"Gremlin Gang","floor":4.0,"turns":5.0},{"damage":7.0,"enemies":"Blue Slaver","floor":5.0,"turns":4.0},{"damage":27.0,"enemies":"Lagavulin","floor":6.0,"turns":10.0},{"damage":10.0,"enemies":"3 Louse","floor":8.0,"turns":4.0},{"damage":2.0,"enemies":"2 Fungi Beasts","floor":10.0,"turns":3.0},{"damage":2.0,"enemies":"3 Sentries","floor":13.0,"turns":8.0},{"damage":10.0,"enemies":"Gremlin Gang","floor":14.0,"turns":3.0},{"damage":66.0,"enemies":"Hexaghost","floor":16.0,"turns":12.0},{"damage":0.0,"enemies":"Spheric Guardian","floor":18.0,"turns":2.0},{"damage":10.0,"enemies":"2 Thieves","floor":21.0,"turns":4.0},{"damage":7.0,"enemies":"Centurion and Healer","floor":22.0,"turns":7.0},{"damage":14.0,"enemies":"Slavers","floor":23.0,"turns":5.0},{"damage":12.0,"enemies":"Colosseum Slavers","floor":25.0,"turns":5.0},{"damage":23.0,"enemies":"Colosseum Nobs","floor":25.0,"turns":4.0},{"damage":2.0,"enemies":"Shelled Parasite and Fungi","floor":27.0,"turns":5.0},{"damage":2.0,"enemies":"Snecko","floor":30.0,"turns":4.0},{"damage":18.0,"enemies":"Champ","floor":33.0,"turns":12.0},{"damage":0.0,"enemies":"Orb Walker","floor":35.0,"turns":4.0},{"damage":21.0,"enemies":"3 Shapes","floor":37.0,"turns":4.0},{"damage":77.0,"enemies":"Nemesis","floor":40.0,"turns":5.0},{"damage":12.0,"enemies":"Sphere and 2 Shapes","floor":41.0,"turns":5.0},{"damage":10.0,"enemies":"Writhing Mass","floor":42.0,"turns":4.0},{"damage":58.0,"enemies":"2 Orb Walkers","floor":47.0,"turns":6.0},{"damage":27,"enemies":"3 Darklings","floor":48,"turns":6},{"damage":89,"enemies":"Time Eater","floor":50,"turns":11}],"seed_played":"2219720087939234763","potions_obtained":[{"floor":2.0,"key":"SteroidPotion"},{"floor":5.0,"key":"Energy Potion"},{"floor":6.0,"key":"Strength Potion"},{"floor":8.0,"key":"Swift Potion"},{"floor":16.0,"key":"SteroidPotion"},{"floor":21.0,"key":"AttackPotion"},{"floor":22.0,"key":"FearPotion"},{"floor":23.0,"key":"Fire Potion"},{"floor":25.0,"key":"FearPotion"},{"floor":30.0,"key":"SteroidPotion"},{"floor":35.0,"key":"Strength Potion"},{"floor":47.0,"key":"AttackPotion"},{"floor":48,"key":"Explosive Potion"}],"is_trial":false,"path_per_floor":["M","M","M","M","M","E","R","M","T","M","?","R","E","M","R","B",null,"M","$","T","M","M","E","R","?","T","M","?","R","M","$","R","B",null,"M","?","M","?","?","E","M","M","T","R","?","$","?","M","R"],"character_chosen":"DEFECT","items_purchased":["Vajra","Anchor","Fruit Juice","Matryoshka","BootSequence"],"campfire_rested":3,"item_purchase_floors":[19,19,19,31,46],"current_hp_per_floor":[71,75,75,75,75,55,55,45,45,50,50,72,82,79,79,13,82,82,87,87,84,84,77,77,56,56,61,61,61,66,66,66,55,87,87,87,73,87,87,24,26,23,33,62,62,62,18,52,80,0],"gold":125,"neow_bonus":"RANDOM_COMMON_RELIC","is_prod":false,"is_daily":false,"chose_seed":false,"campfire_upgraded":5,"win_rate":0,"timestamp":1541011759,"path_taken":["M","M","M","M","M","E","R","?","T","M","?","R","E","M","R","BOSS","M","$","?","?","M","E","R","?","T","M","?","R","M","$","R","BOSS","M","?","M","?","?","E","M","M","T","R","?","$","?","M","R","BOSS"],"build_version":"2018-10-25v2","purchased_purges":1,"victory":false,"max_hp_per_floor":[75,75,75,75,75,75,75,75,75,75,75,75,82,82,82,82,82,82,87,87,87,87,87,87,87,87,87,87,87,87,87,87,87,87,87,87,87,87,87,87,87,87,97,97,97,94,94,94,94,94],"card_choices":[{"not_picked":["Beam Cell","Gash"],"picked":"Self Repair","floor":1.0},{"not_picked":["Recycle","Steam"],"picked":"Go for the Eyes","floor":2.0},{"not_picked":["Aggregate","Double Energy"],"picked":"Chill","floor":3.0},{"not_picked":["Rainbow","Rebound"],"picked":"Barrage","floor":4.0},{"not_picked":["Steam","Barrage"],"picked":"Conserve Battery","floor":5.0},{"not_picked":["Stack","Blizzard"],"picked":"Cold Snap","floor":6.0},{"not_picked":["Reprogram","Fusion"],"picked":"Fission","floor":8.0},{"not_picked":["Turbo","Cold Snap"],"picked":"Sunder","floor":10.0},{"not_picked":["Gash","Aggregate"],"picked":"Barrage","floor":13.0},{"not_picked":["Turbo","Aggregate","Gash"],"picked":"SKIP","floor":14.0},{"not_picked":["Hyperbeam","Core Surge"],"picked":"Seek","floor":16.0},{"not_picked":["Chaos","Streamline"],"picked":"Leap","floor":18.0},{"not_picked":["Doom and Gloom","Redo"],"picked":"Conserve Battery+1","floor":21.0},{"not_picked":["Gash","Sunder+1"],"picked":"Ball Lightning+1","floor":22.0},{"not_picked":["Rebound+1","Stack"],"picked":"Creative AI","floor":23.0},{"not_picked":["Hello World","Hologram"],"picked":"Coolheaded+1","floor":25.0},{"not_picked":["Beam Cell","Cold Snap"],"picked":"Compile Driver","floor":27.0},{"not_picked":["Coolheaded","Steam Power"],"picked":"Loop","floor":30.0},{"not_picked":["Redo+1","Loop","Leap+1"],"picked":"SKIP","floor":35.0},{"not_picked":["Leap","Go for the Eyes+1","Beam Cell+1"],"picked":"SKIP","floor":37.0},{"not_picked":["Meteor Strike","Scrape"],"picked":"Core Surge","floor":40.0},{"not_picked":["Stack+1","Steam Power+1"],"picked":"Hologram","floor":41.0},{"not_picked":["Go for the Eyes+1","Recycle+1","Hologram"],"picked":"SKIP","floor":42.0},{"not_picked":["Coolheaded+1","Sweeping Beam+1","Conserve Battery"],"picked":"SKIP","floor":48}],"player_experience":210043,"relics_obtained":[{"floor":6.0,"key":"Turnip"},{"floor":9.0,"key":"Art of War"},{"floor":13.0,"key":"Strawberry"},{"floor":20.0,"key":"Omamori"},{"floor":23.0,"key":"Potion Belt"},{"floor":25.0,"key":"Torii"},{"floor":25.0,"key":"Mummified Hand"},{"floor":26.0,"key":"PreservedInsect"},{"floor":40.0,"key":"Bronze Scales"},{"floor":43.0,"key":"Pear"},{"floor":43.0,"key":"Ancient Tea Set"},{"floor":47.0,"key":"StoneCalendar"}],"event_choices":[{"damage_healed":0.0,"max_hp_gain":0.0,"max_hp_loss":0.0,"gold_gain":0.0,"event_name":"Match and Keep!","player_choice":"1 cards matched","floor":11.0,"gold_loss":0.0,"damage_taken":0.0,"cards_obtained":["Zap"]},{"damage_healed":0.0,"max_hp_gain":0.0,"max_hp_loss":0.0,"gold_gain":0.0,"event_name":"Colosseum","player_choice":"Fight","floor":25.0,"gold_loss":0.0,"damage_taken":0.0},{"damage_healed":0.0,"max_hp_gain":0.0,"max_hp_loss":0.0,"gold_gain":0.0,"event_name":"Colosseum","player_choice":"Fought Nobs","floor":25.0,"gold_loss":0.0,"damage_taken":0.0},{"damage_healed":0.0,"max_hp_gain":0.0,"max_hp_loss":0.0,"gold_gain":0.0,"event_name":"Duplicator","player_choice":"Copied","floor":28.0,"gold_loss":0.0,"damage_taken":0.0,"cards_obtained":["Self Repair"]},{"cards_removed":["Zap"],"damage_healed":0.0,"max_hp_gain":0.0,"max_hp_loss":0.0,"gold_gain":0.0,"event_name":"Falling","player_choice":"Removed Skill","floor":36.0,"gold_loss":0.0,"damage_taken":0.0},{"damage_healed":22.0,"max_hp_gain":0.0,"max_hp_loss":0.0,"gold_gain":0.0,"event_name":"Winding Halls","player_choice":"Writhe","floor":38.0,"gold_loss":0.0,"damage_taken":0.0,"cards_obtained":["Writhe"]},{"damage_healed":0.0,"max_hp_gain":0.0,"max_hp_loss":0.0,"gold_gain":0.0,"event_name":"SensoryStone","player_choice":"Memory 1","floor":39.0,"gold_loss":0.0,"damage_taken":0.0},{"cards_removed":["Strike_B"],"damage_healed":0.0,"max_hp_gain":0.0,"max_hp_loss":0.0,"gold_gain":0.0,"event_name":"Purifier","player_choice":"Purged","floor":45.0,"gold_loss":0.0,"damage_taken":0.0},{"damage_healed":0.0,"max_hp_gain":0.0,"max_hp_loss":0.0,"gold_gain":0.0,"event_name":"Mysterious Sphere","player_choice":"Fight","floor":47.0,"gold_loss":0.0,"damage_taken":0.0}],"is_beta":false,"boss_relics":[{"not_picked":["Ectoplasm","Orrery"],"picked":"Cursed Key"},{"not_picked":["Runic Pyramid","Sozu"],"picked":"Lizard Tail"}],"items_purged_floors":[46],"is_endless":false,"potions_floor_spawned":[2,5,6,8,16,21,22,23,25,25,30,35,47,48],"killed_by":"Time Eater","ascension_level":0}