{"gold_per_floor":[111,17,35,35,47,8,108,108,108,128,47,59,85,98,98,98],"floor_reached":16,"playtime":1967,"items_purged":[],"score":102,"play_id":"aa202275-3491-4cc4-8f59-d47fd4ae72ef","local_time":"20190812182707","is_ascension_mode":false,"campfire_choices":[{"data":"Footwork","floor":8,"key":"SMITH"},{"data":"Accuracy","floor":15,"key":"SMITH"}],"neow_cost":"NONE","seed_source_timestamp":650038500381439,"circlet_count":0,"master_deck":["Strike_G","Strike_G","Strike_G","Strike_G","Strike_G","Defend_G","Defend_G","Defend_G","Defend_G","Defend_G","Survivor","Neutralize","Cloak And Dagger","Footwork+1","Acrobatics","Accuracy+1","Footwork","PiercingWail","Well Laid Plans","Prepared","Outmaneuver"],"relics":["Ring of the Snake","NeowsBlessing","Kunai","Meat on the Bone"],"potions_floor_usage":[13],"damage_taken":[{"damage":0,"enemies":"Jaw Worm","floor":1,"turns":1},{"damage":0,"enemies":"2 Louse","floor":3,"turns":1},{"damage":0,"enemies":"Cultist","floor":5,"turns":1},{"damage":0,"enemies":"2 Fungi Beasts","floor":10,"turns":6},{"damage":19,"enemies":"Gremlin Gang","floor":12,"turns":9},{"damage":10,"enemies":"3 Sentries","floor":13,"turns":16},{"damage":0,"enemies":"Red Slaver","floor":14,"turns":7},{"damage":31,"enemies":"Hexaghost","floor":16,"turns":18}],"seed_played":"8219189332769610933","potions_obtained":[{"floor":3,"key":"Ancient Potion"},{"floor":12,"key":"Poison Potion"}],"is_trial":false,"path_per_floor":["M","$","M","?","M","$","?","R","T","M","$","M","E","M","R","B"],"character_chosen":"THE_SILENT","items_purchased":["Footwork","Acrobatics","Footwork","Well Laid Plans"],"campfire_rested":0,"item_purchase_floors":[2,2,6,11],"current_hp_per_floor":[70,70,70,75,75,75,75,75,75,75,75,56,46,46,46,15],"gold":98,"neow_bonus":"THREE_ENEMY_KILL","is_prod":false,"is_daily":false,"chose_seed":false,"campfire_upgraded":2,"win_rate":0,"timestamp":1565605627,"path_taken":["M","$","M","?","M","$","?","R","T","M","$","M","E","M","R","BOSS"],"build_version":"2019-07-17","purchased_purges":0,"victory":false,"max_hp_per_floor":[70,70,70,75,75,75,75,75,75,75,75,75,75,75,75,75],"card_choices":[{"not_picked":["All Out Attack","Dodge and Roll"],"picked":"Cloak And Dagger","floor":1},{"not_picked":["Dagger Throw","Riddle With Holes","Poisoned Stab"],"picked":"SKIP","floor":3},{"not_picked":["Catalyst","Dagger Throw"],"picked":"Accuracy","floor":5},{"not_picked":["Underhanded Strike","Outmaneuver"],"picked":"PiercingWail","floor":10},{"not_picked":["Tools of the Trade","Catalyst"],"picked":"Prepared","floor":12},{"not_picked":["Concentrate","Dodge and Roll","Underhanded Strike"],"picked":"SKIP","floor":13},{"not_picked":["Deadly Poison","Slice"],"picked":"Outmaneuver","floor":14}],"player_experience":188355,"relics_obtained":[{"floor":9,"key":"Kunai"},{"floor":13,"key":"Meat on the Bone"}],"event_choices":[{"damage_healed":0,"gold_gain":0,"player_choice":"Donut","damage_taken":0,"max_hp_gain":5,"max_hp_loss":0,"event_name":"Big Fish","floor":4,"gold_loss":0},{"damage_healed":0,"gold_gain":100,"player_choice":"Pray","damage_taken":0,"max_hp_gain":0,"max_hp_loss":0,"event_name":"Golden Shrine","floor":7,"gold_loss":0}],"is_beta":false,"boss_relics":[],"items_purged_floors":[],"is_endless":false,"potions_floor_spawned":[3,12],"killed_by":"Hexaghost","ascension_level":0}