{"gold_per_floor":[118,193,47,61,61,90,109,109,109,121,152,152,152,185,185,290,290,307,307,307,232,232,267,267,285,331,331,342,76,110,128,128,233,233,246,246,68,343,356,182,182,182,205,215,215,265,265,278,278,278],"floor_reached":51,"playtime":9344,"items_purged":[],"score":949,"play_id":"93a6ffdb-55f6-4a64-8a37-aa5d10d09034","local_time":"20181117210943","is_ascension_mode":false,"campfire_choices":[{"data":"Clothesline","floor":8,"key":"SMITH"},{"data":"Fiend Fire","floor":13,"key":"SMITH"},{"data":"Bash","floor":15,"key":"SMITH"},{"floor":24,"key":"REST"},{"data":"Shrug It Off","floor":27,"key":"SMITH"},{"floor":32,"key":"REST"},{"data":"Dark Embrace","floor":41,"key":"SMITH"},{"data":"Barricade","floor":45,"key":"SMITH"},{"data":"Demon Form","floor":47,"key":"SMITH"},{"data":"Feel No Pain","floor":49,"key":"SMITH"}],"neow_cost":"NONE","seed_source_timestamp":8107722363782016,"circlet_count":0,"master_deck":["Strike_R","Strike_R","Defend_R+1","Defend_R+1","Defend_R","Defend_R","Bash+1","Pommel Strike","Shrug It Off+1","Fiend Fire+1","Clothesline+1","Feel No Pain+1","Thunderclap","Demon Form+1","Heavy Blade+1","Dark Embrace+1","Intimidate","Seeing Red","Barricade+1","Decay","Writhe","Clumsy","Warcry","Writhe","Purity","Regret","Warcry+1","Master of Strategy","Warcry+1","Seeing Red","Impervious"],"relics":["Burning Blood","NeowsBlessing","Juzu Bracelet","Du-Vu Doll","Pen Nib","Blue Candle","Bag of Marbles","Red Skull","Sozu","Nilry\u0027s Codex","Molten Egg 2","War Paint","Membership Card","Smiling Mask","Calling Bell","Bag of Preparation","Letter Opener","Nunchaku","Paper Frog","Ancient Tea Set","Anchor","Gambling Chip"],"potions_floor_usage":[16,33,50,50],"damage_taken":[{"damage":0,"enemies":"Small Slimes","floor":1,"turns":1},{"damage":0,"enemies":"2 Louse","floor":4,"turns":1},{"damage":0,"enemies":"3 Sentries","floor":6,"turns":1},{"damage":0,"enemies":"Cultist","floor":7,"turns":3},{"damage":5,"enemies":"2 Fungi Beasts","floor":10,"turns":3},{"damage":0,"enemies":"Gremlin Nob","floor":11,"turns":3},{"damage":13,"enemies":"3 Sentries","floor":14,"turns":10},{"damage":0,"enemies":"Slime Boss","floor":16,"turns":5},{"damage":5,"enemies":"Chosen","floor":18,"turns":4},{"damage":56,"enemies":"Gremlin Leader","floor":23,"turns":6},{"damage":4,"enemies":"Spheric Guardian","floor":25,"turns":4},{"damage":0,"enemies":"Snake Plant","floor":28,"turns":2},{"damage":20,"enemies":"Book of Stabbing","floor":30,"turns":7},{"damage":3,"enemies":"Centurion and Healer","floor":31,"turns":7},{"damage":61,"enemies":"Automaton","floor":33,"turns":12},{"damage":3,"enemies":"3 Shapes","floor":35,"turns":4},{"damage":0,"enemies":"Orb Walker","floor":39,"turns":2},{"damage":2,"enemies":"Transient","floor":44,"turns":5},{"damage":22,"enemies":"2 Orb Walkers","floor":46,"turns":4},{"damage":3,"enemies":"4 Shapes","floor":48,"turns":5},{"damage":4,"enemies":"Time Eater","floor":50,"turns":8}],"seed_played":"3007115298764976149","potions_obtained":[{"floor":4,"key":"EssenceOfSteel"},{"floor":6,"key":"Dexterity Potion"},{"floor":10,"key":"Strength Potion"},{"floor":16,"key":"Block Potion"}],"is_trial":false,"path_per_floor":["M","?","$","M","?","E","M","R","T","M","E","?","R","E","R","B",null,"M","?","?","?","?","E","R","M","T","R","M","$","E","M","R","B",null,"M","?","$","?","M","$","R","?","T","M","R","?","R","M","R","B",null],"character_chosen":"IRONCLAD","items_purchased":["Juzu Bracelet","Membership Card","Intimidate","Armaments","Paper Frog","Purity","Master of Strategy","Ancient Tea Set"],"campfire_rested":2,"item_purchase_floors":[3,29,29,29,37,37,40,40],"current_hp_per_floor":[80,69,69,75,63,69,75,75,75,76,80,80,80,73,73,79,80,80,64,64,64,80,30,54,56,56,56,62,62,48,51,75,20,80,80,80,80,80,80,80,80,80,80,80,80,64,64,67,67,69],"gold":278,"neow_bonus":"THREE_ENEMY_KILL","is_prod":false,"is_daily":false,"chose_seed":false,"campfire_upgraded":8,"win_rate":0,"timestamp":1542514183,"path_taken":["M","?","$","M","?","E","M","R","T","M","E","?","R","E","R","BOSS","M","?","?","?","?","E","R","M","T","R","M","$","E","M","R","BOSS","M","?","$","?","M","$","R","?","T","M","R","?","R","M","R","BOSS"],"build_version":"2018-11-15","purchased_purges":0,"victory":true,"max_hp_per_floor":[80,80,80,80,80,80,80,80,80,80,80,80,80,80,80,80,80,80,80,80,80,80,80,80,80,80,80,80,80,80,80,80,80,80,80,80,80,80,80,80,80,80,80,80,80,80,80,80,80,80],"card_choices":[{"not_picked":["Clash","Sentinel"],"picked":"Pommel Strike","floor":1},{"not_picked":["Rampage","Combust"],"picked":"Shrug It Off","floor":4},{"not_picked":["Reckless Charge","Rampage"],"picked":"Fiend Fire","floor":6},{"not_picked":["Iron Wave","True Grit"],"picked":"Clothesline","floor":7},{"not_picked":["Havoc","Combust","Wild Strike"],"picked":"SKIP","floor":10},{"not_picked":["Power Through","Heavy Blade"],"picked":"Feel No Pain","floor":11},{"not_picked":["Headbutt","Cleave","Pommel Strike"],"picked":"SKIP","floor":14},{"not_picked":["Offering","Exhume"],"picked":"Demon Form","floor":16},{"not_picked":["Iron Wave","Armaments","Carnage"],"picked":"SKIP","floor":18},{"not_picked":["Sword Boomerang","Infernal Blade"],"picked":"Heavy Blade+1","floor":23},{"not_picked":["Twin Strike+1","Wild Strike+1","Havoc+1"],"picked":"SKIP","floor":25},{"not_picked":["Cleave+1","Second Wind"],"picked":"Dark Embrace","floor":28},{"not_picked":["Disarm+1","Exhume"],"picked":"Seeing Red","floor":30},{"not_picked":["Flex+1","Clothesline+1","Havoc+1"],"picked":"SKIP","floor":31},{"not_picked":["Immolate+1","Double Tap"],"picked":"Barricade","floor":33},{"not_picked":["Sword Boomerang+1","Power Through+1"],"picked":"Warcry","floor":35},{"not_picked":["Headbutt+1","Iron Wave+1"],"picked":"Warcry+1","floor":39},{"not_picked":["Dual Wield+1","Clothesline+1"],"picked":"Warcry+1","floor":44},{"not_picked":["Flame Barrier","Sword Boomerang+1"],"picked":"Seeing Red","floor":46},{"not_picked":["Pommel Strike+1","Perfected Strike+1"],"picked":"Impervious","floor":48}],"player_experience":1214671,"relics_obtained":[{"floor":6,"key":"Pen Nib"},{"floor":9,"key":"Blue Candle"},{"floor":11,"key":"Bag of Marbles"},{"floor":14,"key":"Red Skull"},{"floor":19,"key":"Nilry\u0027s Codex"},{"floor":23,"key":"Molten Egg 2"},{"floor":26,"key":"War Paint"},{"floor":30,"key":"Smiling Mask"},{"floor":34,"key":"Bag of Preparation"},{"floor":34,"key":"Letter Opener"},{"floor":34,"key":"Nunchaku"},{"floor":43,"key":"Anchor"},{"floor":46,"key":"Gambling Chip"}],"event_choices":[{"damage_healed":0,"gold_gain":75,"player_choice":"Gather Gold","damage_taken":11,"max_hp_gain":0,"max_hp_loss":0,"event_name":"World of Goop","floor":2,"gold_loss":0},{"damage_healed":0,"gold_gain":0,"player_choice":"Success","damage_taken":12,"relics_obtained":["Du-Vu Doll"],"max_hp_gain":0,"max_hp_loss":0,"event_name":"Scrap Ooze","floor":5,"gold_loss":0},{"damage_healed":0,"gold_gain":0,"cards_transformed":["Strike_R"],"player_choice":"Transformed","damage_taken":0,"max_hp_gain":0,"max_hp_loss":0,"event_name":"Transmorgrifier","floor":12,"gold_loss":0,"cards_obtained":["Thunderclap"]},{"damage_healed":0,"gold_gain":0,"player_choice":"Obtained Book","damage_taken":16,"max_hp_gain":0,"max_hp_loss":0,"event_name":"Cursed Tome","floor":19,"gold_loss":0},{"cards_removed":["Strike_R"],"damage_healed":0,"gold_gain":0,"player_choice":"Offered Basic","damage_taken":0,"max_hp_gain":0,"max_hp_loss":0,"event_name":"Bonfire Elementals","floor":20,"gold_loss":0},{"cards_removed":["Strike_R"],"damage_healed":0,"gold_gain":0,"player_choice":"Gave Gold","damage_taken":0,"max_hp_gain":0,"max_hp_loss":0,"event_name":"Beggar","floor":21,"gold_loss":75},{"damage_healed":26,"gold_gain":0,"player_choice":"Heal","damage_taken":0,"max_hp_gain":0,"max_hp_loss":0,"event_name":"The Library","floor":22,"gold_loss":0},{"damage_healed":20,"gold_gain":0,"player_choice":"Writhe","damage_taken":0,"max_hp_gain":0,"max_hp_loss":0,"event_name":"Winding Halls","floor":36,"gold_loss":0,"cards_obtained":["Writhe"]},{"damage_healed":0,"gold_gain":275,"player_choice":"Desecrate","damage_taken":0,"max_hp_gain":0,"max_hp_loss":0,"event_name":"Golden Shrine","floor":38,"gold_loss":0,"cards_obtained":["Regret"]},{"cards_removed":["Armaments"],"damage_healed":0,"gold_gain":0,"player_choice":"Removed Skill","damage_taken":0,"max_hp_gain":0,"max_hp_loss":0,"event_name":"Falling","floor":42,"gold_loss":0},{"damage_healed":0,"gold_gain":0,"player_choice":"Fight","damage_taken":0,"max_hp_gain":0,"max_hp_loss":0,"event_name":"Mysterious Sphere","floor":46,"gold_loss":0}],"is_beta":false,"boss_relics":[{"not_picked":["Eternal Feather","Pandora\u0027s Box"],"picked":"Sozu"},{"not_picked":["Runic Dome","White Beast Statue"],"picked":"Calling Bell"}],"items_purged_floors":[],"is_endless":false,"potions_floor_spawned":[4,6,10,11,16,25,28,31,39,44,48],"ascension_level":0}