{"gold_per_floor":[109,129,129,147,164,164,177,207,207,226,237,250,250,273,273,396,396,421,446,446,446,466,466,490,173,200,219,219,244,244,269,269,269],"floor_reached":33,"playtime":3481,"items_purged":["Writhe"],"score":255,"play_id":"15b3b949-6ee4-4d08-b396-779d5475d845","local_time":"20181218174440","is_ascension_mode":false,"campfire_choices":[{"data":"Zap","floor":6.0,"key":"SMITH"},{"data":"Defragment","floor":15.0,"key":"SMITH"},{"data":"Seek","floor":23,"key":"SMITH"},{"data":"Consume","floor":28,"key":"SMITH"},{"data":"Coolheaded","floor":30,"key":"SMITH"},{"floor":32,"key":"REST"}],"neow_cost":"PERCENT_DAMAGE","seed_source_timestamp":0,"circlet_count":0,"master_deck":["Strike_B","Strike_B","Strike_B","Defend_B","Defend_B","Defend_B","Zap+1","Dualcast","Redo+1","Gash","Steam","Coolheaded+1","Defragment+1","Cold Snap","Blizzard","Hologram","BootSequence","Gash","Seek+1","Consume+1","Redo","Redo+1"],"special_seed":0,"relics":["Cracked Core","Blood Vial","Emotion Chip","Golden Idol","Velvet Choker","Ornamental Fan","Bottled Tornado","DataDisk"],"potions_floor_usage":[22,33,33,33],"damage_taken":[{"damage":0.0,"enemies":"Small Slimes","floor":1.0,"turns":2.0},{"damage":1.0,"enemies":"Cultist","floor":2.0,"turns":3.0},{"damage":1.0,"enemies":"Jaw Worm","floor":4.0,"turns":2.0},{"damage":7.0,"enemies":"3 Louse","floor":5.0,"turns":3.0},{"damage":2.0,"enemies":"Blue Slaver","floor":7.0,"turns":2.0},{"damage":11.0,"enemies":"Lagavulin","floor":8.0,"turns":6.0},{"damage":0.0,"enemies":"Large Slime","floor":10.0,"turns":4.0},{"damage":5.0,"enemies":"Red Slaver","floor":11.0,"turns":3.0},{"damage":4.0,"enemies":"Gremlin Gang","floor":12.0,"turns":4.0},{"damage":4.0,"enemies":"2 Fungi Beasts","floor":14.0,"turns":3.0},{"damage":5.0,"enemies":"Hexaghost","floor":16.0,"turns":12.0},{"damage":8,"enemies":"Chosen","floor":18,"turns":5},{"damage":16,"enemies":"2 Thieves","floor":19,"turns":5},{"damage":4,"enemies":"Shelled Parasite and Fungi","floor":22,"turns":9},{"damage":14,"enemies":"Sentry and Sphere","floor":24,"turns":8},{"damage":0,"enemies":"Cultist and Chosen","floor":27,"turns":7},{"damage":0,"enemies":"Centurion and Healer","floor":31,"turns":10},{"damage":66,"enemies":"Champ","floor":33,"turns":10}],"seed_played":"-3793650923544033116","potions_obtained":[{"floor":4.0,"key":"EntropicBrew"},{"floor":8.0,"key":"Weak Potion"},{"floor":19,"key":"Weak Potion"},{"floor":22,"key":"SteroidPotion"},{"floor":31,"key":"Strength Potion"}],"is_trial":false,"path_per_floor":["M","M","?","M","M","R","M","E","T","M","M","M","?","M","R","B",null,"M","M","?","?","M","R","M","$","T","M","R","T","R","M","R","B"],"character_chosen":"DEFECT","items_purchased":["Bottled Tornado"],"campfire_rested":1,"item_purchase_floors":[25],"current_hp_per_floor":[54,53,53,52,45,45,43,32,32,34,31,29,29,27,27,24,69,61,47,47,47,45,45,33,33,33,35,35,35,35,37,57,0],"gold":269,"neow_bonus":"REMOVE_TWO","is_prod":false,"is_daily":false,"chose_seed":false,"campfire_upgraded":5,"win_rate":0,"timestamp":1545180280,"path_taken":["M","M","?","M","M","R","?","E","T","M","M","M","?","M","R","BOSS","M","M","?","?","M","R","M","$","T","M","R","?","R","M","R","BOSS"],"build_version":"2018-12-13","purchased_purges":1,"victory":false,"max_hp_per_floor":[75,75,75,75,75,75,75,75,75,75,75,75,69,69,69,69,69,69,69,69,69,69,69,69,69,69,69,69,69,69,69,69,69],"card_choices":[{"not_picked":["Beam Cell","Ball Lightning"],"picked":"Redo","floor":1.0},{"not_picked":["Sweeping Beam","Rip and Tear"],"picked":"Gash","floor":2.0},{"not_picked":["Beam Cell","Hello World"],"picked":"Steam","floor":4.0},{"not_picked":["Redo","Turbo"],"picked":"Coolheaded","floor":5.0},{"not_picked":["Cold Snap","Redo"],"picked":"Defragment","floor":7.0},{"not_picked":["Barrage","Fission"],"picked":"Cold Snap","floor":8.0},{"not_picked":["Compile Driver","Force Field"],"picked":"Blizzard","floor":10.0},{"not_picked":["Doom and Gloom","Barrage"],"picked":"Hologram","floor":11.0},{"not_picked":["Beam Cell","Rainbow"],"picked":"BootSequence","floor":12.0},{"not_picked":["Barrage","Steam"],"picked":"Gash","floor":14.0},{"not_picked":["Meteor Strike","Fission"],"picked":"Seek","floor":16.0},{"not_picked":["Hologram","Sweeping Beam+1"],"picked":"Consume","floor":18},{"not_picked":["Sweeping Beam","Auto Shields+1"],"picked":"Redo","floor":19},{"not_picked":["Coolheaded","Rebound"],"picked":"Redo+1","floor":22},{"not_picked":["Darkness","Loop","Redo"],"picked":"SKIP","floor":24},{"not_picked":["Tempest","Rebound","Aggregate+1"],"picked":"SKIP","floor":27},{"not_picked":["Lockon","Cold Snap","Amplify"],"picked":"SKIP","floor":31}],"player_experience":1509564,"relics_obtained":[{"floor":8.0,"key":"Blood Vial"},{"floor":9.0,"key":"Emotion Chip"},{"floor":26,"key":"DataDisk"}],"event_choices":[{"damage_healed":0.0,"max_hp_gain":0.0,"max_hp_loss":0.0,"gold_gain":0.0,"event_name":"Accursed Blacksmith","player_choice":"Forge","floor":3.0,"gold_loss":0.0,"damage_taken":0.0,"cards_upgraded":["Redo"]},{"damage_healed":0.0,"max_hp_gain":0.0,"max_hp_loss":6.0,"gold_gain":0.0,"event_name":"Golden Idol","player_choice":"Lose Max HP","floor":13.0,"gold_loss":0.0,"damage_taken":0.0,"relics_obtained":["Golden Idol"]},{"damage_healed":0,"gold_gain":0,"player_choice":"Ignored","damage_taken":0,"max_hp_gain":0,"max_hp_loss":0,"event_name":"Vampires","floor":20,"gold_loss":0},{"damage_healed":0,"gold_gain":0,"player_choice":"Opened","damage_taken":0,"relics_obtained":["Ornamental Fan"],"max_hp_gain":0,"max_hp_loss":0,"event_name":"The Mausoleum","floor":21,"gold_loss":0,"cards_obtained":["Writhe"]}],"is_beta":false,"boss_relics":[{"not_picked":["Snecko Eye","Fusion Hammer"],"picked":"Velvet Choker"}],"items_purged_floors":[25],"is_endless":false,"potions_floor_spawned":[4,5,8,10,14,19,22,31],"killed_by":"Champ","ascension_level":0}