{"gold_per_floor":[117,37,37,51,65,65,129,129,129,142,160,6,24,24,24,129,129,114,14,27,42,56,56,73,73,73,90,90],"floor_reached":28,"playtime":1455,"items_purged":["Strike_G","Strike_G"],"score":226,"play_id":"70b1a5ba-b7d6-49bf-a344-275497e76801","local_time":"20190410225932","is_ascension_mode":false,"campfire_choices":[{"data":"Infinite Blades","floor":6,"key":"SMITH"},{"data":"Bouncing Flask","floor":8,"key":"SMITH"},{"floor":15,"key":"REST"},{"floor":23,"key":"REST"}],"neow_cost":"NONE","seed_source_timestamp":304493229131573,"circlet_count":0,"master_deck":["Defend_G","Defend_G","Defend_G","Defend_G","Defend_G","Strike_G","Strike_G","Strike_G","Survivor","Neutralize","Deadly Poison","Infinite Blades+1","Deadly Poison","Bouncing Flask+1","Poisoned Stab","Backflip","Noxious Fumes","Bane","Infinite Blades","After Image","Leg Sweep","Poisoned Stab","Leg Sweep","Bouncing Flask+1","Deflect","Blur+1"],"relics":["Ring of the Snake","Tiny Chest","Matryoshka","Runic Pyramid","Bottled Lightning","Oddly Smooth Stone"],"potions_floor_usage":[18,18,21,22,24,27],"damage_taken":[{"damage":0,"enemies":"Jaw Worm","floor":1,"turns":5},{"damage":2,"enemies":"Small Slimes","floor":3,"turns":5},{"damage":1,"enemies":"Cultist","floor":4,"turns":3},{"damage":2,"enemies":"Looter","floor":5,"turns":3},{"damage":33,"enemies":"3 Sentries","floor":7,"turns":9},{"damage":8,"enemies":"2 Fungi Beasts","floor":10,"turns":4},{"damage":11,"enemies":"3 Louse","floor":11,"turns":3},{"damage":9,"enemies":"Blue Slaver","floor":13,"turns":4},{"damage":16,"enemies":"Hexaghost","floor":16,"turns":8},{"damage":23,"enemies":"2 Thieves","floor":18,"turns":4},{"damage":3,"enemies":"Chosen","floor":20,"turns":5},{"damage":20,"enemies":"Centurion and Healer","floor":21,"turns":7},{"damage":5,"enemies":"Snake Plant","floor":22,"turns":5},{"damage":19,"enemies":"Chosen and Byrds","floor":24,"turns":6},{"damage":28,"enemies":"Cultist and Chosen","floor":27,"turns":8},{"damage":8,"enemies":"Sentry and Sphere","floor":28,"turns":2}],"seed_played":"-3726852200818051022","potions_obtained":[{"floor":4,"key":"Block Potion"},{"floor":7,"key":"Weak Potion"},{"floor":10,"key":"Energy Potion"},{"floor":11,"key":"Poison Potion"},{"floor":20,"key":"GhostInAJar"},{"floor":21,"key":"Weak Potion"},{"floor":24,"key":"GhostInAJar"}],"is_trial":false,"path_per_floor":["M","$","M","M","M","R","E","R","T","M","M","$","M","?","R","B",null,"M","$","M","M","M","R","M","?","T","M","M"],"character_chosen":"THE_SILENT","items_purchased":["Infinite Blades","Infinite Blades"],"campfire_rested":2,"item_purchase_floors":[2,12],"current_hp_per_floor":[77,77,75,74,72,72,39,39,39,31,20,20,11,11,34,18,77,54,54,51,31,26,49,30,30,30,2,0],"gold":90,"neow_bonus":"TEN_PERCENT_HP_BONUS","is_prod":false,"is_daily":false,"chose_seed":false,"campfire_upgraded":2,"win_rate":0.0,"timestamp":1554908372,"path_taken":["M","$","M","M","M","R","E","R","T","M","M","$","M","?","R","BOSS","M","$","M","M","M","R","M","?","T","M","M"],"build_version":"2019-01-23","purchased_purges":2,"victory":false,"max_hp_per_floor":[77,77,77,77,77,77,77,77,77,77,77,77,77,77,77,77,77,77,77,77,77,77,77,77,77,77,77,77],"card_choices":[{"not_picked":["Deflect","Caltrops"],"picked":"Deadly Poison","floor":1},{"not_picked":["Flying Knee","Sucker Punch"],"picked":"Deadly Poison","floor":3},{"not_picked":["Prepared","Dagger Throw"],"picked":"Bouncing Flask","floor":4},{"not_picked":["Quick Slash","Deflect"],"picked":"Poisoned Stab","floor":5},{"not_picked":["Skewer","Terror"],"picked":"Backflip","floor":7},{"not_picked":["Dodge and Roll","Blur"],"picked":"Noxious Fumes","floor":10},{"not_picked":["Prepared","Distraction"],"picked":"Bane","floor":11},{"not_picked":["Blade Dance","Quick Slash","Flying Knee"],"picked":"SKIP","floor":13},{"not_picked":["Tools of the Trade","Die Die Die"],"picked":"After Image","floor":16},{"not_picked":["Dagger Spray","Poisoned Stab+1"],"picked":"Leg Sweep","floor":18},{"not_picked":["Bane","Eviscerate"],"picked":"Poisoned Stab","floor":20},{"not_picked":["Underhanded Strike","Calculated Gamble"],"picked":"Leg Sweep","floor":21},{"not_picked":["Bane","Dagger Throw"],"picked":"Bouncing Flask+1","floor":22},{"not_picked":["Crippling Poison","Blade Dance"],"picked":"Deflect","floor":24},{"not_picked":["Dagger Throw","Calculated Gamble"],"picked":"Blur+1","floor":27}],"player_experience":9081,"relics_obtained":[{"floor":7,"key":"Tiny Chest"},{"floor":9,"key":"Matryoshka"},{"floor":26,"key":"Bottled Lightning"},{"floor":26,"key":"Oddly Smooth Stone"}],"event_choices":[{"damage_healed":0,"gold_gain":0,"player_choice":"Ignored","damage_taken":0,"max_hp_gain":0,"max_hp_loss":0,"event_name":"Golden Wing","floor":14,"gold_loss":0},{"damage_healed":0,"gold_gain":0,"player_choice":"Ignored","damage_taken":0,"max_hp_gain":0,"max_hp_loss":0,"event_name":"Beggar","floor":25,"gold_loss":0}],"is_beta":false,"boss_relics":[{"not_picked":["White Beast Statue","Orrery"],"picked":"Runic Pyramid"}],"items_purged_floors":[12,19],"is_endless":false,"potions_floor_spawned":[4,7,10,11,13,16,20,21,24],"killed_by":"Sentry and Sphere","ascension_level":0}