{"gold_per_floor":[116,126,139,214,43,73,73,91,91,91,106,106,123,141,141,243,273,292,311,311],"floor_reached":20,"playtime":1640,"items_purged":[],"score":205,"play_id":"7299f432-aa34-4761-8fe1-07d6a49519f7","local_time":"20190103115516","is_ascension_mode":true,"campfire_choices":[{"data":"Hologram","floor":7.0,"key":"SMITH"},{"floor":10.0,"key":"REST"},{"data":"Streamline","floor":12.0,"key":"SMITH"},{"floor":15.0,"key":"REST"}],"neow_cost":"NONE","seed_source_timestamp":0,"circlet_count":0,"master_deck":["Strike_B","Strike_B+1","Strike_B","Strike_B+1","Defend_B","Defend_B","Defend_B","Defend_B","Zap","Dualcast","Seek","Chill","Hologram+1","Gash","Leap","Streamline+1","Coolheaded","Go for the Eyes","Echo Form","Parasite","Regret","Doubt","Steam","Gash"],"special_seed":0,"relics":["Cracked Core","Happy Flower","Whetstone","Mummified Hand","Calling Bell","Tiny Chest","Sundial","Shovel"],"potions_floor_usage":[20],"damage_taken":[{"damage":1.0,"enemies":"Cultist","floor":1.0,"turns":3.0},{"damage":0.0,"enemies":"Small Slimes","floor":2.0,"turns":3.0},{"damage":2.0,"enemies":"Jaw Worm","floor":3.0,"turns":3.0},{"damage":23.0,"enemies":"3 Sentries","floor":6.0,"turns":9.0},{"damage":26.0,"enemies":"Gremlin Gang","floor":8.0,"turns":6.0},{"damage":1.0,"enemies":"Blue Slaver","floor":11.0,"turns":3.0},{"damage":0.0,"enemies":"3 Louse","floor":13.0,"turns":3.0},{"damage":4.0,"enemies":"Looter","floor":14.0,"turns":3.0},{"damage":19.0,"enemies":"The Guardian","floor":16.0,"turns":10.0},{"damage":21.0,"enemies":"Spheric Guardian","floor":18.0,"turns":5.0},{"damage":18.0,"enemies":"3 Byrds","floor":19.0,"turns":7.0},{"damage":39,"enemies":"Snake Plant","floor":20,"turns":5}],"seed_played":"-6104706465276390864","potions_obtained":[{"floor":3.0,"key":"LiquidBronze"},{"floor":6.0,"key":"Energy Potion"},{"floor":14.0,"key":"Explosive Potion"},{"floor":16.0,"key":"Dexterity Potion"}],"is_trial":false,"path_per_floor":["M","M","M","?","$","E","R","M","T","R","M","R","M","M","R","B",null,"M","M","M"],"character_chosen":"DEFECT","items_purchased":["Gash","Happy Flower"],"campfire_rested":2,"item_purchase_floors":[5,5],"current_hp_per_floor":[74,74,72,61,61,38,38,12,12,34,33,33,33,29,51,32,75,54,36,0],"gold":311,"neow_bonus":"ONE_RANDOM_RARE_CARD","is_prod":false,"is_daily":false,"chose_seed":false,"campfire_upgraded":2,"win_rate":0,"timestamp":1546541716,"path_taken":["M","?","M","?","?","E","R","?","T","R","M","R","M","M","R","BOSS","M","M","M"],"build_version":"2018-12-20","purchased_purges":0,"victory":false,"max_hp_per_floor":[75,75,75,75,75,75,75,75,75,75,75,75,75,75,75,75,75,75,75,75],"card_choices":[{"not_picked":["Go for the Eyes","Skim"],"picked":"Chill","floor":1.0},{"not_picked":["Aggregate","Reprogram","Tempest"],"picked":"SKIP","floor":2.0},{"not_picked":["Darkness","Heatsinks"],"picked":"Hologram","floor":3.0},{"not_picked":["Tempest","Streamline"],"picked":"Leap","floor":6.0},{"not_picked":["Aggregate","Ball Lightning","Blizzard"],"picked":"SKIP","floor":8.0},{"not_picked":["Steam","Lockon"],"picked":"Streamline","floor":11.0},{"not_picked":["Rip and Tear","Lockon"],"picked":"Coolheaded","floor":13.0},{"not_picked":["Tempest","Beam Cell"],"picked":"Go for the Eyes","floor":14.0},{"not_picked":["Fission","All For One"],"picked":"Echo Form","floor":16.0},{"not_picked":["Compile Driver","Stack+1"],"picked":"Steam","floor":18.0},{"not_picked":["Conserve Battery","Barrage"],"picked":"Gash","floor":19.0}],"player_experience":1660634,"relics_obtained":[{"floor":6.0,"key":"Whetstone"},{"floor":9.0,"key":"Mummified Hand"},{"floor":17.0,"key":"Tiny Chest"},{"floor":17.0,"key":"Sundial"},{"floor":17.0,"key":"Shovel"}],"event_choices":[{"damage_healed":0.0,"max_hp_gain":0.0,"max_hp_loss":0.0,"gold_gain":75.0,"event_name":"World of Goop","player_choice":"Gather Gold","floor":4.0,"gold_loss":0.0,"damage_taken":11.0}],"is_beta":false,"boss_relics":[{"not_picked":["White Beast Statue","Runic Pyramid"],"picked":"Calling Bell"}],"items_purged_floors":[],"is_endless":false,"potions_floor_spawned":[3,6,14,16],"killed_by":"Snake Plant","ascension_level":3}