{"gold_per_floor":[118,30,45,90,90,90,119,119,145,102,102,113,124,124,124,124],"floor_reached":16,"playtime":1704,"items_purged":[],"score":118,"play_id":"eef3a50f-3849-4289-92fc-d719690fa916","local_time":"20190122201102","is_ascension_mode":true,"campfire_choices":[{"data":"Neutralize","floor":6,"key":"SMITH"},{"floor":8,"key":"REST"},{"data":"Predator","floor":15,"key":"SMITH"}],"neow_cost":"CURSE","seed_source_timestamp":1324912367712438,"circlet_count":0,"master_deck":["Defend_G","Defend_G","Defend_G","Defend_G","Defend_G","Strike_G","Strike_G","Strike_G","Strike_G","Strike_G","Survivor","Neutralize+1","Flash of Steel","Leg Sweep+1","Well Laid Plans","Leg Sweep","Predator+1"],"relics":["Ring of the Snake","Nunchaku","Centennial Puzzle","Paper Crane","Snake Skull","SsserpentHead"],"potions_floor_usage":[13],"damage_taken":[{"damage":0,"enemies":"Cultist","floor":1,"turns":4},{"damage":2,"enemies":"Small Slimes","floor":3,"turns":4},{"damage":37,"enemies":"Gremlin Nob","floor":7,"turns":6},{"damage":1,"enemies":"Jaw Worm","floor":12,"turns":4},{"damage":0,"enemies":"Lots of Slimes","floor":13,"turns":2},{"damage":53,"enemies":"Slime Boss","floor":16,"turns":10}],"seed_played":"-8289183159829869387","potions_obtained":[{"floor":12,"key":"Explosive Potion"}],"is_trial":false,"path_per_floor":["M","$","M","T","?","R","E","R","T","?","?","M","M","?","R","B"],"character_chosen":"THE_SILENT","items_purchased":["Flash of Steel"],"campfire_rested":1,"item_purchase_floors":[2],"current_hp_per_floor":[70,70,68,68,68,68,31,52,52,52,52,51,51,51,51,0],"gold":124,"neow_bonus":"ONE_RARE_RELIC","is_prod":false,"is_daily":false,"chose_seed":false,"campfire_upgraded":2,"win_rate":0,"timestamp":1548213062,"path_taken":["M","$","M","?","?","R","E","R","T","?","?","?","M","?","R","BOSS"],"build_version":"2019-01-17v2","purchased_purges":0,"victory":false,"max_hp_per_floor":[70,70,70,70,70,70,70,70,70,70,70,70,70,70,70,70],"card_choices":[{"not_picked":["Blade Dance","Endless Agony","Poisoned Stab"],"picked":"SKIP","floor":1},{"not_picked":["Backstab","Underhanded Strike"],"picked":"Leg Sweep","floor":3},{"not_picked":["Concentrate","Dodge and Roll"],"picked":"Well Laid Plans","floor":7},{"not_picked":["Underhanded Strike","Acrobatics"],"picked":"Leg Sweep","floor":12},{"not_picked":["Deflect","Leg Sweep"],"picked":"Predator","floor":13}],"player_experience":1730165,"relics_obtained":[{"floor":4,"key":"Centennial Puzzle"},{"floor":7,"key":"Paper Crane"},{"floor":9,"key":"Snake Skull"}],"event_choices":[{"cards_removed":["Decay"],"damage_healed":0,"gold_gain":0,"player_choice":"Forget","damage_taken":0,"max_hp_gain":0,"max_hp_loss":0,"event_name":"Living Wall","floor":5,"gold_loss":0},{"damage_healed":0,"gold_gain":0,"player_choice":"Left Gold","damage_taken":0,"max_hp_gain":0,"max_hp_loss":0,"event_name":"World of Goop","floor":10,"gold_loss":43},{"damage_healed":0,"gold_gain":0,"player_choice":"Forge","damage_taken":0,"max_hp_gain":0,"max_hp_loss":0,"event_name":"Accursed Blacksmith","floor":11,"gold_loss":0,"cards_upgraded":["Leg Sweep"]},{"damage_healed":0,"gold_gain":0,"player_choice":"Trade","damage_taken":0,"relics_obtained":["SsserpentHead"],"max_hp_gain":0,"max_hp_loss":0,"event_name":"FaceTrader","floor":14,"gold_loss":0}],"is_beta":false,"boss_relics":[],"items_purged_floors":[],"is_endless":false,"potions_floor_spawned":[12],"killed_by":"Slime Boss","ascension_level":4}