{"gold_per_floor":[361,380,53,53,53,53,85,85,165,165,165,178,209,228,228,324,324,347,361,396,396],"floor_reached":21,"playtime":2344,"items_purged":[],"score":360,"play_id":"4a8ee2ad-30ac-44c7-aaf2-ce6919773c34","local_time":"20190823225549","is_ascension_mode":true,"campfire_choices":[{"floor":6.0,"key":"REST"},{"floor":8.0,"key":"REST"},{"floor":11.0,"key":"REST"},{"floor":15.0,"key":"REST"}],"neow_cost":"PERCENT_DAMAGE","seed_source_timestamp":40392283929996,"circlet_count":0,"master_deck":["AscendersBane","Strike_B","Strike_B","Strike_B","Defend_B","Defend_B","Defend_B","Defend_B","Zap+1","Dualcast","Ball Lightning","Defragment","Defragment","Go for the Eyes","Glacier+1","Undo+1","Electrodynamics","Ball Lightning","Fusion+1"],"special_seed":0,"relics":["Cracked Core","Toxic Egg 2","Letter Opener","Kunai","Golden Idol","Cables","Eternal Feather","Red Mask"],"potions_floor_usage":[19,19],"damage_taken":[{"damage":2.0,"enemies":"Jaw Worm","floor":1.0,"turns":4.0},{"damage":3.0,"enemies":"Small Slimes","floor":2.0,"turns":3.0},{"damage":25.0,"enemies":"3 Sentries","floor":7.0,"turns":6.0},{"damage":9.0,"enemies":"2 Louse","floor":12.0,"turns":2.0},{"damage":0.0,"enemies":"Gremlin Nob","floor":13.0,"turns":4.0},{"damage":9.0,"enemies":"Red Slaver","floor":14.0,"turns":3.0},{"damage":5.0,"enemies":"Hexaghost","floor":16.0,"turns":13.0},{"damage":7.0,"enemies":"Spheric Guardian","floor":18.0,"turns":6.0},{"damage":17,"enemies":"2 Thieves","floor":19,"turns":3},{"damage":46,"enemies":"Masked Bandits","floor":20,"turns":4},{"damage":10,"enemies":"3 Cultists","floor":21,"turns":3}],"seed_played":"7282838463168004534","potions_obtained":[{"floor":2.0,"key":"PowerPotion"},{"floor":13.0,"key":"Regen Potion"},{"floor":16.0,"key":"Explosive Potion"}],"is_trial":false,"path_per_floor":["M","M","$","?","?","R","E","R","T","?","R","M","E","M","R","B",null,"M","M","?","M"],"character_chosen":"DEFECT","items_purchased":["Defragment","Toxic Egg 2"],"campfire_rested":4,"item_purchase_floors":[3,3],"current_hp_per_floor":[44,41,41,34,34,55,30,51,51,34,55,46,46,37,58,53,67,60,52,6,0],"gold":396,"neow_bonus":"TWO_FIFTY_GOLD","is_prod":false,"is_daily":false,"chose_seed":false,"campfire_upgraded":0,"win_rate":0,"timestamp":1566597349,"path_taken":["M","M","$","?","?","R","E","R","T","?","R","M","E","M","R","BOSS","M","M","?","M"],"build_version":"2019-07-17","purchased_purges":0,"victory":false,"max_hp_per_floor":[71,71,71,71,71,71,71,71,71,71,71,71,71,71,71,71,71,71,71,71,71],"card_choices":[{"not_picked":["Go for the Eyes","Gash"],"picked":"Ball Lightning","floor":1.0},{"not_picked":["Conserve Battery","Stack"],"picked":"Defragment","floor":2.0},{"not_picked":["Stack+1","Compile Driver"],"picked":"Go for the Eyes","floor":7.0},{"not_picked":["Scrape","Reinforced Body+1"],"picked":"Glacier+1","floor":12.0},{"not_picked":["Beam Cell","Stack+1","Barrage"],"picked":"SKIP","floor":13.0},{"not_picked":["Doom and Gloom","Loop"],"picked":"Undo+1","floor":14.0},{"not_picked":["Fission+1","Rainbow+1"],"picked":"Electrodynamics","floor":16.0},{"not_picked":["Fusion+1","Compile Driver","Self Repair"],"picked":"SKIP","floor":18.0},{"not_picked":["Rebound","Stack+1"],"picked":"Ball Lightning","floor":19},{"not_picked":["Heatsinks","Turbo+1"],"picked":"Fusion+1","floor":20}],"player_experience":554129,"relics_obtained":[{"floor":7.0,"key":"Letter Opener"},{"floor":9.0,"key":"Kunai"},{"floor":13.0,"key":"Cables"},{"floor":20,"key":"Red Mask"}],"event_choices":[{"cards_removed":["Strike_B"],"damage_healed":0.0,"max_hp_gain":0.0,"max_hp_loss":0.0,"gold_gain":0.0,"event_name":"Golden Wing","player_choice":"Card Removal","floor":4.0,"gold_loss":0.0,"damage_taken":7.0},{"damage_healed":0.0,"max_hp_gain":0.0,"max_hp_loss":0.0,"gold_gain":0.0,"event_name":"Living Wall","player_choice":"Grow","floor":5.0,"gold_loss":0.0,"damage_taken":0.0,"cards_upgraded":["Zap"]},{"damage_healed":0.0,"max_hp_gain":0.0,"max_hp_loss":0.0,"gold_gain":0.0,"event_name":"Golden Idol","player_choice":"Take Damage","floor":10.0,"gold_loss":0.0,"damage_taken":17.0,"relics_obtained":["Golden Idol"]},{"damage_healed":0,"gold_gain":0,"player_choice":"Fought Bandits","damage_taken":0,"max_hp_gain":0,"max_hp_loss":0,"event_name":"Masked Bandits","floor":20,"gold_loss":0}],"is_beta":false,"boss_relics":[{"not_picked":["Lizard Tail","Orrery"],"picked":"Eternal Feather"}],"items_purged_floors":[],"is_endless":false,"potions_floor_spawned":[2,13,16,18],"killed_by":"3 Cultists","ascension_level":14}