{"gold_per_floor":[112,112,37,55,72,72,36,36,36,54,66,81,97,113,113,217,217,142,155,173,191,43,43,57,57,57,27,27,42,42,42],"floor_reached":31,"playtime":1515,"items_purged":["Strike_R","Defend_R"],"score":295,"play_id":"a8c92068-e74e-4e6b-ae63-bf1af35f3363","local_time":"20190418232548","is_ascension_mode":true,"campfire_choices":[{"data":"Barricade","floor":6,"key":"SMITH"},{"data":"Metallicize","floor":8,"key":"SMITH"},{"floor":15,"key":"REST"},{"data":"Metallicize","floor":23,"key":"SMITH"},{"data":"Dual Wield","floor":25,"key":"SMITH"},{"data":"True Grit","floor":30,"key":"SMITH"}],"neow_cost":"NONE","seed_source_timestamp":217766374574755,"circlet_count":0,"master_deck":["Strike_R","Strike_R","Strike_R","Strike_R","Defend_R","Defend_R","Defend_R","Bash","True Grit+1","Barricade+1","Pummel","Dropkick","Metallicize+1","True Grit","Heavy Blade","Dual Wield+1","Metallicize+1","Body Slam","Flame Barrier","Heavy Blade"],"relics":["Burning Blood","Lantern","StoneCalendar","Busted Crown","Ornamental Fan"],"potions_floor_usage":[13,14,16,24,29,29],"damage_taken":[{"damage":0,"enemies":"Small Slimes","floor":1,"turns":2},{"damage":33,"enemies":"Cultist","floor":4,"turns":7},{"damage":11,"enemies":"2 Louse","floor":5,"turns":4},{"damage":8,"enemies":"2 Fungi Beasts","floor":10,"turns":7},{"damage":5,"enemies":"Blue Slaver","floor":11,"turns":7},{"damage":17,"enemies":"3 Louse","floor":12,"turns":7},{"damage":12,"enemies":"Gremlin Gang","floor":13,"turns":7},{"damage":19,"enemies":"Exordium Thugs","floor":14,"turns":7},{"damage":0,"enemies":"The Guardian","floor":16,"turns":15},{"damage":11,"enemies":"2 Thieves","floor":18,"turns":5},{"damage":10,"enemies":"3 Byrds","floor":19,"turns":7},{"damage":17,"enemies":"Centurion and Healer","floor":20,"turns":8},{"damage":12,"enemies":"Shelled Parasite and Fungi","floor":21,"turns":7},{"damage":32,"enemies":"Chosen and Byrds","floor":24,"turns":7},{"damage":15,"enemies":"Sentry and Sphere","floor":29,"turns":9},{"damage":27,"enemies":"Shelled Parasite and Fungi","floor":31,"turns":3}],"seed_played":"-3952943572598248370","potions_obtained":[{"floor":5,"key":"Block Potion"},{"floor":13,"key":"Fruit Juice"},{"floor":14,"key":"SkillPotion"},{"floor":24,"key":"Explosive Potion"},{"floor":27,"key":"EssenceOfSteel"},{"floor":27,"key":"Strength Potion"},{"floor":29,"key":"LiquidBronze"}],"is_trial":false,"path_per_floor":["M","?","$","M","M","R","$","R","T","M","M","M","M","M","R","B",null,"M","M","M","M","$","R","M","R","T","?","$","M","R","M"],"character_chosen":"IRONCLAD","items_purchased":["Metallicize","Poison Potion"],"campfire_rested":1,"item_purchase_floors":[7,22],"current_hp_per_floor":[80,80,80,53,48,48,48,48,48,46,47,36,30,22,47,53,85,80,76,65,59,59,59,33,33,33,33,33,24,24,0],"gold":42,"neow_bonus":"RANDOM_COMMON_RELIC","is_prod":false,"is_daily":false,"chose_seed":false,"campfire_upgraded":5,"win_rate":0,"timestamp":1555601148,"path_taken":["M","?","$","?","M","R","$","R","T","M","M","M","M","M","R","BOSS","M","M","M","M","$","R","M","R","T","?","$","?","R","M"],"build_version":"2019-01-23","purchased_purges":2,"victory":false,"max_hp_per_floor":[80,80,80,80,80,80,80,80,80,80,80,80,80,85,85,85,85,85,85,85,85,85,85,85,85,85,85,85,85,85,85],"card_choices":[{"not_picked":["Sword Boomerang","Wild Strike"],"picked":"True Grit","floor":1},{"not_picked":["Wild Strike","Power Through"],"picked":"Pummel","floor":4},{"not_picked":["Rage","Flex"],"picked":"Dropkick","floor":5},{"not_picked":["Anger","Clash"],"picked":"True Grit","floor":10},{"not_picked":["Reckless Charge","Thunderclap"],"picked":"Heavy Blade","floor":11},{"not_picked":["Wild Strike","Second Wind","Combust"],"picked":"SKIP","floor":12},{"not_picked":["Rage","Uppercut"],"picked":"Dual Wield","floor":13},{"not_picked":["Wild Strike","Whirlwind"],"picked":"Metallicize","floor":14},{"not_picked":["Rupture"],"picked":"SKIP","floor":18},{"not_picked":[],"picked":"Body Slam","floor":19},{"not_picked":[],"picked":"Flame Barrier","floor":20},{"not_picked":[],"picked":"Heavy Blade","floor":21},{"not_picked":["Havoc"],"picked":"SKIP","floor":24},{"not_picked":["Disarm"],"picked":"SKIP","floor":29}],"player_experience":71719,"relics_obtained":[{"floor":9,"key":"StoneCalendar"},{"floor":26,"key":"Ornamental Fan"}],"event_choices":[{"damage_healed":0,"gold_gain":0,"player_choice":"1 cards matched","damage_taken":0,"max_hp_gain":0,"max_hp_loss":0,"event_name":"Match and Keep!","floor":2,"gold_loss":0,"cards_obtained":["Barricade"]},{"damage_healed":0,"gold_gain":0,"player_choice":"Bought 2 Potions","damage_taken":0,"max_hp_gain":0,"max_hp_loss":0,"event_name":"The Woman in Blue","floor":27,"gold_loss":0}],"is_beta":false,"boss_relics":[{"not_picked":["Runic Pyramid","Pandora\u0027s Box"],"picked":"Busted Crown"}],"items_purged_floors":[3,22],"is_endless":false,"potions_floor_spawned":[5,13,14,24,29],"killed_by":"Shelled Parasite and Fungi","ascension_level":1}