{"gold_per_floor":[359,376,391,72,92,92,58,93,93,93,104,104,104,120,120,216,216,226,226,226,226,226,226,199,210,237,257,307,21,21,35,35,35],"floor_reached":33,"playtime":10382,"items_purged":["Regret"],"score":371,"play_id":"52f89a44-7ade-4487-9d69-038727f26eaa","local_time":"20190805193500","is_ascension_mode":true,"campfire_choices":[{"data":"Uppercut","floor":6,"key":"SMITH"},{"data":"Armaments","floor":10,"key":"SMITH"},{"floor":13,"key":"REST"},{"data":"Demon Form","floor":15,"key":"SMITH"},{"data":"Barricade","floor":23,"key":"SMITH"},{"data":"Bash","floor":30,"key":"SMITH"},{"floor":32,"key":"REST"}],"neow_cost":"CURSE","seed_source_timestamp":6315949915017130,"circlet_count":0,"master_deck":["Defend_R","Defend_R","Defend_R","Defend_R","Bash+1","Body Slam+1","Shrug It Off","Uppercut+1","Armaments+1","Demon Form+1","True Grit+1","Disarm+1","Barricade+1","Flame Barrier+1","Shrug It Off+1","Warcry+1","Second Wind+1","Shrug It Off+1","Bite+1","Bite+1","Bite+1","Bite+1","Bite+1","Feed+1","Power Through+1","Pummel+1","Burning Pact+1"],"relics":["Burning Blood","Whetstone","Molten Egg 2","Toxic Egg 2","Orrery","Omamori","Anchor","Red Skull","Paper Frog"],"potions_floor_usage":[11,31,33,33],"damage_taken":[{"damage":7,"enemies":"2 Louse","floor":1,"turns":4},{"damage":0,"enemies":"Small Slimes","floor":2,"turns":3},{"damage":12,"enemies":"Cultist","floor":3,"turns":4},{"damage":0,"enemies":"Large Slime","floor":5,"turns":5},{"damage":36,"enemies":"3 Sentries","floor":8,"turns":11},{"damage":32,"enemies":"Exordium Thugs","floor":11,"turns":7},{"damage":8,"enemies":"3 Louse","floor":14,"turns":3},{"damage":38,"enemies":"Slime Boss","floor":16,"turns":10},{"damage":24,"enemies":"Spheric Guardian","floor":18,"turns":6},{"damage":14,"enemies":"2 Thieves","floor":24,"turns":5},{"damage":3,"enemies":"Cultist and Chosen","floor":25,"turns":13},{"damage":31,"enemies":"3 Cultists","floor":27,"turns":9},{"damage":17,"enemies":"Snake Plant","floor":31,"turns":6},{"damage":79,"enemies":"Collector","floor":33,"turns":6}],"seed_played":"7411079817044657264","potions_obtained":[{"floor":1,"key":"LiquidBronze"},{"floor":3,"key":"Dexterity Potion"},{"floor":8,"key":"BloodPotion"},{"floor":14,"key":"Ancient Potion"},{"floor":27,"key":"PowerPotion"}],"is_trial":false,"path_per_floor":["M","M","M","$","M","R","?","E","T","R","M","?","R","M","R","B",null,"M","?","?","?","?","R","M","M","T","M","?","$","R","M","R","B"],"character_chosen":"IRONCLAD","items_purchased":["Uppercut","Whetstone","Armaments","Paper Frog","Burning Pact+1"],"campfire_rested":2,"item_purchase_floors":[4,4,4,29,29],"current_hp_per_floor":[71,77,71,71,77,77,77,47,47,47,41,41,65,63,63,31,68,50,50,50,41,41,41,51,65,65,46,46,46,46,47,65,0],"gold":35,"neow_bonus":"TWO_FIFTY_GOLD","is_prod":false,"is_daily":false,"chose_seed":false,"campfire_upgraded":5,"win_rate":0,"timestamp":1565055300,"path_taken":["M","M","M","$","M","R","?","E","T","R","M","?","R","M","R","BOSS","M","?","?","?","?","R","M","M","T","?","?","$","R","M","R","BOSS"],"build_version":"2019-07-17","purchased_purges":1,"victory":false,"max_hp_per_floor":[80,80,80,80,80,80,80,80,80,80,80,80,80,80,80,80,80,80,56,56,61,61,61,61,65,65,65,65,65,65,65,65,65],"card_choices":[{"not_picked":["Perfected Strike","Twin Strike"],"picked":"Body Slam","floor":1},{"not_picked":["Wild Strike","Rage","Thunderclap"],"picked":"SKIP","floor":2},{"not_picked":["Fiend Fire","Havoc"],"picked":"Shrug It Off","floor":3},{"not_picked":["Headbutt","Hemokinesis","Heavy Blade"],"picked":"SKIP","floor":5},{"not_picked":["Sword Boomerang","Brutality"],"picked":"Demon Form","floor":8},{"not_picked":["Twin Strike+1","Hemokinesis+1"],"picked":"True Grit+1","floor":11},{"not_picked":["Cleave+1","Rage+1"],"picked":"Disarm+1","floor":14},{"not_picked":["Limit Break+1","Feed+1"],"picked":"Barricade","floor":16},{"not_picked":["Shrug It Off+1","Thunderclap+1"],"picked":"Flame Barrier+1","floor":17},{"not_picked":["Fiend Fire+1","Clothesline+1"],"picked":"Shrug It Off+1","floor":17},{"not_picked":["Disarm+1","Sword Boomerang+1"],"picked":"Warcry+1","floor":17},{"not_picked":["True Grit+1","Flex+1"],"picked":"Second Wind+1","floor":17},{"not_picked":["Perfected Strike+1","Carnage+1"],"picked":"Shrug It Off+1","floor":18},{"not_picked":["Wild Strike+1","Spot Weakness+1"],"picked":"Feed+1","floor":24},{"not_picked":["Rampage+1","Sever Soul+1"],"picked":"Power Through+1","floor":25},{"not_picked":["Dropkick+1","Rampage+1"],"picked":"Pummel+1","floor":27},{"not_picked":["Pommel Strike+1","Clothesline+1","Clash+1"],"picked":"SKIP","floor":31}],"player_experience":2128822,"relics_obtained":[{"floor":8,"key":"Molten Egg 2"},{"floor":9,"key":"Toxic Egg 2"},{"floor":26,"key":"Red Skull"}],"event_choices":[{"damage_healed":0,"gold_gain":0,"player_choice":"Left Gold","damage_taken":0,"max_hp_gain":0,"max_hp_loss":0,"event_name":"World of Goop","floor":7,"gold_loss":34},{"damage_healed":0,"gold_gain":0,"player_choice":"Ignored","damage_taken":0,"max_hp_gain":0,"max_hp_loss":0,"event_name":"Liars Game","floor":12,"gold_loss":0},{"damage_healed":0,"gold_gain":0,"player_choice":"Became a vampire","damage_taken":0,"max_hp_gain":0,"max_hp_loss":24,"event_name":"Vampires","floor":19,"gold_loss":0,"cards_obtained":["Bite","Bite","Bite","Bite","Bite"]},{"damage_healed":0,"gold_gain":0,"player_choice":"Opened","damage_taken":0,"relics_obtained":["Omamori"],"max_hp_gain":0,"max_hp_loss":0,"event_name":"The Mausoleum","floor":20,"gold_loss":0},{"damage_healed":0,"gold_gain":0,"player_choice":"Shed Blood","damage_taken":14,"max_hp_gain":5,"max_hp_loss":0,"event_name":"Forgotten Altar","floor":21,"gold_loss":0},{"damage_healed":0,"gold_gain":0,"player_choice":"Gave Potion","damage_taken":0,"relics_obtained":["Anchor"],"max_hp_gain":0,"max_hp_loss":0,"event_name":"WeMeetAgain","floor":22,"gold_loss":0},{"damage_healed":0,"gold_gain":100,"player_choice":"Bet on Murderer","damage_taken":0,"max_hp_gain":0,"max_hp_loss":0,"event_name":"The Joust","floor":28,"gold_loss":50}],"is_beta":false,"boss_relics":[{"not_picked":["Runic Cube","Lizard Tail"],"picked":"Orrery"}],"items_purged_floors":[4],"is_endless":false,"potions_floor_spawned":[1,3,8,14,27],"killed_by":"Collector","ascension_level":8}