{"gold_per_floor":[116,191,291,305,319,347,297,312,358,56,66,80,80,112,112,213,213,233,249,249,263,263,263,297,316,386,406,423,23,37,62,62,165,165,179,199,74,85,85,117,129,154,154,180,0,100,100,127,127,127],"floor_reached":51,"playtime":5741,"items_purged":["Defend_B","Strike_B","Strike_B"],"score":1080,"play_id":"2507a7ed-db70-4658-a67b-0657edfd24ec","local_time":"20181207210535","is_ascension_mode":true,"campfire_choices":[{"floor":13.0,"key":"REST"},{"data":"Defragment","floor":15.0,"key":"SMITH"},{"data":"Dualcast","floor":23.0,"key":"SMITH"},{"data":"Seek","floor":32,"key":"SMITH"},{"data":"Buffer","floor":47,"key":"SMITH"},{"data":"Sunder","floor":49,"key":"SMITH"}],"neow_cost":"NONE","seed_source_timestamp":0,"circlet_count":0,"master_deck":["Strike_B","Defend_B","Defend_B","Zap","Dualcast+1","Ball Lightning","Barrage+1","Hologram","Glacier","Reinforced Body","Defragment+1","White Noise","Self Repair","Self Repair","Seek+1","Sunder+1","Glacier","Go for the Eyes","Stack+1","Conserve Battery","Genetic Algorithm","Compile Driver","Seek","Buffer+1","Barrage+1","Parasite","Reprogram","Thinking Ahead","Cold Snap+1","Echo Form+1"],"special_seed":0,"relics":["Cracked Core","NeowsBlessing","Meat on the Bone","Happy Flower","DataDisk","Dream Catcher","Velvet Choker","Mercury Hourglass","Blue Candle","PreservedInsect","Oddly Smooth Stone","Centennial Puzzle","Nuclear Battery","Symbiotic Virus","Blood Vial","Frozen Egg 2","Bottled Tornado","Red Mask","StoneCalendar","Incense Burner"],"potions_floor_usage":[30,31,33,36,40,40,50,50,50],"damage_taken":[{"damage":0.0,"enemies":"Cultist","floor":1.0,"turns":1.0},{"damage":0.0,"enemies":"Jaw Worm","floor":4.0,"turns":1.0},{"damage":0.0,"enemies":"Small Slimes","floor":5.0,"turns":1.0},{"damage":10.0,"enemies":"Gremlin Nob","floor":6.0,"turns":3.0},{"damage":19.0,"enemies":"Gremlin Gang","floor":8.0,"turns":5.0},{"damage":6.0,"enemies":"Looter","floor":11.0,"turns":2.0},{"damage":21.0,"enemies":"Lots of Slimes","floor":12.0,"turns":4.0},{"damage":20.0,"enemies":"Lagavulin","floor":14.0,"turns":7.0},{"damage":0.0,"enemies":"The Guardian","floor":16.0,"turns":10.0},{"damage":7.0,"enemies":"Chosen","floor":18.0,"turns":5.0},{"damage":15.0,"enemies":"Shell Parasite","floor":19.0,"turns":4.0},{"damage":4.0,"enemies":"Centurion and Healer","floor":21.0,"turns":6.0},{"damage":23.0,"enemies":"Gremlin Leader","floor":24.0,"turns":7.0},{"damage":10.0,"enemies":"Shelled Parasite and Fungi","floor":25.0,"turns":6.0},{"damage":6.0,"enemies":"Cultist and Chosen","floor":27.0,"turns":6.0},{"damage":5,"enemies":"Chosen and Byrds","floor":28,"turns":4},{"damage":4,"enemies":"Snake Plant","floor":30,"turns":2},{"damage":11,"enemies":"Slavers","floor":31,"turns":3},{"damage":16,"enemies":"Automaton","floor":33,"turns":10},{"damage":10,"enemies":"3 Shapes","floor":35,"turns":3},{"damage":8,"enemies":"3 Darklings","floor":36,"turns":6},{"damage":16,"enemies":"Writhing Mass","floor":38,"turns":7},{"damage":3,"enemies":"Nemesis","floor":40,"turns":7},{"damage":3,"enemies":"Sphere and 2 Shapes","floor":41,"turns":4},{"damage":15,"enemies":"Reptomancer","floor":42,"turns":6},{"damage":15,"enemies":"Nemesis","floor":44,"turns":5},{"damage":9,"enemies":"Mind Bloom Boss Battle","floor":46,"turns":6},{"damage":1,"enemies":"Giant Head","floor":48,"turns":8},{"damage":28,"enemies":"Time Eater","floor":50,"turns":10}],"seed_played":"6277452543737211768","potions_obtained":[{"floor":1.0,"key":"Explosive Potion"},{"floor":5.0,"key":"FocusPotion"},{"floor":11.0,"key":"SteroidPotion"},{"floor":14.0,"key":"Energy Potion"},{"floor":19.0,"key":"Swift Potion"},{"floor":24.0,"key":"Ancient Potion"},{"floor":27.0,"key":"Weak Potion"},{"floor":28,"key":"Weak Potion"},{"floor":31,"key":"SkillPotion"},{"floor":33,"key":"Poison Potion"},{"floor":35,"key":"Dexterity Potion"},{"floor":38,"key":"PowerPotion"},{"floor":46,"key":"Weak Potion"},{"floor":48,"key":"Fire Potion"}],"is_trial":false,"path_per_floor":["M","?","?","M","M","E","?","M","T","$","M","M","R","E","R","B",null,"M","M","?","M","?","R","E","M","T","M","M","$","M","E","R","B",null,"M","M","$","M","?","E","M","E","T","E","?","?","R","E","R","B",null],"character_chosen":"DEFECT","items_purchased":["Defragment","DataDisk","PreservedInsect","Oddly Smooth Stone"],"campfire_rested":1,"item_purchase_floors":[10,10,29,29],"current_hp_per_floor":[75,64,64,64,64,54,54,47,47,47,41,32,54,53,53,67,73,75,67,67,75,75,75,66,70,70,75,75,75,71,74,74,72,74,71,75,75,73,73,75,75,67,67,68,68,75,75,75,75,47],"gold":127,"neow_bonus":"THREE_ENEMY_KILL","is_prod":false,"is_daily":false,"chose_seed":false,"campfire_upgraded":5,"win_rate":0,"timestamp":1544234735,"path_taken":["M","?","?","M","?","E","?","M","T","$","M","M","R","E","R","BOSS","M","M","?","?","?","R","E","M","T","M","?","$","M","E","R","BOSS","M","M","$","M","?","E","M","E","T","E","?","?","R","E","R","BOSS"],"build_version":"2018-11-15","purchased_purges":3,"victory":true,"max_hp_per_floor":[75,75,75,75,75,75,75,75,75,75,75,75,75,75,75,75,75,75,75,75,75,75,75,75,75,75,75,75,75,75,75,75,75,75,75,75,75,75,75,75,75,75,75,75,75,75,75,75,75,75],"card_choices":[{"not_picked":["Tempest","Skim"],"picked":"Ball Lightning","floor":1.0},{"not_picked":["Redo","Streamline"],"picked":"Barrage","floor":4.0},{"not_picked":["Double Energy","Genetic Algorithm"],"picked":"Hologram","floor":5.0},{"not_picked":["Chill","Cold Snap"],"picked":"Glacier","floor":6.0},{"not_picked":["Rebound","Stack"],"picked":"Reinforced Body","floor":8.0},{"not_picked":["Redo","Coolheaded"],"picked":"White Noise","floor":11.0},{"not_picked":["Force Field","Doom and Gloom"],"picked":"Self Repair","floor":12.0},{"not_picked":["Steam","Compile Driver"],"picked":"Self Repair","floor":14.0},{"not_picked":["Reboot","Amplify"],"picked":"Seek","floor":16.0},{"not_picked":["Turbo+1","Blizzard"],"picked":"Sunder","floor":18.0},{"not_picked":["Gash+1","Compile Driver"],"picked":"Glacier","floor":19.0},{"not_picked":["Compile Driver+1","Scrape+1"],"picked":"Go for the Eyes","floor":21.0},{"not_picked":["Steam Power","Hyperbeam"],"picked":"Stack+1","floor":24.0},{"not_picked":["Beam Cell","Chaos+1","Sweeping Beam"],"picked":"SKIP","floor":25.0},{"not_picked":["Go for the Eyes","Sweeping Beam"],"picked":"Conserve Battery","floor":27.0},{"not_picked":["Ball Lightning","Steam+1"],"picked":"Genetic Algorithm","floor":28},{"not_picked":["Stack","Scrape"],"picked":"Compile Driver","floor":30},{"not_picked":["Compile Driver","Steam+1"],"picked":"Seek","floor":31},{"not_picked":["Amplify","Hyperbeam"],"picked":"Buffer","floor":33},{"not_picked":["Streamline","Barrage+1","Ball Lightning"],"picked":"SKIP","floor":35},{"not_picked":["Gash","Beam Cell"],"picked":"Barrage+1","floor":36},{"not_picked":["Compile Driver+1","Storm+1"],"picked":"Reprogram","floor":38},{"not_picked":["Jack Of All Trades","Enlightenment"],"picked":"Thinking Ahead","floor":39},{"not_picked":["Redo+1","Turbo+1"],"picked":"Cold Snap+1","floor":40},{"not_picked":["Barrage","Sweeping Beam","Consume+1"],"picked":"SKIP","floor":41},{"not_picked":["Stack","Coolheaded+1","Double Energy+1"],"picked":"SKIP","floor":42},{"not_picked":["Turbo+1","Storm+1","Leap"],"picked":"SKIP","floor":44},{"not_picked":["Beam Cell","Genetic Algorithm+1"],"picked":"Echo Form+1","floor":46},{"not_picked":["Undo+1","Barrage+1","Blizzard"],"picked":"SKIP","floor":48}],"player_experience":379072,"relics_obtained":[{"floor":6.0,"key":"Meat on the Bone"},{"floor":9.0,"key":"Happy Flower"},{"floor":14.0,"key":"Dream Catcher"},{"floor":24.0,"key":"Mercury Hourglass"},{"floor":26.0,"key":"Blue Candle"},{"floor":31,"key":"Centennial Puzzle"},{"floor":40,"key":"Symbiotic Virus"},{"floor":42,"key":"Blood Vial"},{"floor":43,"key":"Frozen Egg 2"},{"floor":44,"key":"Bottled Tornado"},{"floor":46,"key":"StoneCalendar"},{"floor":48,"key":"Incense Burner"}],"event_choices":[{"damage_healed":0.0,"max_hp_gain":0.0,"max_hp_loss":0.0,"gold_gain":75.0,"event_name":"World of Goop","player_choice":"Gather Gold","floor":2.0,"gold_loss":0.0,"damage_taken":11.0},{"damage_healed":0.0,"max_hp_gain":0.0,"max_hp_loss":0.0,"gold_gain":100.0,"event_name":"Golden Shrine","player_choice":"Pray","floor":3.0,"gold_loss":0.0,"damage_taken":0.0},{"cards_removed":["Strike_B"],"damage_healed":0.0,"max_hp_gain":0.0,"max_hp_loss":0.0,"gold_gain":0.0,"event_name":"The Cleric","player_choice":"Card Removal","floor":7.0,"gold_loss":50.0,"damage_taken":0.0},{"damage_healed":0.0,"max_hp_gain":0.0,"max_hp_loss":0.0,"gold_gain":0.0,"event_name":"Accursed Blacksmith","player_choice":"Forge","floor":20.0,"gold_loss":0.0,"damage_taken":0.0,"cards_upgraded":["Barrage"]},{"cards_removed":["Defend_B"],"damage_healed":0.0,"max_hp_gain":0.0,"max_hp_loss":0.0,"gold_gain":0.0,"event_name":"Bonfire Elementals","player_choice":"Offered Basic","floor":22.0,"gold_loss":0.0,"damage_taken":0.0},{"damage_healed":0,"gold_gain":0,"player_choice":"Memory 1","damage_taken":0,"max_hp_gain":0,"max_hp_loss":0,"event_name":"SensoryStone","floor":39,"gold_loss":0},{"damage_healed":0,"gold_gain":0,"player_choice":"Paid","damage_taken":0,"relics_obtained":["Red Mask"],"max_hp_gain":0,"max_hp_loss":0,"event_name":"Tomb of Lord Red Mask","floor":45,"gold_loss":180},{"damage_healed":0,"gold_gain":0,"player_choice":"Fight","damage_taken":0,"max_hp_gain":0,"max_hp_loss":0,"event_name":"MindBloom","floor":46,"gold_loss":0}],"is_beta":false,"boss_relics":[{"not_picked":["Black Star","Calling Bell"],"picked":"Velvet Choker"},{"not_picked":["Cursed Key","Lizard Tail"],"picked":"Nuclear Battery"}],"items_purged_floors":[10,29,37],"is_endless":false,"potions_floor_spawned":[1,5,11,14,19,24,27,28,31,33,35,38,46,48],"ascension_level":5}