{"gold_per_floor":[16,28,44,44,58,58,75,92,92,109,124,57,71,48,48,148,148,160,172,172,23,23,23,123,134,157,177,187,204,0,12,12,12],"floor_reached":33,"playtime":4192,"items_purged":[],"score":383,"play_id":"e51b7f6f-c87a-4e08-8f84-012b155b3b4e","local_time":"20181213165333","is_ascension_mode":true,"campfire_choices":[{"floor":6.0,"key":"REST"},{"floor":15.0,"key":"REST"},{"data":"Bite","floor":23.0,"key":"SMITH"},{"floor":32.0,"key":"REST"}],"neow_cost":"NO_GOLD","seed_source_timestamp":0,"circlet_count":0,"master_deck":["Defend_G","Defend_G","Defend_G","Defend_G","Defend_G","Survivor","Neutralize","Envenom","Blur","Sucker Punch","Backflip","Acrobatics","Bouncing Flask","Cloak And Dagger","Footwork+1","Underhanded Strike","Noxious Fumes+1","Cloak And Dagger","PiercingWail","Bullet Time","Tactician","Infinite Blades+1","Bite+1","Bite","Bite","Bite","Bite","Necronomicurse","Acrobatics+1","Regret","Flechettes+1","Dagger Throw+1","Blade Dance"],"special_seed":0,"relics":["Ring of the Snake","Frozen Egg 2","Meat on the Bone","Cursed Key","Happy Flower","Necronomicon","Strawberry"],"potions_floor_usage":[33],"damage_taken":[{"damage":5.0,"enemies":"Jaw Worm","floor":1.0,"turns":4.0},{"damage":7.0,"enemies":"2 Louse","floor":2.0,"turns":4.0},{"damage":0.0,"enemies":"Small Slimes","floor":3.0,"turns":3.0},{"damage":13.0,"enemies":"Gremlin Gang","floor":5.0,"turns":8.0},{"damage":3.0,"enemies":"Looter","floor":7.0,"turns":4.0},{"damage":2.0,"enemies":"Exordium Wildlife","floor":8.0,"turns":3.0},{"damage":0.0,"enemies":"3 Louse","floor":10.0,"turns":3.0},{"damage":13.0,"enemies":"Exordium Thugs","floor":11.0,"turns":8.0},{"damage":3.0,"enemies":"Large Slime","floor":13.0,"turns":10.0},{"damage":7.0,"enemies":"Hexaghost","floor":16.0,"turns":11.0},{"damage":16.0,"enemies":"Spheric Guardian","floor":18.0,"turns":4.0},{"damage":3.0,"enemies":"Shell Parasite","floor":19.0,"turns":7.0},{"damage":20.0,"enemies":"Snecko","floor":25.0,"turns":7.0},{"damage":12.0,"enemies":"Snake Plant","floor":27.0,"turns":5.0},{"damage":29.0,"enemies":"3 Cultists","floor":28.0,"turns":5.0},{"damage":38.0,"enemies":"Cultist and Chosen","floor":29.0,"turns":6.0},{"damage":17.0,"enemies":"Sentry and Sphere","floor":31.0,"turns":7.0},{"damage":73,"enemies":"Champ","floor":33,"turns":13}],"seed_played":"3901239754513684304","potions_obtained":[{"floor":2.0,"key":"AttackPotion"},{"floor":3.0,"key":"SkillPotion"},{"floor":8.0,"key":"FairyPotion"},{"floor":11.0,"key":"Fire Potion"},{"floor":16.0,"key":"AttackPotion"},{"floor":25.0,"key":"Poison Potion"},{"floor":27.0,"key":"SkillPotion"},{"floor":29.0,"key":"PowerPotion"}],"is_trial":false,"path_per_floor":["M","M","M","?","M","R","M","M","T","M","M","$","M","$","R","B",null,"M","M","?","$","?","R","?","M","T","M","M","M","?","M","R","B"],"character_chosen":"THE_SILENT","items_purchased":["Noxious Fumes+1","PiercingWail","Happy Flower"],"campfire_rested":3,"item_purchase_floors":[12,14,21],"current_hp_per_floor":[58,51,51,44,31,52,49,47,47,47,46,46,43,43,64,57,67,51,48,48,48,32,32,32,32,39,38,29,21,21,29,45,0],"gold":12,"neow_bonus":"THREE_RARE_CARDS","is_prod":false,"is_daily":false,"chose_seed":false,"campfire_upgraded":1,"win_rate":0,"timestamp":1544748813,"path_taken":["M","M","M","?","M","R","M","M","T","M","M","$","M","$","R","BOSS","M","M","?","$","?","R","?","M","T","M","M","?","?","M","R","BOSS"],"build_version":"2018-12-13","purchased_purges":0,"victory":false,"max_hp_per_floor":[70,70,70,70,70,70,70,70,70,70,70,70,70,70,70,70,70,70,70,49,49,49,49,49,49,56,56,56,56,56,56,56,56],"card_choices":[{"not_picked":["Bullet Time","Night Terror"],"picked":"Envenom","floor":0.0},{"not_picked":["Dagger Spray","Flechettes"],"picked":"Blur","floor":1.0},{"not_picked":["Flechettes","Dagger Spray"],"picked":"Sucker Punch","floor":2.0},{"not_picked":["Dagger Spray","Deflect"],"picked":"Backflip","floor":3.0},{"not_picked":["Outmaneuver","Calculated Gamble"],"picked":"Acrobatics","floor":5.0},{"not_picked":["Flying Knee","Slice"],"picked":"Bouncing Flask","floor":7.0},{"not_picked":["Bane","Prepared"],"picked":"Cloak And Dagger","floor":8.0},{"not_picked":["Corpse Explosion","Underhanded Strike"],"picked":"Footwork+1","floor":10.0},{"not_picked":["Outmaneuver","Sucker Punch"],"picked":"Underhanded Strike","floor":11.0},{"not_picked":["Flechettes","Bullet Time"],"picked":"Cloak And Dagger","floor":13.0},{"not_picked":["Unload","Grand Finale"],"picked":"Bullet Time","floor":16.0},{"not_picked":["Choke","Quick Slash"],"picked":"Tactician","floor":18.0},{"not_picked":["Blade Dance","Acrobatics"],"picked":"Infinite Blades+1","floor":19.0},{"not_picked":["Deflect","Bullet Time"],"picked":"Acrobatics+1","floor":25.0},{"not_picked":["Sucker Punch+1","Concentrate"],"picked":"Flechettes+1","floor":27.0},{"not_picked":["Slice+1","Acrobatics","Bullet Time"],"picked":"SKIP","floor":28.0},{"not_picked":["Noxious Fumes+1","Dagger Spray"],"picked":"Dagger Throw+1","floor":29.0},{"not_picked":["Deflect","Expertise"],"picked":"Blade Dance","floor":31.0}],"player_experience":415222,"relics_obtained":[{"floor":9.0,"key":"Meat on the Bone"},{"floor":22.0,"key":"Necronomicon"},{"floor":26.0,"key":"Strawberry"}],"event_choices":[{"damage_healed":0.0,"max_hp_gain":0.0,"max_hp_loss":0.0,"gold_gain":0.0,"event_name":"Scrap Ooze","player_choice":"Success","floor":4.0,"gold_loss":0.0,"damage_taken":7.0,"relics_obtained":["Frozen Egg 2"]},{"damage_healed":0.0,"max_hp_gain":0.0,"max_hp_loss":21.0,"gold_gain":0.0,"event_name":"Vampires","player_choice":"Became a vampire","floor":20.0,"gold_loss":0.0,"damage_taken":0.0,"cards_obtained":["Bite","Bite","Bite","Bite","Bite"]},{"damage_healed":0.0,"max_hp_gain":0.0,"max_hp_loss":0.0,"gold_gain":0.0,"event_name":"Cursed Tome","player_choice":"Obtained Book","floor":22.0,"gold_loss":0.0,"damage_taken":16.0},{"damage_healed":0.0,"max_hp_gain":0.0,"max_hp_loss":0.0,"gold_gain":100.0,"event_name":"Golden Shrine","player_choice":"Pray","floor":24.0,"gold_loss":0.0,"damage_taken":0.0},{"damage_healed":0.0,"max_hp_gain":0.0,"max_hp_loss":0.0,"gold_gain":0.0,"event_name":"Masked Bandits","player_choice":"Paid Fearfully","floor":30.0,"gold_loss":204.0,"damage_taken":0.0}],"is_beta":false,"boss_relics":[{"not_picked":["Eternal Feather","Tiny House"],"picked":"Cursed Key"}],"items_purged_floors":[],"is_endless":false,"potions_floor_spawned":[2,3,8,11,16,25,27,29],"killed_by":"Champ","ascension_level":9}