{"gold_per_floor":[99,114,128,98,98,98,132,132,155,56,68,68,81,115,115,216,216,234,4,4,15,15,49,49,49,49,64,64,10,29,40,40,145,145,163,163,35,35],"floor_reached":38,"playtime":1932,"items_purged":["Strike_G","Strike_G"],"score":427,"play_id":"984fda9e-2c15-4022-8472-abede92859f6","local_time":"20190410203208","is_ascension_mode":false,"campfire_choices":[{"data":"Noxious Fumes","floor":6,"key":"SMITH"},{"data":"Poisoned Stab","floor":8,"key":"SMITH"},{"data":"Crippling Poison","floor":12,"key":"SMITH"},{"data":"Blur","floor":15,"key":"SMITH"},{"floor":24,"key":"REST"},{"floor":28,"key":"REST"},{"floor":32,"key":"REST"}],"neow_cost":"NONE","seed_source_timestamp":295172355139431,"circlet_count":0,"master_deck":["Defend_G+1","Defend_G","Defend_G","Defend_G","Defend_G","Survivor+1","Neutralize","Noxious Fumes+1","Deflect","Crippling Poison+1","Calculated Gamble","Backflip","Backflip","Blur+1","Envenom","Dash","Prepared","Deflect","Deflect","Caltrops","Dodge and Roll","Crippling Poison+1","Blur","Dagger Spray","Crippling Poison","Deflect","Deflect+1","Deadly Poison","Envenom","Poisoned Stab","Footwork","Deflect"],"relics":["Ring of the Serpent","NeowsBlessing","War Paint","Centennial Puzzle","Strawberry","Orrery","WingedGreaves","Bag of Marbles"],"potions_floor_usage":[27,27,35],"damage_taken":[{"damage":0,"enemies":"Jaw Worm","floor":1,"turns":1},{"damage":0,"enemies":"Cultist","floor":2,"turns":1},{"damage":1,"enemies":"2 Louse","floor":3,"turns":2},{"damage":0,"enemies":"Looter","floor":4,"turns":4},{"damage":7,"enemies":"3 Sentries","floor":7,"turns":6},{"damage":7,"enemies":"Large Slime","floor":11,"turns":7},{"damage":8,"enemies":"Gremlin Gang","floor":13,"turns":4},{"damage":13,"enemies":"Lagavulin","floor":14,"turns":6},{"damage":6,"enemies":"Hexaghost","floor":16,"turns":9},{"damage":1,"enemies":"Shell Parasite","floor":18,"turns":6},{"damage":23,"enemies":"2 Thieves","floor":21,"turns":4},{"damage":37,"enemies":"Gremlin Leader","floor":23,"turns":7},{"damage":25,"enemies":"3 Cultists","floor":27,"turns":6},{"damage":13,"enemies":"Sentry and Sphere","floor":30,"turns":4},{"damage":1,"enemies":"Centurion and Healer","floor":31,"turns":7},{"damage":1,"enemies":"Automaton","floor":33,"turns":10},{"damage":39,"enemies":"3 Darklings","floor":35,"turns":13},{"damage":47,"enemies":"3 Shapes","floor":38,"turns":6}],"seed_played":"-3494843914155274167","potions_obtained":[{"floor":3,"key":"Regen Potion"},{"floor":7,"key":"EssenceOfSteel"},{"floor":11,"key":"AttackPotion"},{"floor":14,"key":"Fruit Juice"},{"floor":33,"key":"Swift Potion"},{"floor":35,"key":"GamblersBrew"}],"is_trial":false,"path_per_floor":["M","M","M","M","?","R","E","R","T","$","M","R","M","E","R","B",null,"M","$","?","M","?","E","R","?","T","M","R","$","M","M","R","B",null,"M","?","$","M"],"character_chosen":"THE_SILENT","items_purchased":["Backflip","Caltrops","Dodge and Roll","Deflect","Footwork","Deflect"],"campfire_rested":3,"item_purchase_floors":[10,19,19,29,37,37],"current_hp_per_floor":[70,70,69,69,69,69,62,62,62,62,55,55,47,41,41,35,77,76,76,76,53,53,16,39,39,39,24,48,48,35,34,58,57,82,43,43,43,0],"gold":35,"neow_bonus":"THREE_ENEMY_KILL","is_prod":false,"is_daily":false,"chose_seed":false,"campfire_upgraded":4,"win_rate":0.0,"timestamp":1554899528,"path_taken":["M","M","M","M","?","R","E","R","T","$","M","R","M","E","R","BOSS","M","$","?","M","?","E","R","?","T","M","R","$","M","M","R","BOSS","M","?","$","M"],"build_version":"2019-01-23","purchased_purges":2,"victory":false,"max_hp_per_floor":[70,70,70,70,70,70,70,70,70,70,70,70,70,77,77,77,77,77,77,77,77,77,77,77,77,77,82,82,82,82,82,82,82,82,82,82,82,82],"card_choices":[{"not_picked":["Dagger Throw","Crippling Poison"],"picked":"Noxious Fumes","floor":1},{"not_picked":["Eviscerate","Reflex"],"picked":"Deflect","floor":2},{"not_picked":["Dagger Spray","Acrobatics"],"picked":"Crippling Poison","floor":3},{"not_picked":["PiercingWail","Malaise"],"picked":"Poisoned Stab","floor":4},{"not_picked":["Acrobatics","Skewer"],"picked":"Calculated Gamble","floor":7},{"not_picked":["Underhanded Strike","Distraction","Blade Dance"],"picked":"SKIP","floor":11},{"not_picked":["Dagger Spray","Tactician"],"picked":"Backflip","floor":13},{"not_picked":["Dodge and Roll","Well Laid Plans"],"picked":"Blur","floor":14},{"not_picked":["Adrenaline","Doppelganger"],"picked":"Envenom","floor":16},{"not_picked":["Dagger Spray","Blade Dance"],"picked":"Dash","floor":17},{"not_picked":["Underhanded Strike","Predator"],"picked":"Prepared","floor":17},{"not_picked":["Backflip","Sucker Punch"],"picked":"Deflect","floor":17},{"not_picked":["Sucker Punch","Heel Hook"],"picked":"Deflect","floor":17},{"not_picked":["Unload","Masterful Stab","Sucker Punch"],"picked":"SKIP","floor":18},{"not_picked":["Infinite Blades","Deflect"],"picked":"Crippling Poison+1","floor":21},{"not_picked":["Masterful Stab","Reflex+1","Slice"],"picked":"SKIP","floor":23},{"not_picked":["Escape Plan","Slice"],"picked":"Crippling Poison","floor":27},{"not_picked":["Calculated Gamble+1","Endless Agony"],"picked":"Deflect+1","floor":30},{"not_picked":["PiercingWail","Underhanded Strike+1"],"picked":"Deadly Poison","floor":31},{"not_picked":["Doppelganger","Die Die Die"],"picked":"Envenom","floor":33},{"not_picked":["Expertise","Slice+1"],"picked":"Poisoned Stab","floor":35}],"player_experience":5670,"relics_obtained":[{"floor":7,"key":"War Paint"},{"floor":9,"key":"Centennial Puzzle"},{"floor":14,"key":"Strawberry"},{"floor":23,"key":"WingedGreaves"},{"floor":26,"key":"Bag of Marbles"}],"event_choices":[{"cards_removed":["Strike_G"],"damage_healed":0,"gold_gain":0,"player_choice":"Offered Basic","damage_taken":0,"max_hp_gain":0,"max_hp_loss":0,"event_name":"Bonfire Elementals","floor":5,"gold_loss":0},{"damage_healed":0,"gold_gain":0,"player_choice":"Ignored","damage_taken":0,"max_hp_gain":0,"max_hp_loss":0,"event_name":"Cursed Tome","floor":20,"gold_loss":0},{"damage_healed":0,"gold_gain":0,"cards_transformed":["Strike_G","Strike_G"],"player_choice":"Became Test Subject","damage_taken":0,"max_hp_gain":0,"max_hp_loss":0,"event_name":"Drug Dealer","floor":22,"gold_loss":0,"cards_obtained":["Blur","Dagger Spray"]},{"cards_removed":["Poisoned Stab"],"damage_healed":0,"gold_gain":0,"player_choice":"Removed Attack","damage_taken":0,"max_hp_gain":0,"max_hp_loss":0,"event_name":"Falling","floor":36,"gold_loss":0}],"is_beta":false,"boss_relics":[{"not_picked":["WristBlade","White Beast Statue"],"picked":"Orrery"},{"not_picked":["Tiny House","Fusion Hammer"],"picked":"Ring of the Serpent"}],"items_purged_floors":[10,19],"is_endless":false,"potions_floor_spawned":[3,7,11,14,16,18,33,35],"killed_by":"3 Shapes","ascension_level":0}