{"gold_per_floor":[112,112,112,112,123,123,158,171,171,171,184,184,11,22,22,122,122,142,59,73,73,92,92,150,150,218,230,247,247,280,60,60,165,165,177,194,194,247,247,247,276,276,276,276,296,296,312,343,343,343],"floor_reached":51,"playtime":3954,"items_purged":["Strike_G","Endless Agony+1"],"score":693,"play_id":"a0df137b-04d6-4362-9800-c53edaf3f02d","local_time":"20181122233944","is_ascension_mode":false,"campfire_choices":[{"floor":6,"key":"REST"},{"data":"Dash","floor":10,"key":"SMITH"},{"data":"Predator","floor":12,"key":"SMITH"},{"data":"Neutralize","floor":15,"key":"SMITH"},{"data":"Storm of Steel","floor":23,"key":"SMITH"},{"floor":25,"key":"REST"},{"floor":32,"key":"REST"},{"data":"Crippling Poison","floor":40,"key":"SMITH"},{"floor":42,"key":"DIG"},{"floor":44,"key":"DIG"},{"floor":46,"key":"DIG"},{"floor":49,"key":"REST"}],"neow_cost":"NONE","seed_source_timestamp":8554122356415481,"circlet_count":0,"master_deck":["Defend_G","Defend_G+1","Defend_G","Defend_G","Strike_G+1","Strike_G","Survivor","Neutralize+1","Predator+1","Dash+1","Dagger Spray","Skewer","Finesse","Glass Knife","Storm of Steel+1","Mind Blast","Accuracy","Accuracy","Night Terror","Crippling Poison+1","Accuracy+1","Wraith Form v2","Dash"],"relics":["Ring of the Serpent","Du-Vu Doll","Pantograph","Pocketwatch","Snecko Eye","Tiny Chest","Gremlin Horn","The Specimen","Shovel","Calipers","Matryoshka","Mummified Hand","Nunchaku","Omamori"],"potions_floor_usage":[7,24,33,33,33,41,48,50,50],"damage_taken":[{"damage":7,"enemies":"2 Louse","floor":1,"turns":3},{"damage":0,"enemies":"Cultist","floor":5,"turns":4},{"damage":17,"enemies":"Gremlin Nob","floor":7,"turns":6},{"damage":0,"enemies":"Small Slimes","floor":8,"turns":3},{"damage":0,"enemies":"Exordium Wildlife","floor":11,"turns":3},{"damage":3,"enemies":"3 Louse","floor":14,"turns":2},{"damage":40,"enemies":"Hexaghost","floor":16,"turns":11},{"damage":9,"enemies":"Shell Parasite","floor":18,"turns":5},{"damage":0,"enemies":"Chosen","floor":20,"turns":3},{"damage":0,"enemies":"Shelled Parasite and Fungi","floor":22,"turns":3},{"damage":24,"enemies":"Slavers","floor":24,"turns":5},{"damage":2,"enemies":"3 Cultists","floor":27,"turns":4},{"damage":3,"enemies":"Snecko","floor":28,"turns":4},{"damage":24,"enemies":"Book of Stabbing","floor":30,"turns":5},{"damage":10,"enemies":"Champ","floor":33,"turns":8},{"damage":1,"enemies":"Orb Walker","floor":35,"turns":3},{"damage":5,"enemies":"3 Shapes","floor":36,"turns":3},{"damage":13,"enemies":"Reptomancer","floor":41,"turns":4},{"damage":1,"enemies":"Transient","floor":45,"turns":5},{"damage":9,"enemies":"3 Darklings","floor":47,"turns":3},{"damage":15,"enemies":"Nemesis","floor":48,"turns":5},{"damage":32,"enemies":"Awakened One","floor":50,"turns":11}],"seed_played":"5872245263953844545","potions_obtained":[{"floor":5,"key":"SpeedPotion"},{"floor":14,"key":"GhostInAJar"},{"floor":18,"key":"Weak Potion"},{"floor":22,"key":"PowerPotion"},{"floor":33,"key":"SkillPotion"},{"floor":35,"key":"AttackPotion"},{"floor":41,"key":"SkillPotion"},{"floor":45,"key":"Weak Potion"}],"is_trial":false,"path_per_floor":["M","?","?","?","M","R","E","M","T","R","M","R","$","M","R","B",null,"M","$","M","?","M","R","E","R","T","M","M","?","E","$","R","B",null,"M","M","?","T","?","R","E","R","T","R","M","R","M","E","R","B",null],"character_chosen":"THE_SILENT","items_purchased":["Finesse","Mind Blast","Accuracy","Dexterity Potion"],"campfire_rested":4,"item_purchase_floors":[13,19,31,31],"current_hp_per_floor":[63,49,46,46,46,67,50,50,50,50,50,50,50,47,47,30,70,61,61,61,61,61,61,37,58,58,56,53,53,29,29,50,60,70,69,64,64,64,64,64,51,51,51,51,50,50,41,26,47,38],"gold":343,"neow_bonus":"TRANSFORM_CARD","is_prod":false,"is_daily":false,"chose_seed":false,"campfire_upgraded":5,"win_rate":0,"timestamp":1542955184,"path_taken":["M","?","?","?","M","R","E","M","T","R","M","R","$","?","R","BOSS","M","$","M","?","M","R","E","R","T","M","M","?","E","?","R","BOSS","M","M","?","?","?","R","E","R","T","R","M","R","M","E","R","BOSS"],"build_version":"2018-11-15","purchased_purges":2,"victory":true,"max_hp_per_floor":[70,70,70,70,70,70,70,70,70,70,70,70,70,70,70,70,70,70,70,70,70,70,70,70,70,70,70,70,70,70,70,70,70,70,70,70,70,70,70,70,70,70,70,70,70,70,70,70,70,70],"card_choices":[{"not_picked":["Poisoned Stab","Slice","PiercingWail"],"picked":"SKIP","floor":1},{"not_picked":["Blade Dance","Dodge and Roll"],"picked":"Dash","floor":5},{"not_picked":["Poisoned Stab","PiercingWail"],"picked":"Dagger Spray","floor":7},{"not_picked":["Dagger Spray","Outmaneuver"],"picked":"Skewer","floor":8},{"not_picked":["Heel Hook","Slice","Deadly Poison"],"picked":"SKIP","floor":11},{"not_picked":["Bane","Quick Slash"],"picked":"Glass Knife","floor":14},{"not_picked":["Venomology","Glass Knife"],"picked":"Storm of Steel","floor":16},{"not_picked":["Distraction","Bane"],"picked":"Endless Agony+1","floor":18},{"not_picked":["Blade Dance","PiercingWail+1","Poisoned Stab"],"picked":"SKIP","floor":20},{"not_picked":["Outmaneuver","Poisoned Stab","Slice"],"picked":"SKIP","floor":22},{"not_picked":["Bane","Endless Agony+1","Concentrate"],"picked":"SKIP","floor":24},{"not_picked":["Deadly Poison","Doppelganger","Backflip"],"picked":"SKIP","floor":27},{"not_picked":["PiercingWail","Dagger Throw","Reflex"],"picked":"SKIP","floor":28},{"not_picked":["Poisoned Stab","Heel Hook","Skewer+1"],"picked":"SKIP","floor":30},{"not_picked":["After Image","Wraith Form v2"],"picked":"Night Terror","floor":33},{"not_picked":["Masterful Stab+1","Quick Slash"],"picked":"Crippling Poison","floor":35},{"not_picked":["Bane","Dodge and Roll+1"],"picked":"Accuracy+1","floor":36},{"not_picked":["Deadly Poison+1","All Out Attack","Dodge and Roll"],"picked":"SKIP","floor":41},{"not_picked":["Distraction+1","Poisoned Stab","Cloak And Dagger+1"],"picked":"SKIP","floor":45},{"not_picked":["Catalyst+1","Backflip"],"picked":"Wraith Form v2","floor":47},{"not_picked":["Reflex","Flechettes"],"picked":"Dash","floor":48}],"player_experience":1305645,"relics_obtained":[{"floor":7,"key":"Pantograph"},{"floor":9,"key":"Pocketwatch"},{"floor":24,"key":"Tiny Chest"},{"floor":26,"key":"Gremlin Horn"},{"floor":30,"key":"The Specimen"},{"floor":41,"key":"Shovel"},{"floor":42,"key":"Calipers"},{"floor":43,"key":"Matryoshka"},{"floor":44,"key":"Mummified Hand"},{"floor":46,"key":"Nunchaku"},{"floor":48,"key":"Omamori"}],"event_choices":[{"damage_healed":0,"gold_gain":0,"player_choice":"Entered Light","damage_taken":14,"max_hp_gain":0,"max_hp_loss":0,"event_name":"Shining Light","floor":2,"gold_loss":0,"cards_upgraded":["Defend_G","Strike_G"]},{"damage_healed":0,"gold_gain":0,"player_choice":"Success","damage_taken":3,"relics_obtained":["Du-Vu Doll"],"max_hp_gain":0,"max_hp_loss":0,"event_name":"Scrap Ooze","floor":3,"gold_loss":0},{"cards_removed":["Defend_G"],"damage_healed":0,"gold_gain":0,"player_choice":"Offered Basic","damage_taken":0,"max_hp_gain":0,"max_hp_loss":0,"event_name":"Bonfire Elementals","floor":4,"gold_loss":0},{"damage_healed":0,"gold_gain":0,"player_choice":"Ignored","damage_taken":0,"max_hp_gain":0,"max_hp_loss":0,"event_name":"Vampires","floor":21,"gold_loss":0},{"damage_healed":0,"gold_gain":0,"player_choice":"Read","damage_taken":0,"max_hp_gain":0,"max_hp_loss":0,"event_name":"The Library","floor":29,"gold_loss":0,"cards_obtained":["Accuracy"]},{"cards_removed":["Strike_G"],"damage_healed":0,"gold_gain":0,"player_choice":"Removed Attack","damage_taken":0,"max_hp_gain":0,"max_hp_loss":0,"event_name":"Falling","floor":37,"gold_loss":0},{"damage_healed":0,"gold_gain":0,"player_choice":"Ignored","damage_taken":0,"max_hp_gain":0,"max_hp_loss":0,"event_name":"SecretPortal","floor":39,"gold_loss":0}],"is_beta":false,"boss_relics":[{"not_picked":["Cursed Key","Astrolabe"],"picked":"Snecko Eye"},{"not_picked":["Black Star","Velvet Choker"],"picked":"Ring of the Serpent"}],"items_purged_floors":[13,31],"is_endless":false,"potions_floor_spawned":[5,14,18,22,33,35,41,45],"ascension_level":0}