{"gold_per_floor":[112,122,138,138,155,155,228,259,259,184,184,197,214,63,63,168,168,168],"floor_reached":18,"playtime":740,"items_purged":["Defend_G","Strike_G"],"score":164,"play_id":"03a5f0ee-a119-41f6-93d2-bc2c04acb33b","local_time":"20190410222213","is_ascension_mode":false,"campfire_choices":[{"data":"Catalyst","floor":6.0,"key":"SMITH"},{"floor":11.0,"key":"REST"},{"data":"Poisoned Stab","floor":15.0,"key":"SMITH"}],"neow_cost":"NONE","seed_source_timestamp":0,"circlet_count":0,"master_deck":["Defend_G","Defend_G","Defend_G","Defend_G","Strike_G","Strike_G","Strike_G","Strike_G","Survivor","Neutralize","Dash","Outmaneuver","Bane","Night Terror","Leg Sweep+1","Bullet Time+1","PiercingWail+1"],"special_seed":0,"relics":["Eternal Feather","Darkstone Periapt","The Specimen","Snake Skull","Astrolabe"],"potions_floor_usage":[],"damage_taken":[{"damage":1.0,"enemies":"Cultist","floor":1.0,"turns":6.0},{"damage":7.0,"enemies":"2 Louse","floor":2.0,"turns":4.0},{"damage":0.0,"enemies":"Small Slimes","floor":3.0,"turns":3.0},{"damage":2.0,"enemies":"Blue Slaver","floor":4.0,"turns":7.0},{"damage":6.0,"enemies":"Red Slaver","floor":5.0,"turns":5.0},{"damage":34.0,"enemies":"3 Sentries","floor":8.0,"turns":13.0},{"damage":6.0,"enemies":"Exordium Wildlife","floor":12.0,"turns":4.0},{"damage":4.0,"enemies":"Blue Slaver","floor":13.0,"turns":6.0},{"damage":14.0,"enemies":"Hexaghost","floor":16.0,"turns":8.0},{"damage":0,"enemies":"Spheric Guardian","floor":18,"turns":2}],"seed_played":"-2921907050831004620","potions_obtained":[{"floor":3.0,"key":"AttackPotion"},{"floor":8.0,"key":"EssenceOfSteel"},{"floor":12.0,"key":"SteroidPotion"}],"is_trial":false,"path_per_floor":["M","M","M","M","M","R","T","E","T","$","R","M","M","$","R","B",null,"M"],"character_chosen":"THE_SILENT","items_purchased":["Poisoned Stab"],"campfire_rested":1,"item_purchase_floors":[14],"current_hp_per_floor":[69,62,62,60,54,63,63,29,29,29,59,53,49,49,58,44,70,70],"gold":168,"neow_bonus":"BOSS_RELIC","is_prod":false,"is_daily":false,"chose_seed":false,"campfire_upgraded":2,"win_rate":0.0,"timestamp":1554906133,"path_taken":["M","M","M","M","M","R","?","E","T","$","R","M","M","$","R","BOSS","M"],"build_version":"2019-01-23","purchased_purges":2,"victory":false,"max_hp_per_floor":[70,70,70,70,70,70,70,70,70,70,70,70,70,70,70,70,70,70],"card_choices":[{"not_picked":["Dagger Throw","Poisoned Stab"],"picked":"Catalyst","floor":1.0},{"not_picked":["Skewer","Underhanded Strike"],"picked":"Dash","floor":2.0},{"not_picked":["Dagger Throw","Flechettes"],"picked":"Catalyst","floor":3.0},{"not_picked":["Finisher","PiercingWail"],"picked":"Outmaneuver","floor":4.0},{"not_picked":["Masterful Stab","Outmaneuver"],"picked":"Bane","floor":5.0},{"not_picked":["PiercingWail","Dash","Quick Slash"],"picked":"SKIP","floor":8.0},{"not_picked":["Riddle With Holes","Phantasmal Killer","Acrobatics"],"picked":"SKIP","floor":12.0},{"not_picked":["Slice","Dodge and Roll","Backstab"],"picked":"SKIP","floor":13.0},{"not_picked":["A Thousand Cuts","Malaise"],"picked":"Night Terror","floor":16.0}],"player_experience":7602,"relics_obtained":[{"floor":7.0,"key":"Darkstone Periapt"},{"floor":8.0,"key":"The Specimen"},{"floor":9.0,"key":"Snake Skull"}],"event_choices":[],"is_beta":false,"boss_relics":[{"not_picked":["Coffee Dripper","Velvet Choker"],"picked":"Astrolabe"}],"items_purged_floors":[10,14],"is_endless":false,"potions_floor_spawned":[3,8,12,13],"killed_by":"Spheric Guardian","ascension_level":0}