{"gold_per_floor":[367,383,233,244,244,244,264,295,295,311,311,329,329,329],"floor_reached":14,"playtime":637,"items_purged":[],"score":184,"play_id":"d5a2f551-75cb-47de-94f3-e7174763c476","local_time":"20190822215736","is_ascension_mode":true,"campfire_choices":[{"data":"Skewer","floor":6,"key":"SMITH"},{"floor":11,"key":"REST"},{"data":"Footwork","floor":13,"key":"SMITH"}],"neow_cost":"PERCENT_DAMAGE","seed_source_timestamp":88568593269871,"circlet_count":0,"master_deck":["AscendersBane","Strike_G","Strike_G","Strike_G","Strike_G","Strike_G","Defend_G","Defend_G","Defend_G","Defend_G","Defend_G","Survivor","Neutralize","Footwork+1","Skewer+1","Leg Sweep","Crippling Poison"],"relics":["Ring of the Snake","Bag of Marbles","Bag of Preparation","Smiling Mask"],"potions_floor_usage":[7,8,14],"damage_taken":[{"damage":3,"enemies":"Cultist","floor":1,"turns":4},{"damage":1,"enemies":"Small Slimes","floor":2,"turns":4},{"damage":0,"enemies":"2 Louse","floor":4,"turns":3},{"damage":0,"enemies":"Gremlin Gang","floor":7,"turns":2},{"damage":26,"enemies":"Lagavulin","floor":8,"turns":9},{"damage":0,"enemies":"Large Slime","floor":10,"turns":5},{"damage":2,"enemies":"2 Fungi Beasts","floor":12,"turns":3},{"damage":37,"enemies":"Gremlin Nob","floor":14,"turns":6}],"seed_played":"-8379140016565575826","potions_obtained":[{"floor":2,"key":"Explosive Potion"},{"floor":4,"key":"PowerPotion"},{"floor":10,"key":"Swift Potion"}],"is_trial":false,"path_per_floor":["M","M","$","M","T","R","M","E","T","M","R","M","R","E"],"character_chosen":"THE_SILENT","items_purchased":["Footwork","Skewer"],"campfire_rested":1,"item_purchase_floors":[3,3],"current_hp_per_floor":[41,40,40,40,40,40,40,14,14,14,33,31,31,0],"gold":329,"neow_bonus":"TWO_FIFTY_GOLD","is_prod":false,"is_daily":false,"chose_seed":false,"campfire_upgraded":2,"win_rate":0,"timestamp":1566478656,"path_taken":["M","?","$","M","?","R","M","E","T","M","R","M","R","E"],"build_version":"2019-07-17","purchased_purges":0,"victory":false,"max_hp_per_floor":[66,66,66,66,66,66,66,66,66,66,66,66,66,66],"card_choices":[{"not_picked":["Dagger Throw","Flying Knee","Outmaneuver"],"picked":"SKIP","floor":1},{"not_picked":["Dodge and Roll","Backflip","Acrobatics"],"picked":"SKIP","floor":2},{"not_picked":["Flying Knee","Skewer","Cloak And Dagger"],"picked":"SKIP","floor":4},{"not_picked":["Dagger Throw","Sucker Punch","Calculated Gamble"],"picked":"SKIP","floor":7},{"not_picked":["Deflect","Storm of Steel"],"picked":"Leg Sweep","floor":8},{"not_picked":["Backflip","Skewer","Concentrate"],"picked":"SKIP","floor":10},{"not_picked":["Prepared","Accuracy"],"picked":"Crippling Poison","floor":12}],"player_experience":592275,"relics_obtained":[{"floor":5,"key":"Bag of Marbles"},{"floor":8,"key":"Bag of Preparation"},{"floor":9,"key":"Smiling Mask"}],"event_choices":[],"is_beta":false,"boss_relics":[],"items_purged_floors":[],"is_endless":false,"potions_floor_spawned":[2,4,10],"killed_by":"Gremlin Nob","ascension_level":20}