{"gold_per_floor":[115,190,28,28,28,28,28,28,28,28,41,41,59,72,72,192,192,206,305,318,14,32,32,57,100,100,141,141,160,160,160,160,290,290,311,311,311,329,103,103,30,30,30,49,62,76,90,106,106,106],"floor_reached":51,"playtime":2134,"items_purged":[],"score":682,"play_id":"bdfc6267-ef64-4392-bcc4-a3c32ff1cc41","local_time":"20190821102702","is_ascension_mode":false,"campfire_choices":[{"data":"Corpse Explosion","floor":6,"key":"SMITH"},{"floor":8,"key":"REST"},{"data":"Calculated Gamble","floor":15,"key":"SMITH"},{"data":"Well Laid Plans","floor":23,"key":"SMITH"},{"floor":30,"key":"REST"},{"floor":32,"key":"REST"},{"data":"Envenom","floor":40,"key":"SMITH"},{"data":"Noxious Fumes","floor":42,"key":"SMITH"},{"floor":49,"key":"REST"}],"neow_cost":"CURSE","seed_source_timestamp":67546223407977,"circlet_count":0,"master_deck":["Strike_G","Strike_G","Defend_G","Defend_G","Defend_G","Defend_G","Defend_G","Survivor","Neutralize","PiercingWail","Corpse Explosion+1","Calculated Gamble+1","Cloak And Dagger+1","Burst+1","Eviscerate+1","Storm of Steel+1","Well Laid Plans+1","Footwork","Acrobatics+1","Distraction+1","Noxious Fumes+1","Blur+1","Distraction+1","Envenom+1","PiercingWail+1","Cloak And Dagger+1","Catalyst+1","Catalyst+1","Prepared+1","Blade Dance+1","Infinite Blades"],"relics":["Ring of the Snake","Incense Burner","Golden Idol","Darkstone Periapt","Pear","Toxic Egg 2","Astrolabe","Kunai","Boot","FossilizedHelix","Red Mask","Paper Crane","Cursed Key","Membership Card","Anchor"],"potions_floor_usage":[16,16,27,27,33,48,50,50],"damage_taken":[{"damage":0,"enemies":"Cultist","floor":1,"turns":4},{"damage":1,"enemies":"Jaw Worm","floor":11,"turns":4},{"damage":0,"enemies":"Small Slimes","floor":13,"turns":3},{"damage":0,"enemies":"2 Fungi Beasts","floor":14,"turns":2},{"damage":26,"enemies":"The Guardian","floor":16,"turns":11},{"damage":9,"enemies":"Chosen","floor":18,"turns":8},{"damage":0,"enemies":"3 Byrds","floor":20,"turns":3},{"damage":16,"enemies":"Centurion and Healer","floor":22,"turns":6},{"damage":3,"enemies":"Shelled Parasite and Fungi","floor":24,"turns":7},{"damage":18,"enemies":"Slavers","floor":25,"turns":3},{"damage":0,"enemies":"Masked Bandits","floor":27,"turns":4},{"damage":0,"enemies":"Snake Plant","floor":29,"turns":5},{"damage":52,"enemies":"Collector","floor":33,"turns":12},{"damage":7,"enemies":"Orb Walker","floor":35,"turns":4},{"damage":0,"enemies":"3 Darklings","floor":38,"turns":2},{"damage":0,"enemies":"Sphere and 2 Shapes","floor":44,"turns":5},{"damage":0,"enemies":"Maw","floor":45,"turns":6},{"damage":0,"enemies":"3 Darklings","floor":46,"turns":5},{"damage":21,"enemies":"Sphere and 2 Shapes","floor":47,"turns":5},{"damage":0,"enemies":"Transient","floor":48,"turns":5},{"damage":7,"enemies":"Awakened One","floor":50,"turns":15}],"seed_played":"7746921940819626646","potions_obtained":[{"floor":1,"key":"AttackPotion"},{"floor":11,"key":"PowerPotion"},{"floor":16,"key":"Explosive Potion"},{"floor":20,"key":"Dexterity Potion"},{"floor":27,"key":"FearPotion"},{"floor":29,"key":"GhostInAJar"},{"floor":38,"key":"Fire Potion"},{"floor":46,"key":"SkillPotion"}],"is_trial":false,"path_per_floor":["M","?","$","?","?","R","?","R","T","?","M","T","M","M","R","B",null,"M","?","M","$","M","R","M","E","T","?","?","M","R","?","R","B",null,"M","$","?","M","$","R","$","R","T","M","M","M","M","M","R","B",null],"character_chosen":"THE_SILENT","items_purchased":["Corpse Explosion","Kunai","Fire Potion","Membership Card","Cloak And Dagger+1","Anchor"],"campfire_rested":4,"item_purchase_floors":[3,21,21,39,39,41],"current_hp_per_floor":[70,59,59,59,59,59,59,65,65,75,74,74,74,74,74,48,75,66,66,66,66,50,50,47,29,29,29,29,29,51,51,73,21,75,68,68,68,68,68,68,68,68,68,68,68,68,47,47,69,62],"gold":106,"neow_bonus":"ONE_RARE_RELIC","is_prod":false,"is_daily":false,"chose_seed":false,"campfire_upgraded":5,"win_rate":0,"timestamp":1566354422,"path_taken":["M","?","$","?","?","R","?","R","T","?","M","?","?","M","R","BOSS","M","?","M","$","M","R","M","E","T","?","?","M","R","?","R","BOSS","M","?","?","M","$","R","$","R","T","M","M","M","M","M","R","BOSS"],"build_version":"2019-07-17","purchased_purges":0,"victory":true,"max_hp_per_floor":[70,70,70,70,65,65,65,65,65,75,75,75,75,75,75,75,75,75,75,75,75,75,75,75,75,75,75,75,75,75,75,75,75,75,75,75,75,75,75,75,75,75,75,75,75,75,75,75,75,75],"card_choices":[{"not_picked":["Dagger Spray","Prepared"],"picked":"PiercingWail","floor":1},{"not_picked":["Outmaneuver","Bane"],"picked":"Calculated Gamble","floor":11},{"not_picked":["Bouncing Flask+1","Poisoned Stab","Flying Knee"],"picked":"SKIP","floor":13},{"not_picked":["Masterful Stab","Poisoned Stab"],"picked":"Cloak And Dagger+1","floor":14},{"not_picked":["Storm of Steel+1","Venomology+1"],"picked":"Burst+1","floor":16},{"not_picked":["Flying Knee","Sucker Punch"],"picked":"Well Laid Plans","floor":18},{"not_picked":["Dash+1","Dagger Throw"],"picked":"Footwork","floor":20},{"not_picked":["Quick Slash+1","Bouncing Flask+1"],"picked":"Acrobatics+1","floor":22},{"not_picked":["Bane","Dagger Throw+1"],"picked":"Distraction+1","floor":24},{"not_picked":["Concentrate+1","Underhanded Strike"],"picked":"Noxious Fumes","floor":25},{"not_picked":["Concentrate+1","Backstab"],"picked":"Blur+1","floor":27},{"not_picked":["Flying Knee","Quick Slash"],"picked":"Distraction+1","floor":29},{"not_picked":["Night Terror+1","Doppelganger+1"],"picked":"Envenom","floor":33},{"not_picked":["Concentrate+1","Choke"],"picked":"PiercingWail+1","floor":35},{"not_picked":["Predator","Flechettes+1","Sucker Punch"],"picked":"SKIP","floor":38},{"not_picked":["PiercingWail+1","Reflex+1"],"picked":"Catalyst+1","floor":44},{"not_picked":["Predator+1","Blur+1"],"picked":"Catalyst+1","floor":45},{"not_picked":["PiercingWail+1","Quick Slash"],"picked":"Prepared+1","floor":46},{"not_picked":["PiercingWail+1","Underhanded Strike"],"picked":"Blade Dance+1","floor":47},{"not_picked":["Bouncing Flask+1","Heel Hook+1"],"picked":"Infinite Blades","floor":48}],"player_experience":232723,"relics_obtained":[{"floor":9,"key":"Darkstone Periapt"},{"floor":12,"key":"Toxic Egg 2"},{"floor":25,"key":"Boot"},{"floor":26,"key":"FossilizedHelix"},{"floor":27,"key":"Red Mask"}],"event_choices":[{"damage_healed":0,"gold_gain":75,"player_choice":"Gather Gold","damage_taken":11,"max_hp_gain":0,"max_hp_loss":0,"event_name":"World of Goop","floor":2,"gold_loss":0},{"cards_removed":["Injury"],"damage_healed":0,"gold_gain":0,"player_choice":"Forget","damage_taken":0,"max_hp_gain":0,"max_hp_loss":0,"event_name":"Living Wall","floor":4,"gold_loss":0},{"damage_healed":0,"gold_gain":0,"player_choice":"Lose Max HP","damage_taken":0,"relics_obtained":["Golden Idol"],"max_hp_gain":0,"max_hp_loss":5,"event_name":"Golden Idol","floor":5,"gold_loss":0},{"damage_healed":0,"gold_gain":0,"player_choice":"Ignored","damage_taken":0,"max_hp_gain":0,"max_hp_loss":0,"event_name":"Golden Wing","floor":7,"gold_loss":0},{"damage_healed":0,"gold_gain":0,"player_choice":"Searched \u00271\u0027 times","damage_taken":0,"relics_obtained":["Pear"],"max_hp_gain":0,"max_hp_loss":0,"event_name":"Dead Adventurer","floor":10,"gold_loss":0},{"damage_healed":0,"gold_gain":99,"player_choice":"Stole From Cult","damage_taken":0,"max_hp_gain":0,"max_hp_loss":0,"event_name":"Nest","floor":19,"gold_loss":0},{"damage_healed":0,"gold_gain":0,"player_choice":"Fought Bandits","damage_taken":0,"max_hp_gain":0,"max_hp_loss":0,"event_name":"Masked Bandits","floor":27,"gold_loss":0},{"damage_healed":0,"gold_gain":0,"player_choice":"Ignored","damage_taken":0,"max_hp_gain":0,"max_hp_loss":0,"event_name":"Vampires","floor":28,"gold_loss":0},{"damage_healed":0,"gold_gain":0,"player_choice":"Gave Potion","damage_taken":0,"relics_obtained":["Paper Crane"],"max_hp_gain":0,"max_hp_loss":0,"event_name":"WeMeetAgain","floor":31,"gold_loss":0},{"cards_removed":["Skewer"],"damage_healed":0,"gold_gain":0,"player_choice":"Purged","damage_taken":0,"max_hp_gain":0,"max_hp_loss":0,"event_name":"Purifier","floor":37,"gold_loss":0}],"is_beta":false,"boss_relics":[{"not_picked":["Coffee Dripper","Black Star"],"picked":"Astrolabe"},{"not_picked":["White Beast Statue","HoveringKite"],"picked":"Cursed Key"}],"items_purged_floors":[],"is_endless":false,"potions_floor_spawned":[1,11,16,20,24,27,29,38,46,47],"ascension_level":0}