{"gold_per_floor":[214,229,245,260,18,18,43,43,94,124,124,78,78,95,95,197,197,217,233,244,263,48,48],"floor_reached":23,"playtime":1432,"items_purged":["Strike_R"],"score":274,"play_id":"10cc05e8-68c2-4eb2-8ca6-21ded4da4e85","local_time":"20190524125919","is_ascension_mode":true,"campfire_choices":[{"data":"Bash","floor":6.0,"key":"SMITH"},{"floor":8.0,"key":"REST"},{"floor":11.0,"key":"REST"},{"floor":15.0,"key":"REST"}],"neow_cost":"NONE","seed_source_timestamp":2164230964813393,"circlet_count":0,"master_deck":["Strike_R","Strike_R","Strike_R","Strike_R+1","Defend_R","Defend_R","Defend_R","Defend_R+1","Bash+1","Headbutt","True Grit","Intimidate","Seeing Red","Evolve","Pommel Strike+1","Disarm","Barricade","Metallicize+1","Dropkick+1","Body Slam+1","Bandage Up"],"special_seed":0,"relics":["Burning Blood","Kunai","Molten Egg 2","Juzu Bracelet","Anchor","Cursed Key"],"potions_floor_usage":[23],"damage_taken":[{"damage":6.0,"enemies":"Cultist","floor":1.0,"turns":3.0},{"damage":2.0,"enemies":"Jaw Worm","floor":2.0,"turns":3.0},{"damage":6.0,"enemies":"2 Louse","floor":3.0,"turns":3.0},{"damage":16.0,"enemies":"Large Slime","floor":4.0,"turns":6.0},{"damage":38.0,"enemies":"3 Sentries","floor":7.0,"turns":9.0},{"damage":48.0,"enemies":"Lagavulin","floor":10.0,"turns":10.0},{"damage":10.0,"enemies":"2 Fungi Beasts","floor":14.0,"turns":3.0},{"damage":30.0,"enemies":"Slime Boss","floor":16.0,"turns":16.0},{"damage":41.0,"enemies":"Spheric Guardian","floor":18.0,"turns":6.0},{"damage":0.0,"enemies":"Chosen","floor":19.0,"turns":6.0},{"damage":4.0,"enemies":"Shelled Parasite and Fungi","floor":20.0,"turns":7.0},{"damage":22.0,"enemies":"Sentry and Sphere","floor":21.0,"turns":9.0},{"damage":29,"enemies":"Slavers","floor":23,"turns":3}],"seed_played":"1157055633456462673","potions_obtained":[{"floor":1.0,"key":"Swift Potion"},{"floor":2.0,"key":"PowerPotion"},{"floor":4.0,"key":"AttackPotion"},{"floor":14.0,"key":"Ancient Potion"},{"floor":19.0,"key":"Energy Potion"},{"floor":20.0,"key":"SkillPotion"}],"is_trial":false,"path_per_floor":["M","M","M","M","$","R","E","R","T","E","R","?","?","M","R","B",null,"M","M","M","M","$","E"],"character_chosen":"IRONCLAD","items_purchased":["Kunai","Body Slam+1","Bandage Up"],"campfire_rested":3,"item_purchase_floors":[5,22,22],"current_hp_per_floor":[72,76,76,66,66,66,34,58,58,16,40,40,24,20,44,20,65,30,36,38,22,22,0],"gold":48,"neow_bonus":"HUNDRED_GOLD","is_prod":false,"is_daily":false,"chose_seed":false,"campfire_upgraded":1,"win_rate":0,"timestamp":1558727959,"path_taken":["M","M","M","?","$","R","E","R","T","E","R","?","?","M","R","BOSS","M","M","M","M","$","E"],"build_version":"2019-01-23","purchased_purges":1,"victory":false,"max_hp_per_floor":[80,80,80,80,80,80,80,80,80,80,80,80,80,80,80,80,80,80,80,80,80,80,80],"card_choices":[{"not_picked":["Second Wind","Reckless Charge"],"picked":"Headbutt","floor":1.0},{"not_picked":["Cleave","Warcry"],"picked":"True Grit","floor":2.0},{"not_picked":["Perfected Strike","Entrench"],"picked":"Intimidate","floor":3.0},{"not_picked":["Rupture","Sever Soul"],"picked":"Seeing Red","floor":4.0},{"not_picked":["Corruption","Wild Strike"],"picked":"Evolve","floor":7.0},{"not_picked":["Entrench","Cleave+1"],"picked":"Pommel Strike+1","floor":10.0},{"not_picked":["Cleave+1","Limit Break"],"picked":"Disarm","floor":14.0},{"not_picked":["Fiend Fire+1","Brutality"],"picked":"Barricade","floor":16.0},{"not_picked":["Twin Strike+1","Rupture","Headbutt+1"],"picked":"SKIP","floor":18.0},{"not_picked":["Clash+1","Heavy Blade+1"],"picked":"Metallicize+1","floor":19.0},{"not_picked":["True Grit","Disarm"],"picked":"Dropkick+1","floor":20.0},{"not_picked":["Blood for Blood+1","Searing Blow+1","Flex+1"],"picked":"SKIP","floor":21.0}],"player_experience":556201,"relics_obtained":[{"floor":7.0,"key":"Molten Egg 2"},{"floor":9.0,"key":"Juzu Bracelet"},{"floor":10.0,"key":"Anchor"}],"event_choices":[{"damage_healed":0.0,"max_hp_gain":0.0,"max_hp_loss":0.0,"gold_gain":0.0,"event_name":"World of Goop","player_choice":"Left Gold","floor":12.0,"gold_loss":46.0,"damage_taken":0.0},{"damage_healed":0.0,"max_hp_gain":0.0,"max_hp_loss":0.0,"gold_gain":0.0,"event_name":"Shining Light","player_choice":"Entered Light","floor":13.0,"gold_loss":0.0,"damage_taken":16.0,"cards_upgraded":["Defend_R","Strike_R"]}],"is_beta":false,"boss_relics":[{"not_picked":["Runic Dome","Astrolabe"],"picked":"Cursed Key"}],"items_purged_floors":[22],"is_endless":false,"potions_floor_spawned":[1,2,4,14,19,20],"killed_by":"Slavers","ascension_level":7}