{"gold_per_floor":[119,44,63,63,40,40,51,51,51,66,77,77,96,46,46,149,149,164,82,0,0,0,29,29,128,128,128,128,144,144,160,160,160],"floor_reached":33,"playtime":2589,"items_purged":["Strike_G"],"score":253,"play_id":"2f1da692-8ce2-41a0-bead-424dbb096b32","local_time":"20190820160658","is_ascension_mode":false,"campfire_choices":[{"data":"Backflip","floor":6,"key":"SMITH"},{"data":"Cloak And Dagger","floor":8,"key":"SMITH"},{"floor":15,"key":"REST"},{"floor":24,"key":"REST"},{"floor":27,"key":"REST"},{"floor":32,"key":"REST"}],"neow_cost":"NONE","seed_source_timestamp":144781693707506,"circlet_count":0,"master_deck":["Strike_G","Strike_G","Strike_G","Defend_G","Defend_G","Defend_G","Defend_G","Survivor","Neutralize","Acrobatics+1","Backflip+1","Cloak And Dagger+1","Accuracy+1","Cloak And Dagger","Infinite Blades","Outmaneuver","Accuracy","Blade Dance+1","Cloak And Dagger","Footwork+1"],"relics":["Ring of the Snake","Dodecahedron","Empty Cage","Shovel","Meat on the Bone"],"potions_floor_usage":[23,23,23,33,33],"damage_taken":[{"damage":0,"enemies":"Small Slimes","floor":1,"turns":4},{"damage":1,"enemies":"Cultist","floor":3,"turns":6},{"damage":1,"enemies":"Jaw Worm","floor":7,"turns":8},{"damage":0,"enemies":"Looter","floor":10,"turns":3},{"damage":1,"enemies":"Large Slime","floor":11,"turns":11},{"damage":1,"enemies":"3 Louse","floor":13,"turns":4},{"damage":42,"enemies":"Hexaghost","floor":16,"turns":12},{"damage":6,"enemies":"Shell Parasite","floor":18,"turns":6},{"damage":38,"enemies":"Slavers","floor":23,"turns":5},{"damage":19,"enemies":"3 Byrds","floor":29,"turns":4},{"damage":6,"enemies":"Snecko","floor":31,"turns":5},{"damage":68,"enemies":"Collector","floor":33,"turns":11}],"seed_played":"4848461908636991047","potions_obtained":[{"floor":1,"key":"PowerPotion"},{"floor":3,"key":"SkillPotion"},{"floor":11,"key":"Explosive Potion"},{"floor":13,"key":"Regen Potion"},{"floor":18,"key":"SteroidPotion"},{"floor":29,"key":"Poison Potion"},{"floor":31,"key":"SkillPotion"}],"is_trial":false,"path_per_floor":["M","$","M","?","$","R","M","R","T","M","M","?","M","$","R","B",null,"M","$","?","?","$","E","R","?","T","R","?","M","?","M","R","B"],"character_chosen":"THE_SILENT","items_purchased":["Backflip","Outmaneuver","Accuracy"],"campfire_rested":4,"item_purchase_floors":[5,14,19],"current_hp_per_floor":[70,70,69,69,69,69,68,68,68,68,67,53,52,52,70,28,70,64,64,64,51,51,25,47,47,47,69,69,50,50,44,66,0],"gold":160,"neow_bonus":"REMOVE_CARD","is_prod":false,"is_daily":false,"chose_seed":false,"campfire_upgraded":2,"win_rate":0.0,"timestamp":1566306418,"path_taken":["M","$","M","?","?","R","M","R","T","M","M","?","M","$","R","BOSS","M","$","?","?","$","E","R","?","T","R","?","M","?","M","R","BOSS"],"build_version":"2019-07-17","purchased_purges":1,"victory":false,"max_hp_per_floor":[70,70,70,70,70,70,70,70,70,70,70,70,70,70,70,70,70,70,70,70,75,75,75,75,75,75,75,75,75,75,75,75,75],"card_choices":[{"not_picked":["Dagger Throw","Reflex","Bane"],"picked":"SKIP","floor":1},{"not_picked":["Slice","Dodge and Roll"],"picked":"Acrobatics","floor":3},{"not_picked":["Dodge and Roll","Caltrops"],"picked":"Cloak And Dagger","floor":7},{"not_picked":["Riddle With Holes","Dagger Spray"],"picked":"Accuracy","floor":10},{"not_picked":["Prepared","Caltrops"],"picked":"Cloak And Dagger","floor":11},{"not_picked":["Dodge and Roll","Deflect"],"picked":"Infinite Blades","floor":13},{"not_picked":["Backflip","Bane","Acrobatics"],"picked":"SKIP","floor":18},{"not_picked":["Prepared+1","Underhanded Strike+1"],"picked":"Blade Dance+1","floor":23},{"not_picked":["Slice","Deflect"],"picked":"Cloak And Dagger","floor":29},{"not_picked":["Cloak And Dagger","Quick Slash+1"],"picked":"Footwork+1","floor":31}],"player_experience":49241,"relics_obtained":[{"floor":9,"key":"Dodecahedron"},{"floor":23,"key":"Shovel"},{"floor":26,"key":"Meat on the Bone"}],"event_choices":[{"damage_healed":0,"gold_gain":0,"player_choice":"1 cards matched","damage_taken":0,"max_hp_gain":0,"max_hp_loss":0,"event_name":"Match and Keep!","floor":4,"gold_loss":0,"cards_obtained":["Shame"]},{"damage_healed":0,"gold_gain":0,"player_choice":"Entered Light","damage_taken":14,"max_hp_gain":0,"max_hp_loss":0,"event_name":"Shining Light","floor":12,"gold_loss":0,"cards_upgraded":["Acrobatics","Accuracy"]},{"damage_healed":0,"gold_gain":0,"player_choice":"Paid Fearfully","damage_taken":0,"max_hp_gain":0,"max_hp_loss":0,"event_name":"Masked Bandits","floor":20,"gold_loss":82},{"damage_healed":0,"gold_gain":0,"player_choice":"Shed Blood","damage_taken":18,"max_hp_gain":5,"max_hp_loss":0,"event_name":"Forgotten Altar","floor":21,"gold_loss":0},{"damage_healed":0,"gold_gain":99,"player_choice":"Stole From Cult","damage_taken":0,"max_hp_gain":0,"max_hp_loss":0,"event_name":"Nest","floor":25,"gold_loss":0},{"damage_healed":0,"gold_gain":0,"player_choice":"Ignored","damage_taken":0,"max_hp_gain":0,"max_hp_loss":0,"event_name":"Cursed Tome","floor":28,"gold_loss":0},{"damage_healed":0,"gold_gain":0,"player_choice":"Ignored","damage_taken":0,"max_hp_gain":0,"max_hp_loss":0,"event_name":"Vampires","floor":30,"gold_loss":0}],"is_beta":false,"boss_relics":[{"not_picked":["Lizard Tail","Tiny House"],"picked":"Empty Cage"}],"items_purged_floors":[2],"is_endless":false,"potions_floor_spawned":[1,3,11,13,18,29,31],"killed_by":"Collector","ascension_level":0}