{"gold_per_floor":[113,38,58,10,22,22,34,34,34,50,50,70,90,101,101,206,206,226,245,66,66,85,85,117,24,101,101],"floor_reached":27,"playtime":1681,"items_purged":["Strike_G","Strike_G"],"score":227,"play_id":"2f441f7b-bec7-4241-989d-12b17d7ecc00","local_time":"20190412133856","is_ascension_mode":false,"campfire_choices":[{"data":"Backflip","floor":6,"key":"SMITH"},{"data":"Distraction","floor":8,"key":"SMITH"},{"data":"Acrobatics","floor":11,"key":"SMITH"},{"data":"Footwork","floor":15,"key":"SMITH"},{"data":"Envenom","floor":23,"key":"SMITH"}],"neow_cost":"NONE","seed_source_timestamp":103108906059813,"circlet_count":0,"master_deck":["Defend_G","Defend_G","Defend_G","Defend_G","Defend_G","Strike_G","Strike_G","Strike_G","Survivor","Neutralize","Backflip+1","Calculated Gamble","Acrobatics+1","PiercingWail","Distraction+1","Dagger Spray","Footwork+1","Reflex","Dagger Spray","Envenom+1","Underhanded Strike","Escape Plan","Cloak And Dagger"],"relics":["Runic Pyramid","Mummified Hand","Sozu","Letter Opener","Shovel","Question Card"],"potions_floor_usage":[16,16],"damage_taken":[{"damage":0,"enemies":"Jaw Worm","floor":1,"turns":5},{"damage":0,"enemies":"Small Slimes","floor":3,"turns":4},{"damage":0,"enemies":"Cultist","floor":5,"turns":5},{"damage":1,"enemies":"Blue Slaver","floor":7,"turns":6},{"damage":0,"enemies":"Exordium Wildlife","floor":10,"turns":4},{"damage":8,"enemies":"Exordium Thugs","floor":12,"turns":6},{"damage":8,"enemies":"Red Slaver","floor":13,"turns":5},{"damage":14,"enemies":"Gremlin Gang","floor":14,"turns":4},{"damage":25,"enemies":"The Guardian","floor":16,"turns":23},{"damage":0,"enemies":"3 Byrds","floor":18,"turns":5},{"damage":0,"enemies":"Chosen","floor":19,"turns":7},{"damage":30,"enemies":"Snake Plant","floor":22,"turns":7},{"damage":29,"enemies":"Gremlin Leader","floor":24,"turns":6},{"damage":18,"enemies":"Sentry and Sphere","floor":27,"turns":5}],"seed_played":"-2926671614757350419","potions_obtained":[{"floor":3,"key":"Strength Potion"},{"floor":12,"key":"Strength Potion"}],"is_trial":false,"path_per_floor":["M","$","M","$","M","R","M","R","T","M","R","M","M","M","R","B",null,"M","M","$","?","M","R","E","?","T","M"],"character_chosen":"THE_SILENT","items_purchased":["Acrobatics","Escape Plan","Cloak And Dagger"],"campfire_rested":0,"item_purchase_floors":[4,20,20],"current_hp_per_floor":[70,70,70,70,70,70,69,69,69,69,69,61,53,39,39,14,70,70,70,70,70,40,40,11,11,11,0],"gold":101,"neow_bonus":"BOSS_RELIC","is_prod":false,"is_daily":false,"chose_seed":false,"campfire_upgraded":5,"win_rate":0.0,"timestamp":1555047536,"path_taken":["M","$","M","$","M","R","M","R","T","M","R","M","M","M","R","BOSS","M","M","$","?","M","R","E","?","T","?"],"build_version":"2019-01-23","purchased_purges":2,"victory":false,"max_hp_per_floor":[70,70,70,70,70,70,70,70,70,70,70,70,70,70,70,70,70,70,70,70,70,70,70,70,70,70,70],"card_choices":[{"not_picked":["Prepared","Blade Dance"],"picked":"Backflip","floor":1},{"not_picked":["All Out Attack","Bane"],"picked":"Calculated Gamble","floor":3},{"not_picked":["Outmaneuver","Slice"],"picked":"PiercingWail","floor":5},{"not_picked":["Slice","Dodge and Roll"],"picked":"Distraction","floor":7},{"not_picked":["Catalyst","Finisher"],"picked":"Dagger Spray","floor":10},{"not_picked":["Acrobatics","Leg Sweep"],"picked":"Footwork","floor":12},{"not_picked":["Leg Sweep","Choke"],"picked":"Reflex","floor":13},{"not_picked":["Quick Slash","Die Die Die"],"picked":"Dagger Spray","floor":14},{"not_picked":["Venomology","Malaise"],"picked":"Envenom","floor":16},{"not_picked":["Sucker Punch","Crippling Poison"],"picked":"Underhanded Strike","floor":18},{"not_picked":["Dash","Choke","Dagger Throw"],"picked":"SKIP","floor":19},{"not_picked":["Envenom","Calculated Gamble","Deadly Poison"],"picked":"SKIP","floor":22},{"not_picked":["Expertise","Underhanded Strike","Cloak And Dagger"],"picked":"SKIP","floor":24}],"player_experience":43826,"relics_obtained":[{"floor":9,"key":"Mummified Hand"},{"floor":24,"key":"Letter Opener"},{"floor":26,"key":"Question Card"}],"event_choices":[{"damage_healed":0,"gold_gain":0,"player_choice":"Ignored","damage_taken":0,"max_hp_gain":0,"max_hp_loss":0,"event_name":"Ghosts","floor":21,"gold_loss":0},{"damage_healed":0,"gold_gain":0,"player_choice":"Paid Gold","damage_taken":0,"relics_obtained":["Shovel"],"max_hp_gain":0,"max_hp_loss":0,"event_name":"WeMeetAgain","floor":25,"gold_loss":93}],"is_beta":false,"boss_relics":[{"not_picked":["Runic Dome","Coffee Dripper"],"picked":"Sozu"}],"items_purged_floors":[2,20],"is_endless":false,"potions_floor_spawned":[3,12,18,19,24],"killed_by":"Sentry and Sphere","ascension_level":0}