{"gold_per_floor":[115,129,148,160,173,201,201,227,227,241,201,201,201,219,219,338,401,419,432,44,63,13,13,57,75,155,105,105],"floor_reached":28,"playtime":2553,"items_purged":["Strike_R","Strike_R","Strike_R"],"score":315,"play_id":"12c5aae0-01ef-4ac6-abaa-578bce952280","local_time":"20181026174147","is_ascension_mode":true,"campfire_choices":[{"floor":7,"key":"REST"},{"floor":12,"key":"REST"},{"floor":15,"key":"REST"},{"floor":23,"key":"REST"}],"neow_cost":"PERCENT_DAMAGE","seed_source_timestamp":3392571490809204,"circlet_count":0,"master_deck":["Strike_R","Strike_R","Defend_R","Defend_R+1","Defend_R","Defend_R","Bash","Body Slam","Reckless Charge","Metallicize","Body Slam","Cleave","Headbutt","Flame Barrier","Thunderclap","Barricade","Iron Wave","Evolve+1","Shrug It Off","Armaments+1","Feed","Iron Wave"],"relics":["Burning Blood","Boot","Smiling Mask","Self Forming Clay","Golden Idol","Tiny House","Ice Cream","Vajra","Pantograph"],"potions_floor_usage":[5,6,6,14,16,16,18,18,19,21,21,28],"damage_taken":[{"damage":0,"enemies":"Small Slimes","floor":1,"turns":3},{"damage":1,"enemies":"Cultist","floor":2,"turns":4},{"damage":2,"enemies":"2 Louse","floor":3,"turns":3},{"damage":10,"enemies":"Blue Slaver","floor":4,"turns":4},{"damage":22,"enemies":"Lots of Slimes","floor":5,"turns":5},{"damage":42,"enemies":"Lagavulin","floor":6,"turns":10},{"damage":29,"enemies":"Gremlin Nob","floor":8,"turns":5},{"damage":25,"enemies":"Large Slime","floor":10,"turns":7},{"damage":5,"enemies":"Gremlin Gang","floor":14,"turns":4},{"damage":31,"enemies":"Slime Boss","floor":16,"turns":11},{"damage":28,"enemies":"Spheric Guardian","floor":18,"turns":8},{"damage":7,"enemies":"3 Byrds","floor":19,"turns":4},{"damage":33,"enemies":"Snake Plant","floor":21,"turns":5},{"damage":45,"enemies":"Gremlin Leader","floor":24,"turns":10},{"damage":14,"enemies":"Cultist and Chosen","floor":25,"turns":8},{"damage":38,"enemies":"Book of Stabbing","floor":28,"turns":6}],"seed_played":"-8953327629783022469","potions_obtained":[{"floor":2,"key":"LiquidBronze"},{"floor":4,"key":"SkillPotion"},{"floor":5,"key":"FearPotion"},{"floor":10,"key":"AttackPotion"},{"floor":11,"key":"Fire Potion"},{"floor":11,"key":"Fire Potion"},{"floor":16,"key":"Block Potion"},{"floor":17,"key":"EntropicBrew"},{"floor":19,"key":"Weak Potion"}],"is_trial":false,"path_per_floor":["M","M","M","M","M","E","R","E","T","M","?","R","?","M","R","B",null,"M","M","$","M","$","R","E","M","T","$"],"character_chosen":"IRONCLAD","items_purchased":["Shrug It Off","Ice Cream"],"campfire_rested":4,"item_purchase_floors":[20,20],"current_hp_per_floor":[78,83,87,83,67,31,59,36,36,17,17,45,45,46,72,47,94,72,71,71,44,44,72,33,29,29,29,0],"gold":105,"neow_bonus":"TWENTY_PERCENT_HP_BONUS","is_prod":false,"is_daily":false,"chose_seed":false,"campfire_upgraded":0,"win_rate":0,"timestamp":1540600907,"path_taken":["M","M","M","M","M","E","R","E","T","M","?","R","?","M","R","BOSS","M","M","$","M","$","R","E","M","T","$","E"],"build_version":"2018-10-25v2","purchased_purges":3,"victory":false,"max_hp_per_floor":[96,96,96,96,96,96,96,96,96,96,96,96,89,89,89,89,94,94,94,94,94,94,94,94,98,98,98,98],"card_choices":[{"not_picked":["Thunderclap","Warcry"],"picked":"Body Slam","floor":1},{"not_picked":["Burning Pact","Wild Strike"],"picked":"Reckless Charge","floor":2},{"not_picked":["Clash","Wild Strike"],"picked":"Metallicize","floor":3},{"not_picked":["Flex","Dual Wield"],"picked":"Body Slam","floor":4},{"not_picked":["Evolve","Intimidate"],"picked":"Cleave","floor":5},{"not_picked":["Searing Blow","Havoc"],"picked":"Headbutt","floor":6},{"not_picked":["Uppercut","Spot Weakness"],"picked":"Flame Barrier","floor":8},{"not_picked":["Twin Strike","Anger","Clash"],"picked":"SKIP","floor":10},{"not_picked":["Shockwave","Intimidate"],"picked":"Thunderclap","floor":14},{"not_picked":["Dark Embrace","Limit Break"],"picked":"Barricade","floor":16},{"not_picked":["Carnage","Anger"],"picked":"Iron Wave","floor":17},{"not_picked":["Clothesline","Havoc+1"],"picked":"Evolve+1","floor":18},{"not_picked":["Uppercut","Feel No Pain+1","Warcry"],"picked":"SKIP","floor":19},{"not_picked":["Flex","Wild Strike"],"picked":"Armaments+1","floor":21},{"not_picked":["Whirlwind","Sword Boomerang"],"picked":"Feed","floor":24},{"not_picked":["True Grit","Cleave"],"picked":"Iron Wave","floor":25}],"player_experience":187476,"relics_obtained":[{"floor":6,"key":"Boot"},{"floor":8,"key":"Smiling Mask"},{"floor":9,"key":"Self Forming Clay"},{"floor":24,"key":"Vajra"},{"floor":26,"key":"Pantograph"}],"event_choices":[{"damage_healed":0,"gold_gain":0,"player_choice":"Bought 3 Potions","damage_taken":0,"max_hp_gain":0,"max_hp_loss":0,"event_name":"The Woman in Blue","floor":11,"gold_loss":0},{"damage_healed":0,"gold_gain":0,"player_choice":"Lose Max HP","damage_taken":0,"relics_obtained":["Golden Idol"],"max_hp_gain":0,"max_hp_loss":7,"event_name":"Golden Idol","floor":13,"gold_loss":0}],"is_beta":false,"boss_relics":[{"not_picked":["Ectoplasm","Philosopher\u0027s Stone"],"picked":"Tiny House"}],"items_purged_floors":[20,22,27],"is_endless":false,"potions_floor_spawned":[2,4,5,10,16,18,19],"killed_by":"Book of Stabbing","ascension_level":3}