{"gold_per_floor":[117,47,58,73,73,73,93,93,174,174,174,189,520,520,520,617,617,637,651,662,677,677],"floor_reached":22,"playtime":1239,"items_purged":[],"score":282,"play_id":"a14e3f63-4825-4511-bd83-21a0acb0c13b","local_time":"20190419111803","is_ascension_mode":true,"campfire_choices":[{"data":"Zap","floor":6.0,"key":"SMITH"},{"data":"Dualcast","floor":8.0,"key":"SMITH"},{"data":"Conserve Battery","floor":10.0,"key":"SMITH"},{"floor":15.0,"key":"REST"}],"neow_cost":"NONE","seed_source_timestamp":0,"circlet_count":0,"master_deck":["AscendersBane","Strike_B","Strike_B","Strike_B","Strike_B","Defend_B","Defend_B","Defend_B","Zap+1","Dualcast+1","Coolheaded","Glacier","Conserve Battery+1","Go for the Eyes","Coolheaded","Compile Driver","Biased Cognition","Core Surge","Leap+1","Sweeping Beam","Cold Snap+1","Ball Lightning"],"special_seed":0,"relics":["Cracked Core","Omamori","Centennial Puzzle","Tiny Chest","Old Coin","Inserter"],"potions_floor_usage":[20],"damage_taken":[{"damage":6.0,"enemies":"2 Louse","floor":1.0,"turns":2.0},{"damage":1.0,"enemies":"Cultist","floor":3.0,"turns":3.0},{"damage":5.0,"enemies":"Jaw Worm","floor":4.0,"turns":4.0},{"damage":2.0,"enemies":"Red Slaver","floor":7.0,"turns":3.0},{"damage":0.0,"enemies":"Looter","floor":12.0,"turns":3.0},{"damage":7.0,"enemies":"3 Sentries","floor":13.0,"turns":12.0},{"damage":20.0,"enemies":"The Guardian","floor":16.0,"turns":14.0},{"damage":14.0,"enemies":"Spheric Guardian","floor":18.0,"turns":4.0},{"damage":9.0,"enemies":"Shell Parasite","floor":19.0,"turns":9.0},{"damage":23,"enemies":"3 Cultists","floor":20,"turns":7},{"damage":10,"enemies":"Snecko","floor":21,"turns":9},{"damage":12,"enemies":"Shelled Parasite and Fungi","floor":22,"turns":2}],"seed_played":"4690166023868301436","potions_obtained":[{"floor":3.0,"key":"LiquidBronze"},{"floor":7.0,"key":"Ancient Potion"},{"floor":18.0,"key":"Dexterity Potion"},{"floor":21,"key":"FocusPotion"}],"is_trial":false,"path_per_floor":["M","?","M","M","?","R","M","R","T","R","?","M","E","?","R","B",null,"M","M","M","M","M"],"character_chosen":"DEFECT","items_purchased":[],"campfire_rested":1,"item_purchase_floors":[],"current_hp_per_floor":[62,62,61,56,56,56,54,54,54,54,47,47,40,40,62,42,67,53,44,21,11,0],"gold":677,"neow_bonus":"RANDOM_COMMON_RELIC","is_prod":false,"is_daily":false,"chose_seed":false,"campfire_upgraded":3,"win_rate":0,"timestamp":1555697883,"path_taken":["M","?","?","M","?","R","?","R","T","R","?","?","E","?","R","BOSS","M","M","M","M","M"],"build_version":"2019-01-23","purchased_purges":0,"victory":false,"max_hp_per_floor":[75,75,75,75,75,75,75,75,75,75,75,75,75,75,75,75,75,75,75,75,75,75],"card_choices":[{"not_picked":["Gash","Go for the Eyes"],"picked":"Coolheaded","floor":1.0},{"not_picked":["Cold Snap","Reprogram"],"picked":"Glacier","floor":3.0},{"not_picked":["Auto Shields","Stack"],"picked":"Conserve Battery","floor":4.0},{"not_picked":["Steam","Streamline"],"picked":"Go for the Eyes","floor":7.0},{"not_picked":["Gash","Turbo"],"picked":"Coolheaded","floor":12.0},{"not_picked":["Skim","Undo"],"picked":"Compile Driver","floor":13.0},{"not_picked":["Biased Cognition","Meteor Strike"],"picked":"Core Surge","floor":16.0},{"not_picked":["Steam+1","Turbo"],"picked":"Leap+1","floor":18.0},{"not_picked":["Chaos+1","Recycle+1"],"picked":"Sweeping Beam","floor":19.0},{"not_picked":["Stack","Hello World+1"],"picked":"Cold Snap+1","floor":20},{"not_picked":["Conserve Battery","Chill"],"picked":"Ball Lightning","floor":21}],"player_experience":530145,"relics_obtained":[{"floor":9.0,"key":"Tiny Chest"},{"floor":13.0,"key":"Old Coin"}],"event_choices":[{"damage_healed":0.0,"max_hp_gain":0.0,"max_hp_loss":0.0,"gold_gain":0.0,"event_name":"WeMeetAgain","player_choice":"Paid Gold","floor":2.0,"gold_loss":70.0,"damage_taken":0.0,"relics_obtained":["Centennial Puzzle"]},{"cards_removed":["Defend_B"],"damage_healed":0.0,"max_hp_gain":0.0,"max_hp_loss":0.0,"gold_gain":0.0,"event_name":"Bonfire Elementals","player_choice":"Offered Basic","floor":5.0,"gold_loss":0.0,"damage_taken":0.0},{"damage_healed":0.0,"max_hp_gain":0.0,"max_hp_loss":0.0,"gold_gain":0.0,"event_name":"Wheel of Change","player_choice":"Damaged","floor":11.0,"gold_loss":0.0,"damage_taken":7.0},{"damage_healed":0.0,"max_hp_gain":0.0,"max_hp_loss":0.0,"gold_gain":0.0,"event_name":"Match and Keep!","player_choice":"1 cards matched","floor":14.0,"gold_loss":0.0,"damage_taken":0.0,"cards_obtained":["Biased Cognition"]}],"is_beta":false,"boss_relics":[{"not_picked":["Runic Dome","Ectoplasm"],"picked":"Inserter"}],"items_purged_floors":[],"is_endless":false,"potions_floor_spawned":[3,7,18,21],"killed_by":"Shelled Parasite and Fungi","ascension_level":10}