{"gold_per_floor":[119,138,154,165,175,175,209,229,306,326,326,326,44,56,56,155,155,165,165,185,185,198,198,213,223,223,238,258,258,258,270,270,270],"floor_reached":33,"playtime":9985,"items_purged":[],"score":334,"play_id":"578d74a4-cb98-4cac-b164-6a257083191d","local_time":"20190420013515","is_ascension_mode":true,"campfire_choices":[{"data":"Neutralize","floor":6.0,"key":"SMITH"},{"floor":11.0,"key":"REST"},{"data":"Terror","floor":15.0,"key":"SMITH"},{"floor":23,"key":"REST"},{"data":"Catalyst","floor":32,"key":"SMITH"}],"neow_cost":"NONE","seed_source_timestamp":0,"circlet_count":0,"master_deck":["Defend_G+1","Defend_G+1","Defend_G+1","Defend_G+1","Defend_G+1","Strike_G+1","Strike_G+1","Strike_G+1","Survivor","Neutralize+1","All Out Attack","Crippling Poison+1","Terror+1","Backflip","Well Laid Plans","PiercingWail","Cloak And Dagger","Catalyst+1","Sadistic Nature","Blind","Adrenaline","Noxious Fumes","Calculated Gamble+1","PiercingWail+1","Quick Slash+1","Crippling Poison","Decay","Cloak And Dagger+1"],"special_seed":0,"relics":["Ring of the Snake","Whetstone","Bottled Lightning","Sozu","MutagenicStrength","Oddly Smooth Stone"],"potions_floor_usage":[],"damage_taken":[{"damage":0.0,"enemies":"2 Louse","floor":1.0,"turns":3.0},{"damage":0.0,"enemies":"Cultist","floor":2.0,"turns":4.0},{"damage":3.0,"enemies":"Jaw Worm","floor":3.0,"turns":4.0},{"damage":8.0,"enemies":"Blue Slaver","floor":4.0,"turns":5.0},{"damage":6.0,"enemies":"2 Fungi Beasts","floor":5.0,"turns":4.0},{"damage":14.0,"enemies":"Lagavulin","floor":7.0,"turns":8.0},{"damage":8.0,"enemies":"Large Slime","floor":8.0,"turns":5.0},{"damage":0.0,"enemies":"Lots of Slimes","floor":10.0,"turns":1.0},{"damage":0.0,"enemies":"3 Louse","floor":14.0,"turns":3.0},{"damage":33.0,"enemies":"The Guardian","floor":16.0,"turns":13.0},{"damage":0,"enemies":"Chosen","floor":18,"turns":3},{"damage":0,"enemies":"Shell Parasite","floor":20,"turns":4},{"damage":19,"enemies":"Centurion and Healer","floor":22,"turns":5},{"damage":3,"enemies":"3 Cultists","floor":24,"turns":4},{"damage":12,"enemies":"Snecko","floor":25,"turns":4},{"damage":7,"enemies":"Shelled Parasite and Fungi","floor":27,"turns":4},{"damage":0,"enemies":"Centurion and Healer","floor":28,"turns":6},{"damage":2,"enemies":"Chosen and Byrds","floor":31,"turns":3},{"damage":38,"enemies":"Collector","floor":33,"turns":7}],"seed_played":"7834041985906308262","potions_obtained":[{"floor":1.0,"key":"FearPotion"},{"floor":2.0,"key":"Swift Potion"},{"floor":5.0,"key":"Explosive Potion"}],"is_trial":false,"path_per_floor":["M","M","M","M","M","R","E","M","T","M","R","?","$","M","R","B",null,"M","?","M","?","M","R","M","M","T","M","M","?","?","M","R","B"],"character_chosen":"THE_SILENT","items_purchased":["Sadistic Nature","Blind"],"campfire_rested":2,"item_purchase_floors":[13,13],"current_hp_per_floor":[63,63,60,52,46,46,32,24,24,24,45,45,45,45,45,12,56,56,56,56,56,37,58,55,43,43,36,36,36,36,34,34,0],"gold":270,"neow_bonus":"TRANSFORM_CARD","is_prod":false,"is_daily":false,"chose_seed":false,"campfire_upgraded":3,"win_rate":0,"timestamp":1555745715,"path_taken":["M","M","M","M","M","R","E","M","T","M","R","?","$","?","R","BOSS","M","?","?","?","M","R","M","M","T","M","M","?","?","M","R","BOSS"],"build_version":"2019-01-23","purchased_purges":0,"victory":false,"max_hp_per_floor":[70,70,70,70,70,70,70,70,70,70,70,70,70,70,70,70,70,70,70,70,70,70,70,70,70,70,70,70,70,70,70,70,70],"card_choices":[{"not_picked":["Poisoned Stab","Bane"],"picked":"Crippling Poison","floor":1.0},{"not_picked":["Riddle With Holes","Acrobatics"],"picked":"Terror","floor":2.0},{"not_picked":["Slice","Riddle With Holes"],"picked":"Backflip","floor":3.0},{"not_picked":["Deflect","Prepared"],"picked":"Well Laid Plans","floor":4.0},{"not_picked":["Dagger Throw","Infinite Blades"],"picked":"PiercingWail","floor":5.0},{"not_picked":["Calculated Gamble","Underhanded Strike"],"picked":"Cloak And Dagger","floor":7.0},{"not_picked":["Prepared","Underhanded Strike","Dagger Spray"],"picked":"SKIP","floor":8.0},{"not_picked":["Backflip","Unload"],"picked":"Catalyst","floor":10.0},{"not_picked":["Bane","Tactician","Prepared"],"picked":"SKIP","floor":14.0},{"not_picked":["Malaise","Die Die Die"],"picked":"Adrenaline","floor":16.0},{"not_picked":["Flying Knee","Backflip"],"picked":"Noxious Fumes","floor":18},{"not_picked":["Flying Knee","Dagger Throw","Poisoned Stab"],"picked":"SKIP","floor":20},{"not_picked":["Deflect","Eviscerate"],"picked":"Calculated Gamble+1","floor":22},{"not_picked":["Dagger Throw+1","Sucker Punch","Poisoned Stab"],"picked":"SKIP","floor":24},{"not_picked":["Terror","Noxious Fumes"],"picked":"PiercingWail+1","floor":25},{"not_picked":["Slice","Flying Knee"],"picked":"Quick Slash+1","floor":27},{"not_picked":["Predator","Terror"],"picked":"Crippling Poison","floor":28},{"not_picked":["Underhanded Strike+1","Concentrate+1"],"picked":"Cloak And Dagger+1","floor":31}],"player_experience":1956360,"relics_obtained":[{"floor":7.0,"key":"Whetstone"},{"floor":9.0,"key":"Bottled Lightning"},{"floor":26,"key":"Oddly Smooth Stone"}],"event_choices":[{"damage_healed":0.0,"max_hp_gain":0.0,"max_hp_loss":0.0,"gold_gain":0.0,"event_name":"Upgrade Shrine","player_choice":"Upgraded","floor":12.0,"gold_loss":0.0,"damage_taken":0.0,"cards_upgraded":["Crippling Poison"]},{"cards_removed":["Strike_G"],"damage_healed":0,"gold_gain":0,"player_choice":"Purged","damage_taken":0,"max_hp_gain":0,"max_hp_loss":0,"event_name":"Purifier","floor":19,"gold_loss":0},{"damage_healed":0,"gold_gain":0,"player_choice":"Inject Mutagens","damage_taken":0,"relics_obtained":["MutagenicStrength"],"max_hp_gain":0,"max_hp_loss":0,"event_name":"Drug Dealer","floor":21,"gold_loss":0},{"damage_healed":0,"gold_gain":0,"player_choice":"Simplicity","damage_taken":0,"max_hp_gain":0,"max_hp_loss":0,"event_name":"Back to Basics","floor":29,"gold_loss":0,"cards_upgraded":["Defend_G","Defend_G","Defend_G","Defend_G","Defend_G","Strike_G"]},{"damage_healed":0,"gold_gain":0,"player_choice":"Smashed Altar","damage_taken":0,"max_hp_gain":0,"max_hp_loss":0,"event_name":"Forgotten Altar","floor":30,"gold_loss":0,"cards_obtained":["Decay"]}],"is_beta":false,"boss_relics":[{"not_picked":["Lizard Tail","Snecko Eye"],"picked":"Sozu"}],"items_purged_floors":[],"is_endless":false,"potions_floor_spawned":[1,2,5,7,22,25],"killed_by":"Collector","ascension_level":6}