{"gold_per_floor":[14,32,42,2,2,37,37,69,69,87,87,87,102,133,133,234,234,245,27,43,43,59,94,94,107,160,160,120,120,4,15,15,119,119,134,145,45,45,58,58,58,58,83,83,103,103,103],"floor_reached":47,"playtime":27552,"items_purged":["Writhe","Strike_G"],"score":463,"play_id":"a280c59b-c5c9-4a25-ab57-712fccd4eff4","local_time":"20181123232321","is_ascension_mode":false,"campfire_choices":[{"data":"Neutralize","floor":7.0,"key":"SMITH"},{"data":"Glass Knife","floor":12.0,"key":"SMITH"},{"data":"Leg Sweep","floor":15.0,"key":"SMITH"},{"floor":24,"key":"REST"},{"floor":32,"key":"REST"},{"floor":40,"key":"REST"},{"floor":42,"key":"RECALL"}],"neow_cost":"NO_GOLD","seed_source_timestamp":0,"circlet_count":0,"master_deck":["Defend_G","Defend_G","Defend_G","Defend_G","Defend_G","Strike_G","Strike_G","Strike_G","Survivor","Neutralize+1","Glass Knife+1","Blur","Dagger Spray","Backflip","Leg Sweep+1","Backflip","Phantasmal Killer+1","Prepared+1","Footwork","Predator+1","A Thousand Cuts","Infinite Blades","Escape Plan","Storm of Steel","Regret","Madness","Madness"],"special_seed":0,"relics":["Ring of the Snake","PreservedInsect","Tingsha","Pantograph","Kunai","Art of War","Cursed Key","Juzu Bracelet","Anchor","Nilry\u0027s Codex","GremlinMask","Eternal Feather","Ancient Tea Set"],"potions_floor_usage":[23,23,33,33,33,39,45,47],"damage_taken":[{"damage":0.0,"enemies":"Jaw Worm","floor":1.0,"turns":4.0},{"damage":0.0,"enemies":"Cultist","floor":2.0,"turns":4.0},{"damage":2.0,"enemies":"Small Slimes","floor":3.0,"turns":2.0},{"damage":13.0,"enemies":"Lagavulin","floor":6.0,"turns":7.0},{"damage":6.0,"enemies":"Gremlin Nob","floor":8.0,"turns":4.0},{"damage":2.0,"enemies":"3 Louse","floor":10.0,"turns":3.0},{"damage":0.0,"enemies":"2 Fungi Beasts","floor":13.0,"turns":3.0},{"damage":6.0,"enemies":"Lagavulin","floor":14.0,"turns":4.0},{"damage":15.0,"enemies":"Slime Boss","floor":16.0,"turns":11.0},{"damage":0,"enemies":"Shell Parasite","floor":18,"turns":3},{"damage":0,"enemies":"Chosen","floor":20,"turns":6},{"damage":10,"enemies":"Sentry and Sphere","floor":22,"turns":5},{"damage":24,"enemies":"Gremlin Leader","floor":23,"turns":6},{"damage":5,"enemies":"Snake Plant","floor":25,"turns":5},{"damage":10,"enemies":"Chosen and Byrds","floor":31,"turns":9},{"damage":18,"enemies":"Champ","floor":33,"turns":12},{"damage":9,"enemies":"Orb Walker","floor":35,"turns":5},{"damage":0,"enemies":"3 Shapes","floor":36,"turns":6},{"damage":40,"enemies":"3 Darklings","floor":39,"turns":5},{"damage":37,"enemies":"Spire Growth","floor":45,"turns":5},{"damage":34,"enemies":"Transient","floor":47,"turns":5}],"seed_played":"1526704032182283993","potions_obtained":[{"floor":2.0,"key":"Strength Potion"},{"floor":3.0,"key":"Explosive Potion"},{"floor":8.0,"key":"GhostInAJar"},{"floor":10.0,"key":"Explosive Potion"},{"floor":16.0,"key":"PowerPotion"},{"floor":20,"key":"PowerPotion"},{"floor":23,"key":"SteroidPotion"},{"floor":28,"key":"EssenceOfSteel"},{"floor":33,"key":"EssenceOfSteel"},{"floor":35,"key":"Explosive Potion"},{"floor":39,"key":"SkillPotion"}],"is_trial":false,"path_per_floor":["M","M","M","?","?","E","R","E","T","M","T","R","M","E","R","B",null,"M","$","M","$","M","E","R","M","T","?","?","?","$","M","R","B",null,"M","M","$","?","M","R","?","R","T","?","M","?","M"],"character_chosen":"THE_SILENT","items_purchased":["Footwork","Juzu Bracelet","Infinite Blades"],"campfire_rested":3,"item_purchase_floors":[19,19,30],"current_hp_per_floor":[70,70,68,68,68,55,55,49,49,47,47,47,47,41,41,51,70,70,70,70,70,60,36,57,52,52,36,36,36,36,26,47,52,70,61,61,61,61,21,57,57,69,69,60,23,23,0],"gold":103,"neow_bonus":"THREE_RARE_CARDS","is_prod":false,"is_daily":false,"chose_seed":false,"campfire_upgraded":3,"win_rate":0,"timestamp":1543040601,"path_taken":["M","M","M","?","?","E","R","E","T","M","?","R","M","E","R","BOSS","M","$","M","?","M","E","R","M","T","?","?","?","?","M","R","BOSS","M","M","$","?","M","R","?","R","T","?","M","?","M"],"build_version":"2018-11-15","purchased_purges":2,"victory":false,"max_hp_per_floor":[70,70,70,70,70,70,70,70,70,70,70,70,70,70,70,70,70,70,70,70,70,70,70,70,70,70,70,70,70,70,70,70,70,70,70,70,70,70,70,70,70,70,70,70,70,70,70],"card_choices":[{"not_picked":["Bullet Time","Storm of Steel"],"picked":"Glass Knife","floor":0.0},{"not_picked":["Blade Dance","Flying Knee"],"picked":"Blur","floor":1.0},{"not_picked":["Poisoned Stab","Slice"],"picked":"Dagger Spray","floor":2.0},{"not_picked":["Calculated Gamble","Concentrate","Distraction"],"picked":"SKIP","floor":3.0},{"not_picked":["Poisoned Stab","Quick Slash","Dodge and Roll"],"picked":"SKIP","floor":6.0},{"not_picked":["Dagger Spray","Glass Knife"],"picked":"Backflip","floor":8.0},{"not_picked":["Cloak And Dagger","Bane","Skewer"],"picked":"SKIP","floor":10.0},{"not_picked":["Caltrops","Slice"],"picked":"Leg Sweep","floor":13.0},{"not_picked":["Dagger Throw","Endless Agony"],"picked":"Backflip","floor":14.0},{"not_picked":["Envenom","Wraith Form v2"],"picked":"Phantasmal Killer","floor":16.0},{"not_picked":["Predator","Setup"],"picked":"Prepared+1","floor":18},{"not_picked":["Poisoned Stab","Quick Slash","Underhanded Strike+1"],"picked":"SKIP","floor":20},{"not_picked":["Slice","Cloak And Dagger"],"picked":"Predator+1","floor":22},{"not_picked":["Venomology","Sucker Punch"],"picked":"A Thousand Cuts","floor":23},{"not_picked":["Quick Slash","PiercingWail+1","Bane+1"],"picked":"SKIP","floor":25},{"not_picked":["Malaise","Flying Knee"],"picked":"Escape Plan","floor":31},{"not_picked":["Die Die Die","After Image"],"picked":"Storm of Steel","floor":33},{"not_picked":["Flying Knee","Cloak And Dagger","Poisoned Stab+1"],"picked":"SKIP","floor":35},{"not_picked":["Eviscerate","Deadly Poison+1","Outmaneuver"],"picked":"SKIP","floor":36},{"not_picked":["Acrobatics","Blade Dance","Deadly Poison"],"picked":"SKIP","floor":39},{"not_picked":["Poisoned Stab+1","Bane","Blade Dance+1"],"picked":"SKIP","floor":45}],"player_experience":1309599,"relics_obtained":[{"floor":6.0,"key":"PreservedInsect"},{"floor":8.0,"key":"Tingsha"},{"floor":9.0,"key":"Pantograph"},{"floor":11.0,"key":"Kunai"},{"floor":14.0,"key":"Art of War"},{"floor":23,"key":"Anchor"},{"floor":27,"key":"Nilry\u0027s Codex"},{"floor":43,"key":"Ancient Tea Set"}],"event_choices":[{"damage_healed":0.0,"max_hp_gain":0.0,"max_hp_loss":0.0,"gold_gain":0.0,"event_name":"World of Goop","player_choice":"Left Gold","floor":4.0,"gold_loss":40.0,"damage_taken":0.0},{"damage_healed":0.0,"max_hp_gain":0.0,"max_hp_loss":0.0,"gold_gain":0.0,"event_name":"Liars Game","player_choice":"Ignored","floor":5.0,"gold_loss":0.0,"damage_taken":0.0},{"damage_healed":0,"gold_gain":0,"player_choice":"Obtained Book","damage_taken":16,"max_hp_gain":0,"max_hp_loss":0,"event_name":"Cursed Tome","floor":27,"gold_loss":0},{"damage_healed":0,"gold_gain":0,"player_choice":"Bought 3 Potions","damage_taken":0,"max_hp_gain":0,"max_hp_loss":0,"event_name":"The Woman in Blue","floor":28,"gold_loss":0},{"damage_healed":0,"gold_gain":0,"player_choice":"Trade","damage_taken":0,"relics_obtained":["GremlinMask"],"max_hp_gain":0,"max_hp_loss":0,"event_name":"FaceTrader","floor":29,"gold_loss":0},{"damage_healed":0,"gold_gain":0,"player_choice":"Upgraded","damage_taken":0,"max_hp_gain":0,"max_hp_loss":0,"event_name":"Upgrade Shrine","floor":38,"gold_loss":0,"cards_upgraded":["Phantasmal Killer"]},{"cards_removed":["Strike_G"],"damage_healed":0,"gold_gain":0,"player_choice":"Removed Attack","damage_taken":0,"max_hp_gain":0,"max_hp_loss":0,"event_name":"Falling","floor":41,"gold_loss":0},{"damage_healed":0,"gold_gain":0,"player_choice":"Embrace Madness","damage_taken":9,"max_hp_gain":0,"max_hp_loss":0,"event_name":"Winding Halls","floor":44,"gold_loss":0,"cards_obtained":["Madness","Madness"]},{"damage_healed":0,"gold_gain":0,"player_choice":"Ignored","damage_taken":0,"max_hp_gain":0,"max_hp_loss":0,"event_name":"Mysterious Sphere","floor":46,"gold_loss":0}],"is_beta":false,"boss_relics":[{"not_picked":["Astrolabe","Pandora\u0027s Box"],"picked":"Cursed Key"},{"not_picked":["Snecko Eye","Velvet Choker"],"picked":"Eternal Feather"}],"items_purged_floors":[30,37],"is_endless":false,"potions_floor_spawned":[2,3,8,10,16,20,23,33,35,39],"killed_by":"Transient","ascension_level":0}