{"gold_per_floor":[111,129,81,81,81,111,111,142,217,274,303,303,314,325,325,429,429,410,430,355,355],"floor_reached":21,"playtime":631,"items_purged":[],"score":222,"play_id":"f9e1efe6-7cab-4526-837f-f0eb97443f25","local_time":"20190821142219","is_ascension_mode":false,"campfire_choices":[{"floor":7,"key":"REST"},{"floor":12,"key":"REST"},{"floor":15,"key":"REST"}],"neow_cost":"NONE","seed_source_timestamp":83183451757896,"circlet_count":0,"master_deck":["Strike_B+1","Strike_B","Strike_B","Defend_B+1","Defend_B","Defend_B","Defend_B","Zap+1","Dualcast","Heatsinks","Go for the Eyes","Coolheaded","Redo","Beam Cell","Capacitor","Creative AI","Melter"],"relics":["Cracked Core","NeowsBlessing","Bronze Scales","Ancient Tea Set","Gremlin Horn","Art of War","Dream Catcher","Busted Crown"],"potions_floor_usage":[8,8,16,16,16],"damage_taken":[{"damage":0,"enemies":"Small Slimes","floor":1,"turns":1},{"damage":0,"enemies":"2 Louse","floor":2,"turns":1},{"damage":0,"enemies":"3 Sentries","floor":6,"turns":1},{"damage":16,"enemies":"Gremlin Nob","floor":8,"turns":3},{"damage":12,"enemies":"Lagavulin Event","floor":10,"turns":8},{"damage":23,"enemies":"Lagavulin","floor":11,"turns":8},{"damage":0,"enemies":"Jaw Worm","floor":13,"turns":3},{"damage":11,"enemies":"Exordium Wildlife","floor":14,"turns":6},{"damage":4,"enemies":"Slime Boss","floor":16,"turns":9},{"damage":30,"enemies":"2 Thieves","floor":18,"turns":4},{"damage":34,"enemies":"Chosen","floor":19,"turns":5},{"damage":7,"enemies":"Centurion and Healer","floor":21,"turns":2}],"seed_played":"-8761826123542553062","potions_obtained":[{"floor":1,"key":"AttackPotion"},{"floor":8,"key":"LiquidBronze"},{"floor":10,"key":"Dexterity Potion"},{"floor":14,"key":"AttackPotion"},{"floor":19,"key":"Energy Potion"}],"is_trial":false,"path_per_floor":["M","M","$","?","?","E","R","E","T","?","E","R","M","M","R","B",null,"M","M","?","M"],"character_chosen":"DEFECT","items_purchased":["PowerPotion"],"campfire_rested":3,"item_purchase_floors":[3],"current_hp_per_floor":[75,75,75,75,60,60,75,59,59,47,24,46,46,35,57,53,75,45,11,11,4],"gold":355,"neow_bonus":"THREE_ENEMY_KILL","is_prod":false,"is_daily":false,"chose_seed":false,"campfire_upgraded":0,"win_rate":0,"timestamp":1566368539,"path_taken":["M","M","$","?","?","E","R","E","T","?","E","R","M","M","R","BOSS","M","M","?","M"],"build_version":"2019-07-17","purchased_purges":0,"victory":false,"max_hp_per_floor":[75,75,75,75,75,75,75,75,75,75,75,75,75,75,75,75,75,75,75,75,75],"card_choices":[{"not_picked":["Steam","Beam Cell"],"picked":"Heatsinks","floor":1},{"not_picked":["Darkness","Steam","Turbo"],"picked":"SKIP","floor":2},{"not_picked":["Streamline","Blizzard"],"picked":"Go for the Eyes","floor":6},{"not_picked":["Hyperbeam","Turbo"],"picked":"Coolheaded","floor":8},{"not_picked":["Stack","Fission","Compile Driver"],"picked":"SKIP","floor":11},{"not_picked":["Cold Snap","White Noise"],"picked":"Redo","floor":12},{"not_picked":["BootSequence","Sweeping Beam"],"picked":"Beam Cell","floor":13},{"not_picked":["Stack","Streamline","Reprogram"],"picked":"SKIP","floor":14},{"not_picked":["Steam","Cold Snap"],"picked":"Capacitor","floor":15},{"not_picked":["Reboot","Fission"],"picked":"Creative AI","floor":16},{"not_picked":["Stack"],"picked":"SKIP","floor":18},{"not_picked":[],"picked":"Melter","floor":19}],"player_experience":239147,"relics_obtained":[{"floor":6,"key":"Bronze Scales"},{"floor":8,"key":"Ancient Tea Set"},{"floor":9,"key":"Gremlin Horn"},{"floor":10,"key":"Art of War"},{"floor":11,"key":"Dream Catcher"}],"event_choices":[{"damage_healed":0,"gold_gain":0,"player_choice":"Grow","damage_taken":0,"max_hp_gain":0,"max_hp_loss":0,"event_name":"Living Wall","floor":4,"gold_loss":0,"cards_upgraded":["Zap"]},{"damage_healed":0,"gold_gain":0,"player_choice":"Entered Light","damage_taken":15,"max_hp_gain":0,"max_hp_loss":0,"event_name":"Shining Light","floor":5,"gold_loss":0,"cards_upgraded":["Strike_B","Defend_B"]},{"damage_healed":0,"gold_gain":0,"player_choice":"Searched \u00271\u0027 times","damage_taken":0,"max_hp_gain":0,"max_hp_loss":0,"event_name":"Dead Adventurer","floor":10,"gold_loss":0},{"cards_removed":["Strike_B"],"damage_healed":0,"gold_gain":0,"player_choice":"Gave Gold","damage_taken":0,"max_hp_gain":0,"max_hp_loss":0,"event_name":"Beggar","floor":20,"gold_loss":75}],"is_beta":false,"boss_relics":[{"not_picked":["Black Star","Ectoplasm"],"picked":"Busted Crown"}],"items_purged_floors":[],"is_endless":false,"potions_floor_spawned":[1,8,10,14,19],"killed_by":"Centurion and Healer","ascension_level":0}