{"gold_per_floor":[110,123,140,60,75,75,48,48,78,112,125,137,147,8,8,112,112,125,52,67,67,67,67,85,85,85,10,22,53,71,88,88,88],"floor_reached":33,"playtime":1805,"items_purged":["Strike_G"],"score":271,"play_id":"c05c6f11-22cd-43dc-b235-0d847a138fa4","local_time":"20190410232950","is_ascension_mode":false,"campfire_choices":[{"data":"Noxious Fumes","floor":6,"key":"SMITH"},{"data":"Bouncing Flask","floor":8,"key":"SMITH"},{"floor":15,"key":"REST"},{"floor":23,"key":"REST"},{"floor":32,"key":"REST"}],"neow_cost":"NONE","seed_source_timestamp":305962141640369,"circlet_count":0,"master_deck":["Defend_G","Defend_G","Defend_G","Defend_G","Defend_G","Strike_G","Survivor","Neutralize","Flying Knee","Crippling Poison","Bouncing Flask+1","Noxious Fumes+1","Backflip","After Image","Dodge and Roll","Noxious Fumes","Bane","Blur","Leg Sweep","Adrenaline","Outmaneuver+1","Tactician","Malaise","Dodge and Roll","Heel Hook+1","Prepared","Catalyst","Noxious Fumes"],"relics":["Ring of the Snake","Tiny Chest","Dodecahedron","Fusion Hammer","Paper Crane","Bottled Flame"],"potions_floor_usage":[11,16,16,28,31,33,33],"damage_taken":[{"damage":0,"enemies":"Cultist","floor":1,"turns":4},{"damage":0,"enemies":"2 Louse","floor":2,"turns":3},{"damage":7,"enemies":"Jaw Worm","floor":3,"turns":4},{"damage":5,"enemies":"Blue Slaver","floor":5,"turns":4},{"damage":16,"enemies":"Lagavulin","floor":10,"turns":5},{"damage":7,"enemies":"3 Louse","floor":11,"turns":3},{"damage":2,"enemies":"Exordium Wildlife","floor":12,"turns":4},{"damage":0,"enemies":"Looter","floor":13,"turns":4},{"damage":14,"enemies":"The Guardian","floor":16,"turns":11},{"damage":0,"enemies":"3 Byrds","floor":18,"turns":4},{"damage":8,"enemies":"Chosen","floor":20,"turns":5},{"damage":2,"enemies":"Shelled Parasite and Fungi","floor":24,"turns":6},{"damage":2,"enemies":"Centurion and Healer","floor":28,"turns":7},{"damage":4,"enemies":"Book of Stabbing","floor":29,"turns":7},{"damage":11,"enemies":"Cultist and Chosen","floor":30,"turns":7},{"damage":18,"enemies":"Shelled Parasite and Fungi","floor":31,"turns":6},{"damage":54,"enemies":"Collector","floor":33,"turns":5}],"seed_played":"-8006830909386261232","potions_obtained":[{"floor":1,"key":"AttackPotion"},{"floor":2,"key":"SpeedPotion"},{"floor":10,"key":"EssenceOfSteel"},{"floor":11,"key":"Explosive Potion"},{"floor":18,"key":"LiquidBronze"},{"floor":20,"key":"SkillPotion"},{"floor":30,"key":"Explosive Potion"}],"is_trial":false,"path_per_floor":["M","M","M","$","M","R","?","R","T","E","M","M","M","$","R","B",null,"M","$","M","?","?","R","M","?","T","$","M","E","M","M","R","B"],"character_chosen":"THE_SILENT","items_purchased":["Noxious Fumes","Blur","Leg Sweep","Tactician"],"campfire_rested":3,"item_purchase_floors":[4,14,14,19],"current_hp_per_floor":[70,70,63,63,58,58,58,58,58,42,35,33,33,33,54,40,70,70,70,62,62,62,70,68,68,68,68,66,62,51,33,54,0],"gold":88,"neow_bonus":"THREE_CARDS","is_prod":false,"is_daily":false,"chose_seed":false,"campfire_upgraded":2,"win_rate":0.0,"timestamp":1554910190,"path_taken":["M","M","M","?","M","R","?","R","T","E","M","M","M","$","R","BOSS","M","$","M","?","?","R","M","?","T","$","M","E","?","M","R","BOSS"],"build_version":"2019-01-23","purchased_purges":1,"victory":false,"max_hp_per_floor":[70,70,70,70,70,70,70,70,70,70,70,70,70,70,70,70,70,70,70,70,70,70,70,70,70,70,70,70,70,70,70,70,70],"card_choices":[{"not_picked":["Sucker Punch","Dodge and Roll"],"picked":"Flying Knee","floor":0},{"not_picked":["Endless Agony","Poisoned Stab"],"picked":"Crippling Poison","floor":1},{"not_picked":["Choke","Outmaneuver"],"picked":"Bouncing Flask","floor":2},{"not_picked":["Slice","Riddle With Holes","Dagger Throw"],"picked":"SKIP","floor":3},{"not_picked":["Quick Slash","Slice"],"picked":"Backflip","floor":5},{"not_picked":["Eviscerate","Blade Dance"],"picked":"After Image","floor":10},{"not_picked":["Outmaneuver","Well Laid Plans"],"picked":"Dodge and Roll","floor":11},{"not_picked":["Choke","Heel Hook"],"picked":"Noxious Fumes","floor":12},{"not_picked":["Slice","Acrobatics"],"picked":"Bane","floor":13},{"not_picked":["Die Die Die","Malaise"],"picked":"Adrenaline","floor":16},{"not_picked":["Deadly Poison+1","PiercingWail"],"picked":"Outmaneuver+1","floor":18},{"not_picked":["Bane","Dodge and Roll","Noxious Fumes+1"],"picked":"SKIP","floor":20},{"not_picked":["Dagger Spray","Flechettes"],"picked":"Heel Hook+1","floor":24},{"not_picked":["Endless Agony","Noxious Fumes"],"picked":"Prepared","floor":28},{"not_picked":["Deadly Poison","Outmaneuver"],"picked":"Catalyst","floor":29},{"not_picked":["Blade Dance","Finisher"],"picked":"Noxious Fumes","floor":30},{"not_picked":["Night Terror","Dodge and Roll+1","Sucker Punch"],"picked":"SKIP","floor":31}],"player_experience":10536,"relics_obtained":[{"floor":9,"key":"Tiny Chest"},{"floor":10,"key":"Dodecahedron"},{"floor":26,"key":"Paper Crane"},{"floor":29,"key":"Bottled Flame"}],"event_choices":[{"damage_healed":0,"gold_gain":0,"player_choice":"Left Gold","damage_taken":0,"max_hp_gain":0,"max_hp_loss":0,"event_name":"World of Goop","floor":7,"gold_loss":27},{"damage_healed":0,"gold_gain":0,"cards_transformed":["Strike_G","Strike_G"],"player_choice":"Became Test Subject","damage_taken":0,"max_hp_gain":0,"max_hp_loss":0,"event_name":"Drug Dealer","floor":21,"gold_loss":0,"cards_obtained":["Malaise","Dodge and Roll"]},{"cards_removed":["Strike_G"],"damage_healed":0,"gold_gain":0,"player_choice":"Elegance","damage_taken":0,"max_hp_gain":0,"max_hp_loss":0,"event_name":"Back to Basics","floor":22,"gold_loss":0},{"damage_healed":0,"gold_gain":0,"player_choice":"Ignored","damage_taken":0,"max_hp_gain":0,"max_hp_loss":0,"event_name":"The Mausoleum","floor":25,"gold_loss":0}],"is_beta":false,"boss_relics":[{"not_picked":["Snecko Eye","Calling Bell"],"picked":"Fusion Hammer"}],"items_purged_floors":[27],"is_endless":false,"potions_floor_spawned":[1,2,10,11,18,20,30],"killed_by":"Collector","ascension_level":0}