{"gold_per_floor":[111,125,136,311,236,236,288,307,307,319,27,58,73,73,73,168,168,150,175,175,20,20,20,37,54,78,96,96,96,112,123,123,219,219,236,236,30,47,67,67,77,77,77,90,103,118,118],"floor_reached":47,"playtime":2146,"items_purged":["Doubt","Strike_G"],"score":433,"play_id":"d6f2d44d-c1d9-4580-80bd-6860c5bf4be0","local_time":"20190816220221","is_ascension_mode":false,"campfire_choices":[{"data":"Dagger Spray","floor":6,"key":"SMITH"},{"floor":15,"key":"REST"},{"data":"Backflip","floor":23,"key":"SMITH"},{"floor":29,"key":"REST"},{"floor":32,"key":"REST"},{"floor":40,"key":"REST"},{"floor":42,"key":"REST"}],"neow_cost":"NONE","seed_source_timestamp":143570282456753,"circlet_count":0,"master_deck":["Strike_G","Strike_G","Strike_G","Strike_G","Defend_G","Defend_G","Defend_G","Defend_G","Defend_G","Survivor","Neutralize","Deadly Poison","Dagger Spray+1","Deadly Poison+1","Acrobatics","Backflip+1","Armaments+1","Leap+1","Steam+1","Chrysalis+1","PiercingWail+1","Calculated Gamble+1","Caltrops+1","Panacea+1","Terror+1","Discovery+1","Unload","Flex+1","Parasite","Bane+1","Shrug It Off+1"],"relics":["Ring of the Snake","NeowsBlessing","Vajra","Prayer Wheel","PrismaticShard","Toxic Egg 2","Runic Pyramid","Red Mask","Snake Skull","Ancient Tea Set","Lantern","Busted Crown","Strange Spoon","Pantograph"],"potions_floor_usage":[16,19,33,33,35,45,45,46],"damage_taken":[{"damage":0,"enemies":"Jaw Worm","floor":1,"turns":1},{"damage":0,"enemies":"Cultist","floor":2,"turns":1},{"damage":0,"enemies":"2 Louse","floor":3,"turns":1},{"damage":4,"enemies":"Large Slime","floor":8,"turns":6},{"damage":2,"enemies":"Looter","floor":10,"turns":3},{"damage":20,"enemies":"Lagavulin","floor":12,"turns":6},{"damage":0,"enemies":"Gremlin Gang","floor":13,"turns":1},{"damage":58,"enemies":"Slime Boss","floor":16,"turns":13},{"damage":7,"enemies":"2 Thieves","floor":18,"turns":4},{"damage":0,"enemies":"Masked Bandits","floor":19,"turns":3},{"damage":20,"enemies":"Spheric Guardian","floor":24,"turns":4},{"damage":3,"enemies":"Centurion and Healer","floor":25,"turns":8},{"damage":0,"enemies":"Snake Plant","floor":27,"turns":4},{"damage":1,"enemies":"Cultist and Chosen","floor":30,"turns":6},{"damage":27,"enemies":"Sentry and Sphere","floor":31,"turns":6},{"damage":39,"enemies":"Automaton","floor":33,"turns":10},{"damage":5,"enemies":"3 Shapes","floor":35,"turns":7},{"damage":2,"enemies":"3 Darklings","floor":38,"turns":3},{"damage":17,"enemies":"Writhing Mass","floor":39,"turns":7},{"damage":30,"enemies":"4 Shapes","floor":41,"turns":9},{"damage":9,"enemies":"Jaw Worm Horde","floor":44,"turns":4},{"damage":19,"enemies":"3 Darklings","floor":45,"turns":6},{"damage":34,"enemies":"Sphere and 2 Shapes","floor":46,"turns":5},{"damage":21,"enemies":"Transient","floor":47,"turns":5}],"seed_played":"6175343151878147503","potions_obtained":[{"floor":1,"key":"EssenceOfSteel"},{"floor":10,"key":"Energy Potion"},{"floor":13,"key":"AttackPotion"},{"floor":25,"key":"FearPotion"},{"floor":30,"key":"Swift Potion"},{"floor":31,"key":"LiquidBronze"},{"floor":33,"key":"Swift Potion"},{"floor":38,"key":"SneckoOil"},{"floor":39,"key":"GhostInAJar"},{"floor":45,"key":"PowerPotion"}],"is_trial":false,"path_per_floor":["M","M","M","?","$","R","T","M","T","M","$","E","M","?","R","B",null,"M","?","?","$","?","R","M","M","T","M","?","R","M","M","R","B",null,"M","?","$","M","M","R","M","R","T","M","M","M","M"],"character_chosen":"THE_SILENT","items_purchased":["PrismaticShard","Snake Skull","Strange Spoon"],"campfire_rested":5,"item_purchase_floors":[11,21,37],"current_hp_per_floor":[70,70,70,70,70,70,70,66,66,64,64,44,44,49,71,13,75,68,68,68,68,68,68,48,45,45,45,45,67,66,39,61,22,75,70,70,70,68,51,73,43,65,65,56,37,3,0],"gold":118,"neow_bonus":"THREE_ENEMY_KILL","is_prod":false,"is_daily":false,"chose_seed":false,"campfire_upgraded":2,"win_rate":0,"timestamp":1565964141,"path_taken":["M","M","M","?","$","R","?","M","T","M","$","E","?","?","R","BOSS","M","?","?","$","?","R","?","M","T","M","?","R","M","M","R","BOSS","M","?","?","M","M","R","M","R","T","M","M","M","M"],"build_version":"2019-07-17","purchased_purges":2,"victory":false,"max_hp_per_floor":[70,70,70,70,70,70,70,70,70,70,70,70,70,75,75,75,75,75,75,75,75,75,75,75,75,75,75,75,75,75,75,75,75,75,75,75,75,75,75,75,75,75,75,75,75,75,75],"card_choices":[{"not_picked":["Expertise","Dagger Spray","Accuracy"],"picked":"SKIP","floor":1},{"not_picked":["Slice","Bane"],"picked":"Deadly Poison","floor":2},{"not_picked":["Heel Hook","Eviscerate"],"picked":"Dagger Spray","floor":3},{"not_picked":["Endless Agony","Bane"],"picked":"Deadly Poison","floor":8},{"not_picked":["Flying Knee","Blade Dance"],"picked":"Acrobatics","floor":10},{"not_picked":["Cloak And Dagger","Expertise"],"picked":"Backflip","floor":10},{"not_picked":["Underhanded Strike","Reaper"],"picked":"Armaments","floor":12},{"not_picked":["Purity+1","Bloodletting+1"],"picked":"Leap+1","floor":13},{"not_picked":["True Grit+1","Expertise+1"],"picked":"Steam+1","floor":13},{"not_picked":["Multi-Cast+1","Thinking Ahead+1"],"picked":"Chrysalis+1","floor":16},{"not_picked":["Static Discharge","Perfected Strike+1"],"picked":"PiercingWail+1","floor":18},{"not_picked":["Undo+1","Outmaneuver+1"],"picked":"Calculated Gamble+1","floor":18},{"not_picked":["Bane+1","Thunderclap"],"picked":"Caltrops+1","floor":19},{"not_picked":["Deadly Poison+1","Twin Strike"],"picked":"Panacea+1","floor":24},{"not_picked":["Cold Snap","Dash","Iron Wave+1"],"picked":"SKIP","floor":24},{"not_picked":["Tactician+1","Go for the Eyes"],"picked":"Terror+1","floor":25},{"not_picked":["Accuracy","True Grit+1","Streamline+1"],"picked":"SKIP","floor":25},{"not_picked":["Defragment","Bane","Riddle With Holes"],"picked":"SKIP","floor":27},{"not_picked":["Masterful Stab","Flex+1","Wild Strike+1"],"picked":"SKIP","floor":27},{"not_picked":["Riddle With Holes","Sweeping Beam+1"],"picked":"Discovery+1","floor":30},{"not_picked":["Recycle+1","Slice+1","Heavy Blade+1"],"picked":"SKIP","floor":30},{"not_picked":["Flechettes","Sword Boomerang+1","Cleave"],"picked":"SKIP","floor":31},{"not_picked":["Chill+1","Glacier+1","Backflip+1"],"picked":"SKIP","floor":31},{"not_picked":[],"picked":"Loop","floor":35},{"not_picked":["Quick Slash+1"],"picked":"SKIP","floor":35},{"not_picked":[],"picked":"Flex+1","floor":38},{"not_picked":["Flechettes+1"],"picked":"SKIP","floor":38},{"not_picked":["Combust"],"picked":"SKIP","floor":39},{"not_picked":["Quick Slash+1"],"picked":"SKIP","floor":39},{"not_picked":[],"picked":"Bane+1","floor":41},{"not_picked":["Warcry+1"],"picked":"SKIP","floor":41},{"not_picked":[],"picked":"Shrug It Off+1","floor":44},{"not_picked":["Coolheaded+1"],"picked":"SKIP","floor":44},{"not_picked":["Impatience+1"],"picked":"SKIP","floor":45},{"not_picked":["Twin Strike+1"],"picked":"SKIP","floor":45},{"not_picked":["Whirlwind"],"picked":"SKIP","floor":46},{"not_picked":["Armaments+1"],"picked":"SKIP","floor":46}],"player_experience":207370,"relics_obtained":[{"floor":7,"key":"Vajra"},{"floor":9,"key":"Prayer Wheel"},{"floor":12,"key":"Toxic Egg 2"},{"floor":19,"key":"Red Mask"},{"floor":26,"key":"Ancient Tea Set"},{"floor":43,"key":"Pantograph"}],"event_choices":[{"damage_healed":0,"gold_gain":175,"player_choice":"AGREE","damage_taken":0,"max_hp_gain":0,"max_hp_loss":0,"event_name":"Liars Game","floor":4,"gold_loss":0,"cards_obtained":["Doubt"]},{"damage_healed":0,"gold_gain":0,"player_choice":"Donut","damage_taken":0,"max_hp_gain":5,"max_hp_loss":0,"event_name":"Big Fish","floor":14,"gold_loss":0},{"damage_healed":0,"gold_gain":0,"player_choice":"Fought Bandits","damage_taken":0,"max_hp_gain":0,"max_hp_loss":0,"event_name":"Masked Bandits","floor":19,"gold_loss":0},{"damage_healed":0,"gold_gain":0,"player_choice":"Ignored","damage_taken":0,"max_hp_gain":0,"max_hp_loss":0,"event_name":"Ghosts","floor":20,"gold_loss":0},{"damage_healed":0,"gold_gain":0,"player_choice":"Upgraded","damage_taken":0,"max_hp_gain":0,"max_hp_loss":0,"event_name":"Upgrade Shrine","floor":22,"gold_loss":0,"cards_upgraded":["Deadly Poison"]},{"damage_healed":0,"gold_gain":0,"player_choice":"Gave Potion","damage_taken":0,"relics_obtained":["Lantern"],"max_hp_gain":0,"max_hp_loss":0,"event_name":"WeMeetAgain","floor":28,"gold_loss":0},{"damage_healed":0,"gold_gain":0,"cards_transformed":["Loop"],"player_choice":"Transformed","damage_taken":0,"max_hp_gain":0,"max_hp_loss":0,"event_name":"Transmorgrifier","floor":36,"gold_loss":0,"cards_obtained":["Unload"]}],"is_beta":false,"boss_relics":[{"not_picked":["Runic Dome","Black Star"],"picked":"Runic Pyramid"},{"not_picked":["Coffee Dripper","Calling Bell"],"picked":"Busted Crown"}],"items_purged_floors":[5,11],"is_endless":false,"potions_floor_spawned":[1,10,13,25,30,31,33,38,39,45],"killed_by":"Transient","ascension_level":0}