{"gold_per_floor":[113,126,137,137,155,155,182,182,252,264,264,282,282,282,282,381,381,399,412,77,77,87,112,112,62,85,99,99,99,128,138,138,233,233,246,246,246,264,134,134,169,169,215,228,328,328,328,355,355,355],"floor_reached":51,"playtime":4587,"items_purged":["Defend_G","Defend_G","Strike_G"],"score":1222,"play_id":"7e1a2576-73fe-44fc-a13c-8ae198ee112e","local_time":"20181224124558","is_ascension_mode":true,"campfire_choices":[{"data":"Neutralize","floor":6.0,"key":"SMITH"},{"data":"Backflip","floor":8.0,"key":"SMITH"},{"data":"Bouncing Flask","floor":11.0,"key":"SMITH"},{"data":"Dodge and Roll","floor":13.0,"key":"SMITH"},{"data":"Cloak And Dagger","floor":15.0,"key":"SMITH"},{"floor":24.0,"key":"REST"},{"floor":29.0,"key":"REST"},{"data":"Catalyst","floor":32.0,"key":"SMITH"},{"data":"Footwork","floor":40.0,"key":"SMITH"},{"data":"Blur","floor":42.0,"key":"SMITH"},{"data":"Adrenaline","floor":49.0,"key":"SMITH"}],"neow_cost":"TEN_PERCENT_HP_LOSS","seed_source_timestamp":0,"circlet_count":0,"master_deck":["Defend_G","Strike_G+1","Survivor","Neutralize+1","Backflip+1","Crippling Poison+1","Sucker Punch","Bouncing Flask+1","Cloak And Dagger+1","Prepared","Dodge and Roll+1","Adrenaline+1","Blur+1","Prepared","Well Laid Plans","Bane","Catalyst+1","Backflip","Terror","Flechettes+1","Leg Sweep","Catalyst+1","Glass Knife","Well Laid Plans+1","Footwork+1","Catalyst","Enlightenment","Sucker Punch"],"special_seed":0,"relics":["Ring of the Snake","Gambling Chip","Pantograph","Black Star","Strawberry","Smiling Mask","Snake Skull","Art of War","Omamori","Tough Bandages","Cursed Key","Whetstone","PreservedInsect","Bag of Marbles","Thread and Needle","Bronze Scales","Bag of Preparation"],"potions_floor_usage":[50,50],"damage_taken":[{"damage":1.0,"enemies":"Jaw Worm","floor":1.0,"turns":4.0},{"damage":0.0,"enemies":"2 Louse","floor":2.0,"turns":3.0},{"damage":0.0,"enemies":"Cultist","floor":3.0,"turns":5.0},{"damage":0.0,"enemies":"3 Louse","floor":5.0,"turns":2.0},{"damage":20.0,"enemies":"3 Sentries","floor":7.0,"turns":10.0},{"damage":0.0,"enemies":"Looter","floor":10.0,"turns":3.0},{"damage":0.0,"enemies":"2 Fungi Beasts","floor":12.0,"turns":3.0},{"damage":0.0,"enemies":"Hexaghost","floor":16.0,"turns":8.0},{"damage":0.0,"enemies":"3 Byrds","floor":18.0,"turns":4.0},{"damage":0.0,"enemies":"Spheric Guardian","floor":19.0,"turns":3.0},{"damage":0.0,"enemies":"Snecko","floor":22.0,"turns":4.0},{"damage":39.0,"enemies":"Slavers","floor":23.0,"turns":6.0},{"damage":10.0,"enemies":"Shelled Parasite and Fungi","floor":27.0,"turns":5.0},{"damage":4.0,"enemies":"Book of Stabbing","floor":30.0,"turns":4.0},{"damage":0.0,"enemies":"Snake Plant","floor":31.0,"turns":4.0},{"damage":0.0,"enemies":"Champ","floor":33.0,"turns":6.0},{"damage":4.0,"enemies":"3 Darklings","floor":35.0,"turns":5.0},{"damage":1.0,"enemies":"3 Shapes","floor":38.0,"turns":3.0},{"damage":8.0,"enemies":"Nemesis","floor":41.0,"turns":5.0},{"damage":4.0,"enemies":"3 Darklings","floor":44.0,"turns":5.0},{"damage":0.0,"enemies":"Mind Bloom Boss Battle","floor":45.0,"turns":3.0},{"damage":0.0,"enemies":"Giant Head","floor":48.0,"turns":4.0},{"damage":32,"enemies":"Awakened One","floor":50,"turns":13}],"seed_played":"-3390747895013842530","potions_obtained":[{"floor":1.0,"key":"Poison Potion"},{"floor":2.0,"key":"SpeedPotion"},{"floor":3.0,"key":"FearPotion"},{"floor":7.0,"key":"FearPotion"},{"floor":16.0,"key":"Block Potion"},{"floor":18.0,"key":"Explosive Potion"},{"floor":23.0,"key":"SmokeBomb"},{"floor":27.0,"key":"Poison Potion"},{"floor":33.0,"key":"EssenceOfSteel"},{"floor":41.0,"key":"PowerPotion"},{"floor":44.0,"key":"Regen Potion"},{"floor":48.0,"key":"Strength Potion"}],"is_trial":false,"path_per_floor":["M","M","M","?","M","R","E","R","T","M","R","M","R","?","R","B",null,"M","M","$","?","M","E","R","$","T","M","?","R","E","M","R","B",null,"M","?","?","M","$","R","E","R","T","M","?","?","?","E","R","B",null],"character_chosen":"THE_SILENT","items_purchased":["Strawberry","Well Laid Plans","Bane","Footwork"],"campfire_rested":2,"item_purchase_floors":[20,20,20,39],"current_hp_per_floor":[62,62,62,62,62,62,42,42,42,42,42,42,42,35,35,60,62,62,62,69,69,69,30,51,51,51,41,28,50,46,46,46,71,74,70,70,70,69,69,69,61,61,61,57,75,75,75,75,75,57],"gold":355,"neow_bonus":"REMOVE_TWO","is_prod":false,"is_daily":false,"chose_seed":false,"campfire_upgraded":9,"win_rate":0,"timestamp":1545677158,"path_taken":["M","M","M","?","M","R","E","R","T","M","R","M","R","?","R","BOSS","M","M","$","?","M","E","R","$","T","?","?","R","E","M","R","BOSS","M","?","?","M","$","R","E","R","T","?","?","?","?","E","R","BOSS"],"build_version":"2018-12-20","purchased_purges":3,"victory":true,"max_hp_per_floor":[63,63,63,63,63,63,63,63,63,63,63,63,63,63,63,63,63,63,63,70,70,70,70,70,70,70,70,75,75,75,75,75,75,75,75,75,75,75,75,75,75,75,75,75,75,75,75,75,75,75],"card_choices":[{"not_picked":["Acrobatics","Leg Sweep"],"picked":"Backflip","floor":1.0},{"not_picked":["Deadly Poison","Bouncing Flask"],"picked":"Crippling Poison","floor":2.0},{"not_picked":["Flying Knee","Reflex"],"picked":"Sucker Punch","floor":3.0},{"not_picked":["Flying Knee","Riddle With Holes"],"picked":"Bouncing Flask","floor":5.0},{"not_picked":["Choke","Reflex"],"picked":"Cloak And Dagger","floor":7.0},{"not_picked":["Acrobatics","Deadly Poison"],"picked":"Prepared","floor":10.0},{"not_picked":["Blade Dance","Bouncing Flask"],"picked":"Dodge and Roll","floor":12.0},{"not_picked":["Envenom","A Thousand Cuts"],"picked":"Adrenaline","floor":16.0},{"not_picked":["Slice","Backflip+1"],"picked":"Blur","floor":18.0},{"not_picked":["Flying Knee+1","Dagger Spray"],"picked":"Prepared","floor":19.0},{"not_picked":["Cloak And Dagger","Dagger Spray"],"picked":"Terror","floor":22.0},{"not_picked":["Sucker Punch","Dodge and Roll"],"picked":"Flechettes","floor":23.0},{"not_picked":["Backflip+1","Sucker Punch"],"picked":"Leg Sweep","floor":27.0},{"not_picked":["Terror","Malaise"],"picked":"Catalyst","floor":30.0},{"not_picked":["Calculated Gamble","Finisher","Catalyst"],"picked":"SKIP","floor":31.0},{"not_picked":["Wraith Form v2","Envenom"],"picked":"Glass Knife","floor":33.0},{"not_picked":["Cloak And Dagger+1","Eviscerate"],"picked":"Well Laid Plans+1","floor":35.0},{"not_picked":["Quick Slash","Dagger Throw+1","Eviscerate"],"picked":"SKIP","floor":38.0},{"not_picked":["Caltrops+1","Slice","After Image"],"picked":"SKIP","floor":41.0},{"not_picked":["Dodge and Roll","Sucker Punch+1"],"picked":"Catalyst","floor":44.0},{"not_picked":["Apotheosis","Metamorphosis"],"picked":"Enlightenment","floor":46.0},{"not_picked":["Riddle With Holes+1","Deadly Poison+1","Endless Agony"],"picked":"SKIP","floor":48.0}],"player_experience":454646,"relics_obtained":[{"floor":7.0,"key":"Gambling Chip"},{"floor":9.0,"key":"Pantograph"},{"floor":23.0,"key":"Smiling Mask"},{"floor":23.0,"key":"Snake Skull"},{"floor":26.0,"key":"Art of War"},{"floor":30.0,"key":"Omamori"},{"floor":30.0,"key":"Tough Bandages"},{"floor":41.0,"key":"Whetstone"},{"floor":41.0,"key":"PreservedInsect"},{"floor":43.0,"key":"Bag of Marbles"},{"floor":45.0,"key":"Thread and Needle"},{"floor":48.0,"key":"Bronze Scales"},{"floor":48.0,"key":"Bag of Preparation"}],"event_choices":[{"damage_healed":0.0,"max_hp_gain":0.0,"max_hp_loss":0.0,"gold_gain":0.0,"event_name":"Living Wall","player_choice":"Grow","floor":4.0,"gold_loss":0.0,"damage_taken":0.0,"cards_upgraded":["Crippling Poison"]},{"cards_removed":["Strike_G"],"damage_healed":0.0,"max_hp_gain":0.0,"max_hp_loss":0.0,"gold_gain":0.0,"event_name":"Golden Wing","player_choice":"Card Removal","floor":14.0,"gold_loss":0.0,"damage_taken":7.0},{"damage_healed":0.0,"max_hp_gain":0.0,"max_hp_loss":0.0,"gold_gain":0.0,"event_name":"Match and Keep!","player_choice":"2 cards matched","floor":21.0,"gold_loss":0.0,"damage_taken":0.0,"cards_obtained":["Catalyst","Backflip"]},{"damage_healed":0.0,"max_hp_gain":5.0,"max_hp_loss":0.0,"gold_gain":0.0,"event_name":"Forgotten Altar","player_choice":"Shed Blood","floor":28.0,"gold_loss":0.0,"damage_taken":18.0},{"cards_removed":["Strike_G"],"damage_healed":0.0,"max_hp_gain":0.0,"max_hp_loss":0.0,"gold_gain":0.0,"event_name":"Falling","player_choice":"Removed Attack","floor":36.0,"gold_loss":0.0,"damage_taken":0.0},{"damage_healed":0.0,"max_hp_gain":0.0,"max_hp_loss":0.0,"gold_gain":0.0,"event_name":"Upgrade Shrine","player_choice":"Upgraded","floor":37.0,"gold_loss":0.0,"damage_taken":0.0,"cards_upgraded":["Catalyst"]},{"damage_healed":0.0,"max_hp_gain":0.0,"max_hp_loss":0.0,"gold_gain":0.0,"event_name":"MindBloom","player_choice":"Fight","floor":45.0,"gold_loss":0.0,"damage_taken":0.0},{"damage_healed":0.0,"max_hp_gain":0.0,"max_hp_loss":0.0,"gold_gain":0.0,"event_name":"SensoryStone","player_choice":"Memory 1","floor":46.0,"gold_loss":0.0,"damage_taken":0.0},{"damage_healed":0.0,"max_hp_gain":0.0,"max_hp_loss":0.0,"gold_gain":0.0,"cards_transformed":["Defend_G"],"event_name":"Transmorgrifier","player_choice":"Transformed","floor":47.0,"gold_loss":0.0,"damage_taken":0.0,"cards_obtained":["Sucker Punch"]}],"is_beta":false,"boss_relics":[{"not_picked":["Philosopher\u0027s Stone","Lizard Tail"],"picked":"Black Star"},{"not_picked":["Empty Cage","Pandora\u0027s Box"],"picked":"Cursed Key"}],"items_purged_floors":[20,25,39],"is_endless":false,"potions_floor_spawned":[1,2,3,7,16,18,23,27,33,41,44,48],"ascension_level":9}