{"gold_per_floor":[10,30,48,48,62,62,95,95,95,95,130,147,147,163,163,262,262,274,274,16,32,132,132],"floor_reached":23,"playtime":1177,"items_purged":["Strike_B"],"score":302,"play_id":"206c8e66-5f88-4fce-81b9-6d1cc2d2df22","local_time":"20190420183330","is_ascension_mode":true,"campfire_choices":[{"data":"Echo Form","floor":6.0,"key":"SMITH"},{"data":"Zap","floor":8,"key":"SMITH"},{"floor":10,"key":"REST"},{"floor":13,"key":"REST"},{"floor":15,"key":"REST"}],"neow_cost":"NO_GOLD","seed_source_timestamp":153085535167766,"circlet_count":0,"master_deck":["AscendersBane","Strike_B","Strike_B+1","Strike_B+1","Defend_B","Defend_B","Zap+1","Dualcast","Echo Form+1","Rebound","Sweeping Beam","Conserve Battery","Conserve Battery","Leap","Streamline","Chill","Ball Lightning","Buffer","Coolheaded","Glacier","Rip and Tear+1"],"special_seed":0,"relics":["Cracked Core","Whetstone","The Courier","Torii","Empty Cage","Kunai","StoneCalendar","Blue Candle"],"potions_floor_usage":[7,16,18,22],"damage_taken":[{"damage":1.0,"enemies":"Cultist","floor":1.0,"turns":4.0},{"damage":12.0,"enemies":"Jaw Worm","floor":2.0,"turns":3.0},{"damage":8.0,"enemies":"Small Slimes","floor":3.0,"turns":2.0},{"damage":13.0,"enemies":"3 Louse","floor":5.0,"turns":3.0},{"damage":9,"enemies":"Lagavulin","floor":7,"turns":7},{"damage":32,"enemies":"Gremlin Nob","floor":11,"turns":5},{"damage":1,"enemies":"2 Fungi Beasts","floor":12,"turns":4},{"damage":1,"enemies":"Large Slime","floor":14,"turns":4},{"damage":12,"enemies":"Slime Boss","floor":16,"turns":10},{"damage":0,"enemies":"Spheric Guardian","floor":18,"turns":3},{"damage":1,"enemies":"Chosen","floor":21,"turns":4},{"damage":29,"enemies":"Colosseum Slavers","floor":22,"turns":7},{"damage":13,"enemies":"Colosseum Nobs","floor":22,"turns":6},{"damage":25,"enemies":"Snake Plant","floor":23,"turns":5}],"seed_played":"-4960333399852636314","potions_obtained":[{"floor":2.0,"key":"FearPotion"},{"floor":5.0,"key":"FocusPotion"},{"floor":14,"key":"AttackPotion"},{"floor":16,"key":"Block Potion"}],"is_trial":false,"path_per_floor":["M","M","M","?","M","R","E","R","T","R","E","M","R","M","R","B",null,"M","?","$","M","?","M"],"character_chosen":"DEFECT","items_purchased":["Kunai"],"campfire_rested":3,"item_purchase_floors":[20],"current_hp_per_floor":[67,55,47,47,34,34,25,25,25,47,15,14,36,35,57,45,68,68,68,68,67,25,0],"gold":132,"neow_bonus":"THREE_RARE_CARDS","is_prod":false,"is_daily":false,"chose_seed":false,"campfire_upgraded":2,"win_rate":0,"timestamp":1555810410,"path_taken":["M","M","M","?","M","R","E","R","T","R","E","M","R","M","R","BOSS","M","?","$","M","?","M"],"build_version":"2019-01-23","purchased_purges":1,"victory":false,"max_hp_per_floor":[75,75,75,75,75,75,75,75,75,75,75,75,75,75,75,75,75,75,75,75,75,75,75],"card_choices":[{"not_picked":["Meteor Strike","All For One"],"picked":"Echo Form","floor":0.0},{"not_picked":["Steam","Aggregate"],"picked":"Rebound","floor":1.0},{"not_picked":["Steam","Streamline"],"picked":"Sweeping Beam","floor":2.0},{"not_picked":["Leap","Rebound"],"picked":"Conserve Battery","floor":3.0},{"not_picked":["Stack","Beam Cell"],"picked":"Conserve Battery","floor":5.0},{"not_picked":["All For One","Turbo"],"picked":"Leap","floor":7},{"not_picked":["Scrape","Storm"],"picked":"Streamline","floor":11},{"not_picked":["Capacitor","Chaos"],"picked":"Chill","floor":12},{"not_picked":["Double Energy","Melter"],"picked":"Ball Lightning","floor":14},{"not_picked":["Biased Cognition","Hyperbeam"],"picked":"Buffer","floor":16},{"not_picked":["Stack","Leap","Hologram"],"picked":"SKIP","floor":18},{"not_picked":["Gash","Darkness+1"],"picked":"Glacier","floor":21},{"not_picked":["Steam Power","Barrage"],"picked":"Rip and Tear+1","floor":22}],"player_experience":538972,"relics_obtained":[{"floor":7,"key":"Whetstone"},{"floor":9,"key":"The Courier"},{"floor":11,"key":"Torii"},{"floor":22,"key":"StoneCalendar"},{"floor":22,"key":"Blue Candle"}],"event_choices":[{"damage_healed":0.0,"max_hp_gain":0.0,"max_hp_loss":0.0,"gold_gain":0.0,"event_name":"FaceTrader","player_choice":"Leave","floor":4.0,"gold_loss":0.0,"damage_taken":0.0},{"damage_healed":0,"gold_gain":0,"player_choice":"Read","damage_taken":0,"max_hp_gain":0,"max_hp_loss":0,"event_name":"The Library","floor":19,"gold_loss":0,"cards_obtained":["Coolheaded"]},{"damage_healed":0,"gold_gain":0,"player_choice":"Fight","damage_taken":0,"max_hp_gain":0,"max_hp_loss":0,"event_name":"Colosseum","floor":22,"gold_loss":0},{"damage_healed":0,"gold_gain":0,"player_choice":"Fought Nobs","damage_taken":0,"max_hp_gain":0,"max_hp_loss":0,"event_name":"Colosseum","floor":22,"gold_loss":0}],"is_beta":false,"boss_relics":[{"not_picked":["Pandora\u0027s Box","Ectoplasm"],"picked":"Empty Cage"}],"items_purged_floors":[20],"is_endless":false,"potions_floor_spawned":[2,5,14,16,22],"killed_by":"Snake Plant","ascension_level":10}