{"gold_per_floor":[110,128,128,142,162,162,24,36,62,62,72,102,121,151,151,255,255,270,287,333,363,392,404,446,458,470,221,232,250,250,261,261,359,359,374,374,384,77,77,77,77,96,119,146,161,176,176,187,187,187],"floor_reached":51,"playtime":6819,"items_purged":["Defend_B"],"score":799,"play_id":"a97da68a-7fe4-4b86-b0d9-79ece4a8ad19","local_time":"20190103210353","is_ascension_mode":true,"campfire_choices":[{"data":"Consume","floor":6.0,"key":"SMITH"},{"data":"Zap","floor":10.0,"key":"SMITH"},{"data":"Streamline","floor":15.0,"key":"SMITH"},{"data":"Defragment","floor":23.0,"key":"SMITH"},{"data":"Redo","floor":25.0,"key":"SMITH"},{"data":"Dualcast","floor":30.0,"key":"SMITH"},{"floor":32.0,"key":"REST"},{"data":"Defragment","floor":40.0,"key":"SMITH"},{"data":"Hologram","floor":47,"key":"SMITH"},{"data":"Machine Learning","floor":49,"key":"SMITH"}],"neow_cost":"NONE","seed_source_timestamp":0,"circlet_count":0,"master_deck":["Strike_B","Strike_B","Defend_B","Defend_B","Defend_B","Zap+1","Dualcast+1","Sweeping Beam","Cold Snap","Redo+1","Consume+1","Core Surge","Hologram+1","Streamline+1","Chill","Cold Snap","Machine Learning+1","Defragment+1","BootSequence","Coolheaded+1","Skim","Defragment+1","Reprogram+1","Capacitor","Cold Snap+1","Seek+1","Gash+1","Writhe","Bandage Up+1","Blizzard+1"],"special_seed":0,"relics":["FrozenCore","Orichalcum","PreservedInsect","Bag of Preparation","MawBank","Red Mask","Toxic Egg 2","Bronze Scales","Inserter","Calipers","Blood Vial","Turnip"],"potions_floor_usage":[45,48,50,50],"damage_taken":[{"damage":0.0,"enemies":"2 Louse","floor":1.0,"turns":2.0},{"damage":1.0,"enemies":"Cultist","floor":2.0,"turns":3.0},{"damage":0.0,"enemies":"Small Slimes","floor":4.0,"turns":5.0},{"damage":0.0,"enemies":"3 Louse","floor":5.0,"turns":2.0},{"damage":0.0,"enemies":"2 Fungi Beasts","floor":8.0,"turns":3.0},{"damage":3.0,"enemies":"Blue Slaver","floor":11.0,"turns":3.0},{"damage":5.0,"enemies":"3 Sentries","floor":12.0,"turns":7.0},{"damage":2.0,"enemies":"Red Slaver","floor":13.0,"turns":3.0},{"damage":0.0,"enemies":"Gremlin Nob","floor":14.0,"turns":3.0},{"damage":31.0,"enemies":"The Guardian","floor":16.0,"turns":11.0},{"damage":11.0,"enemies":"Shell Parasite","floor":18.0,"turns":9.0},{"damage":0.0,"enemies":"Spheric Guardian","floor":19.0,"turns":4.0},{"damage":0.0,"enemies":"Centurion and Healer","floor":21.0,"turns":7.0},{"damage":11.0,"enemies":"Snecko","floor":22.0,"turns":8.0},{"damage":9.0,"enemies":"Masked Bandits","floor":24.0,"turns":5.0},{"damage":0.0,"enemies":"Cultist and Chosen","floor":28.0,"turns":7.0},{"damage":2.0,"enemies":"Chosen and Byrds","floor":29.0,"turns":7.0},{"damage":0.0,"enemies":"Centurion and Healer","floor":31.0,"turns":7.0},{"damage":3.0,"enemies":"Collector","floor":33.0,"turns":13.0},{"damage":9.0,"enemies":"3 Shapes","floor":35.0,"turns":9.0},{"damage":10.0,"enemies":"3 Darklings","floor":37.0,"turns":7.0},{"damage":15.0,"enemies":"Jaw Worm Horde","floor":42.0,"turns":7.0},{"damage":0.0,"enemies":"Nemesis","floor":44.0,"turns":7.0},{"damage":19,"enemies":"Transient","floor":45,"turns":5},{"damage":0,"enemies":"Spire Growth","floor":46,"turns":7},{"damage":8,"enemies":"Jaw Worm Horde","floor":48,"turns":5},{"damage":3,"enemies":"Time Eater","floor":50,"turns":13}],"seed_played":"-6470531982879362809","potions_obtained":[{"floor":1.0,"key":"SpeedPotion"},{"floor":2.0,"key":"Energy Potion"},{"floor":11.0,"key":"LiquidBronze"},{"floor":14.0,"key":"SpeedPotion"},{"floor":18.0,"key":"Fire Potion"},{"floor":21.0,"key":"SkillPotion"},{"floor":24.0,"key":"SpeedPotion"},{"floor":35.0,"key":"Strength Potion"},{"floor":45,"key":"EssenceOfSteel"},{"floor":46,"key":"Regen Potion"}],"is_trial":false,"path_per_floor":["M","M","?","M","M","R","$","M","T","R","M","E","M","E","R","B",null,"M","M","T","M","M","R","?","R","T","$","M","M","R","M","R","B",null,"M","?","M","$","?","R","?","M","T","E","M","M","R","M","R","B",null],"character_chosen":"DEFECT","items_purchased":["Core Surge","Defragment","Bronze Scales","Calipers"],"campfire_rested":1,"item_purchase_floors":[7,27,27,38],"current_hp_per_floor":[75,74,74,74,74,74,74,74,74,74,71,66,64,64,64,33,75,64,64,64,64,53,53,44,44,44,44,44,42,42,42,64,61,75,66,75,65,65,65,65,65,56,56,64,53,61,61,73,73,75],"gold":187,"neow_bonus":"REMOVE_CARD","is_prod":false,"is_daily":false,"chose_seed":false,"campfire_upgraded":9,"win_rate":0,"timestamp":1546574633,"path_taken":["M","M","?","?","?","R","$","M","T","R","M","E","M","E","R","BOSS","M","M","?","?","?","R","?","R","T","$","M","M","R","M","R","BOSS","M","?","M","$","?","R","?","M","T","E","?","M","R","M","R","BOSS"],"build_version":"2019-01-03v2","purchased_purges":1,"victory":true,"max_hp_per_floor":[75,75,75,75,75,75,75,75,75,75,75,75,75,75,75,75,75,75,75,75,75,75,75,75,75,75,75,75,75,75,75,75,75,75,75,75,75,75,75,75,75,75,75,75,75,75,75,75,75,75],"card_choices":[{"not_picked":["Heatsinks","Hologram"],"picked":"Sweeping Beam","floor":1.0},{"not_picked":["Blizzard","Coolheaded"],"picked":"Cold Snap","floor":2.0},{"not_picked":["Hyperbeam","Turbo"],"picked":"Redo","floor":4.0},{"not_picked":["Fusion","Conserve Battery"],"picked":"Consume","floor":5.0},{"not_picked":["Reprogram","Sweeping Beam"],"picked":"Hologram","floor":8.0},{"not_picked":["Go for the Eyes","Sweeping Beam"],"picked":"Streamline","floor":11.0},{"not_picked":["Genetic Algorithm","Beam Cell"],"picked":"Chill","floor":12.0},{"not_picked":["Go for the Eyes","Stack","Consume"],"picked":"SKIP","floor":13.0},{"not_picked":["Skim","Blizzard"],"picked":"Cold Snap","floor":14.0},{"not_picked":["Core Surge","Creative AI"],"picked":"Machine Learning","floor":16.0},{"not_picked":["Stack","Barrage","Ball Lightning"],"picked":"SKIP","floor":18.0},{"not_picked":["Steam+1","Streamline"],"picked":"Defragment","floor":19.0},{"not_picked":["Rip and Tear","Barrage"],"picked":"BootSequence","floor":21.0},{"not_picked":["Recycle","Scrape+1"],"picked":"Coolheaded","floor":22.0},{"not_picked":["Leap","Hello World"],"picked":"Skim","floor":24.0},{"not_picked":["Skim+1","Darkness+1"],"picked":"Reprogram+1","floor":28.0},{"not_picked":["Force Field+1","Steam+1"],"picked":"Capacitor","floor":29.0},{"not_picked":["Sweeping Beam","Darkness+1"],"picked":"Cold Snap+1","floor":31.0},{"not_picked":["Creative AI","Multi-Cast+1"],"picked":"Seek+1","floor":33.0},{"not_picked":["Streamline+1","Ball Lightning+1"],"picked":"Gash+1","floor":35.0},{"not_picked":["Streamline+1","Leap+1","Fusion+1"],"picked":"SKIP","floor":37.0},{"not_picked":["Deep Breath+1","Transmutation+1"],"picked":"Bandage Up+1","floor":39.0},{"not_picked":["Genetic Algorithm+1","Coolheaded+1","Hologram+1"],"picked":"SKIP","floor":42.0},{"not_picked":["Ball Lightning+1","Compile Driver"],"picked":"Blizzard+1","floor":44.0},{"not_picked":["Tempest+1","Steam Power+1","Skim+1"],"picked":"SKIP","floor":45},{"not_picked":["Gash+1","Barrage+1","Leap+1"],"picked":"SKIP","floor":46},{"not_picked":["Skim+1","Self Repair","Redo+1"],"picked":"SKIP","floor":48}],"player_experience":1662274,"relics_obtained":[{"floor":9.0,"key":"Orichalcum"},{"floor":12.0,"key":"PreservedInsect"},{"floor":14.0,"key":"Bag of Preparation"},{"floor":20.0,"key":"MawBank"},{"floor":24.0,"key":"Red Mask"},{"floor":26.0,"key":"Toxic Egg 2"},{"floor":43.0,"key":"Blood Vial"},{"floor":44.0,"key":"Turnip"}],"event_choices":[{"cards_removed":["Strike_B"],"damage_healed":0.0,"max_hp_gain":0.0,"max_hp_loss":0.0,"gold_gain":0.0,"event_name":"Purifier","player_choice":"Purged","floor":3.0,"gold_loss":0.0,"damage_taken":0.0},{"damage_healed":0.0,"max_hp_gain":0.0,"max_hp_loss":0.0,"gold_gain":0.0,"event_name":"Masked Bandits","player_choice":"Fought Bandits","floor":24.0,"gold_loss":0.0,"damage_taken":0.0},{"damage_healed":19.0,"max_hp_gain":0.0,"max_hp_loss":0.0,"gold_gain":0.0,"event_name":"Winding Halls","player_choice":"Writhe","floor":36.0,"gold_loss":0.0,"damage_taken":0.0,"cards_obtained":["Writhe"]},{"damage_healed":0.0,"max_hp_gain":0.0,"max_hp_loss":0.0,"gold_gain":0.0,"event_name":"SensoryStone","player_choice":"Memory 1","floor":39.0,"gold_loss":0.0,"damage_taken":0.0},{"damage_healed":0.0,"max_hp_gain":0.0,"max_hp_loss":0.0,"gold_gain":0.0,"event_name":"Accursed Blacksmith","player_choice":"Forge","floor":41.0,"gold_loss":0.0,"damage_taken":0.0,"cards_upgraded":["Coolheaded"]}],"is_beta":false,"boss_relics":[{"not_picked":["Lizard Tail","Sozu"],"picked":"FrozenCore"},{"not_picked":["Empty Cage","Runic Pyramid"],"picked":"Inserter"}],"items_purged_floors":[27],"is_endless":false,"potions_floor_spawned":[1,2,11,14,18,21,24,35,45,46],"ascension_level":3}