{"gold_per_floor":[118,130,130,147,147,147,163,176,206,70,70,87,87,103,103,103],"floor_reached":16,"playtime":670,"items_purged":[],"score":94,"play_id":"ea3be248-8bb4-4b2e-acbe-51d5180130b1","local_time":"20190807201510","is_ascension_mode":false,"campfire_choices":[{"data":"Acrobatics","floor":6,"key":"SMITH"},{"data":"Footwork","floor":11,"key":"SMITH"},{"data":"Tactician","floor":13,"key":"SMITH"},{"floor":15,"key":"REST"}],"neow_cost":"NONE","seed_source_timestamp":225773761931987,"circlet_count":0,"master_deck":["Strike_G","Strike_G","Strike_G","Strike_G","Strike_G","Defend_G","Defend_G","Defend_G","Defend_G","Defend_G","Survivor","Neutralize","Slice","Acrobatics+1","Deflect","Escape Plan","Footwork+1","Tactician+1","Deflect"],"relics":["Ring of the Snake","Ancient Tea Set","Tiny Chest"],"potions_floor_usage":[16,16],"damage_taken":[{"damage":0,"enemies":"2 Louse","floor":1,"turns":4},{"damage":0,"enemies":"Cultist","floor":2,"turns":4},{"damage":9,"enemies":"Jaw Worm","floor":4,"turns":5},{"damage":7,"enemies":"Large Slime","floor":7,"turns":11},{"damage":4,"enemies":"2 Fungi Beasts","floor":8,"turns":4},{"damage":10,"enemies":"Gremlin Gang","floor":12,"turns":7},{"damage":0,"enemies":"Exordium Thugs","floor":14,"turns":5},{"damage":76,"enemies":"Slime Boss","floor":16,"turns":13}],"seed_played":"5614263024948903332","potions_obtained":[{"floor":2,"key":"EssenceOfSteel"},{"floor":7,"key":"Explosive Potion"},{"floor":12,"key":"Fire Potion"}],"is_trial":false,"path_per_floor":["M","M","$","M","?","R","M","M","T","$","R","M","R","M","R","B"],"character_chosen":"THE_SILENT","items_purchased":["Footwork","Tactician"],"campfire_rested":1,"item_purchase_floors":[10,10],"current_hp_per_floor":[77,77,77,68,68,68,61,57,57,57,57,47,47,47,70,0],"gold":103,"neow_bonus":"TEN_PERCENT_HP_BONUS","is_prod":false,"is_daily":false,"chose_seed":false,"campfire_upgraded":3,"win_rate":0,"timestamp":1565180110,"path_taken":["M","M","$","M","?","R","M","M","T","$","R","M","R","?","R","BOSS"],"build_version":"2019-07-17","purchased_purges":0,"victory":false,"max_hp_per_floor":[77,77,77,77,77,77,77,77,77,77,77,77,77,77,77,77],"card_choices":[{"not_picked":["Deadly Poison","Endless Agony"],"picked":"Slice","floor":1},{"not_picked":["Flying Knee","Poisoned Stab"],"picked":"Acrobatics","floor":2},{"not_picked":["Poisoned Stab","Distraction"],"picked":"Deflect","floor":4},{"not_picked":["Blade Dance","Slice"],"picked":"Escape Plan","floor":7},{"not_picked":["Dagger Spray","Bane","Endless Agony"],"picked":"SKIP","floor":8},{"not_picked":["Slice","Flechettes","All Out Attack"],"picked":"SKIP","floor":12},{"not_picked":["Poisoned Stab","Predator"],"picked":"Deflect","floor":14}],"player_experience":121482,"relics_obtained":[{"floor":9,"key":"Tiny Chest"}],"event_choices":[{"damage_healed":0,"gold_gain":0,"player_choice":"Gave Potion","damage_taken":0,"relics_obtained":["Ancient Tea Set"],"max_hp_gain":0,"max_hp_loss":0,"event_name":"WeMeetAgain","floor":5,"gold_loss":0}],"is_beta":false,"boss_relics":[],"items_purged_floors":[],"is_endless":false,"potions_floor_spawned":[2,7,12],"killed_by":"Slime Boss","ascension_level":0}