{"gold_per_floor":[411,428,6,17,30,30,30,48,48,77,94,94,105,105,105,105],"floor_reached":16,"playtime":763,"items_purged":["Strike_B"],"score":161,"play_id":"4e0d7c81-f4c3-45d7-9bce-54012c4a58c4","local_time":"20190823170733","is_ascension_mode":true,"campfire_choices":[{"data":"Creative AI","floor":7.0,"key":"SMITH"},{"floor":15,"key":"REST"}],"neow_cost":"TEN_PERCENT_HP_LOSS","seed_source_timestamp":96506388907577,"circlet_count":0,"master_deck":["AscendersBane","Strike_B","Strike_B","Strike_B","Defend_B","Defend_B","Defend_B","Defend_B","Zap","Dualcast","Ball Lightning","Sweeping Beam","Panacea","Go for the Eyes","Ball Lightning","Capacitor","Creative AI+1","Barrage","Chill+1","Coolheaded+1","Parasite","Go for the Eyes"],"special_seed":0,"relics":["Cracked Core","Old Coin","PreservedInsect","Toxic Egg 2","Darkstone Periapt","Frozen Egg 2"],"potions_floor_usage":[],"damage_taken":[{"damage":0.0,"enemies":"Small Slimes","floor":1.0,"turns":3.0},{"damage":1.0,"enemies":"2 Louse","floor":2.0,"turns":2.0},{"damage":2.0,"enemies":"Jaw Worm","floor":4.0,"turns":3.0},{"damage":2.0,"enemies":"Exordium Wildlife","floor":5.0,"turns":3.0},{"damage":13.0,"enemies":"Lots of Slimes","floor":8.0,"turns":3.0},{"damage":28.0,"enemies":"Gremlin Nob","floor":10.0,"turns":4.0},{"damage":11.0,"enemies":"Large Slime","floor":11.0,"turns":4.0},{"damage":5.0,"enemies":"Red Slaver","floor":13.0,"turns":3.0},{"damage":54,"enemies":"The Guardian","floor":16,"turns":5}],"seed_played":"922666191914974262","potions_obtained":[{"floor":2.0,"key":"Energy Potion"},{"floor":4.0,"key":"AttackPotion"},{"floor":10.0,"key":"SpeedPotion"}],"is_trial":false,"path_per_floor":["M","M","$","M","M","?","R","M","T","E","M","?","M","?","R","B"],"character_chosen":"DEFECT","items_purchased":["PreservedInsect","Panacea","Go for the Eyes","Ball Lightning"],"campfire_rested":1,"item_purchase_floors":[3,3,3,3],"current_hp_per_floor":[68,67,67,65,63,63,63,50,50,22,11,34,29,29,51,0],"gold":105,"neow_bonus":"ONE_RARE_RELIC","is_prod":false,"is_daily":false,"chose_seed":false,"campfire_upgraded":1,"win_rate":0,"timestamp":1566605253,"path_taken":["M","M","$","M","M","?","R","M","T","E","M","?","M","?","R","BOSS"],"build_version":"2019-07-17","purchased_purges":1,"victory":false,"max_hp_per_floor":[68,68,68,68,68,68,68,68,68,68,68,74,74,74,74,74],"card_choices":[{"not_picked":["Reinforced Body","Heatsinks"],"picked":"Ball Lightning","floor":1.0},{"not_picked":["Barrage","Redo"],"picked":"Sweeping Beam","floor":2.0},{"not_picked":["Ball Lightning","Genetic Algorithm"],"picked":"Capacitor","floor":4.0},{"not_picked":["Rebound","Force Field"],"picked":"Creative AI","floor":5.0},{"not_picked":["Doom and Gloom","Redo"],"picked":"Barrage","floor":8.0},{"not_picked":["Storm","Stack+1"],"picked":"Chill+1","floor":10.0},{"not_picked":["Lockon","Compile Driver"],"picked":"Coolheaded+1","floor":11.0},{"not_picked":["Gash","Hologram+1"],"picked":"Go for the Eyes","floor":13.0}],"player_experience":569142,"relics_obtained":[{"floor":9.0,"key":"Toxic Egg 2"},{"floor":10.0,"key":"Darkstone Periapt"}],"event_choices":[{"damage_healed":0.0,"max_hp_gain":0.0,"max_hp_loss":0.0,"gold_gain":0.0,"event_name":"Liars Game","player_choice":"Ignored","floor":6.0,"gold_loss":0.0,"damage_taken":0.0},{"damage_healed":17.0,"max_hp_gain":0.0,"max_hp_loss":0.0,"gold_gain":0.0,"event_name":"Mushrooms","player_choice":"Healed and dodged fight","floor":12.0,"gold_loss":0.0,"damage_taken":0.0,"cards_obtained":["Parasite"]},{"damage_healed":0,"gold_gain":0,"player_choice":"Searched \u00271\u0027 times","damage_taken":0,"relics_obtained":["Frozen Egg 2"],"max_hp_gain":0,"max_hp_loss":0,"event_name":"Dead Adventurer","floor":14,"gold_loss":0}],"is_beta":false,"boss_relics":[],"items_purged_floors":[3],"is_endless":false,"potions_floor_spawned":[2,4,10],"killed_by":"The Guardian","ascension_level":11}