{"gold_per_floor":[110,35,46,46,64,77,77,23,105,168,123,138,138,158,158,253,253,271,281,299,317,317],"floor_reached":22,"playtime":912,"items_purged":["Defend_B"],"score":189,"play_id":"eb452f71-d0dc-49b6-9925-c4c642dd67a6","local_time":"20190418182308","is_ascension_mode":true,"campfire_choices":[{"data":"White Noise","floor":7,"key":"SMITH"},{"data":"Go for the Eyes","floor":13,"key":"SMITH"},{"data":"Capacitor","floor":15,"key":"SMITH"}],"neow_cost":"NONE","seed_source_timestamp":200208415863016,"circlet_count":0,"master_deck":["Strike_B","Strike_B","Strike_B","Strike_B","Defend_B","Defend_B","Defend_B","Zap+1","Dualcast","Coolheaded","White Noise+1","Capacitor+1","White Noise","Go for the Eyes+1","FTL","Melter","Ball Lightning+1","Beam Cell","Coolheaded","Static Discharge+1"],"relics":["Cracked Core","NeowsBlessing","Mummified Hand","Potion Belt","Velvet Choker"],"potions_floor_usage":[12,12,21,21],"damage_taken":[{"damage":0,"enemies":"Jaw Worm","floor":1,"turns":1},{"damage":0,"enemies":"Small Slimes","floor":3,"turns":1},{"damage":0,"enemies":"2 Louse","floor":5,"turns":1},{"damage":8,"enemies":"Looter","floor":6,"turns":4},{"damage":16,"enemies":"Lagavulin Event","floor":10,"turns":6},{"damage":4,"enemies":"Gremlin Gang","floor":12,"turns":2},{"damage":1,"enemies":"2 Fungi Beasts","floor":14,"turns":4},{"damage":28,"enemies":"Hexaghost","floor":16,"turns":12},{"damage":12,"enemies":"3 Byrds","floor":18,"turns":4},{"damage":5,"enemies":"Chosen","floor":19,"turns":4},{"damage":26,"enemies":"Snecko","floor":20,"turns":6},{"damage":18,"enemies":"Shelled Parasite and Fungi","floor":21,"turns":5},{"damage":16,"enemies":"Sentry and Sphere","floor":22,"turns":3}],"seed_played":"1376101103213832901","potions_obtained":[{"floor":1,"key":"Strength Potion"},{"floor":5,"key":"Explosive Potion"},{"floor":10,"key":"Fire Potion"},{"floor":12,"key":"Weak Potion"},{"floor":18,"key":"PowerPotion"},{"floor":20,"key":"SmokeBomb"}],"is_trial":false,"path_per_floor":["M","$","M","?","M","M","R","$","T","?","?","M","R","M","R","B",null,"M","M","M","M","M"],"character_chosen":"DEFECT","items_purchased":["Go for the Eyes"],"campfire_rested":0,"item_purchase_floors":[8],"current_hp_per_floor":[75,75,75,75,75,67,67,67,67,51,51,47,47,46,46,18,75,63,58,32,14,0],"gold":317,"neow_bonus":"THREE_ENEMY_KILL","is_prod":false,"is_daily":false,"chose_seed":false,"campfire_upgraded":3,"win_rate":0,"timestamp":1555582988,"path_taken":["M","$","M","?","M","M","R","$","T","?","?","M","R","M","R","BOSS","M","M","M","M","M"],"build_version":"2019-01-23","purchased_purges":1,"victory":false,"max_hp_per_floor":[75,75,75,75,75,75,75,75,75,75,75,75,75,75,75,75,75,75,75,75,75,75],"card_choices":[{"not_picked":["Redo","Recycle"],"picked":"Coolheaded","floor":1},{"not_picked":["Rip and Tear","Blizzard"],"picked":"White Noise","floor":3},{"not_picked":["Coolheaded","Multi-Cast"],"picked":"Capacitor","floor":5},{"not_picked":["Ball Lightning","Turbo"],"picked":"White Noise","floor":6},{"not_picked":["Compile Driver","Gash"],"picked":"FTL","floor":10},{"not_picked":["Capacitor","Compile Driver","Turbo"],"picked":"SKIP","floor":12},{"not_picked":["Cold Snap","Compile Driver"],"picked":"Melter","floor":14},{"not_picked":["Compile Driver","Cold Snap"],"picked":"Ball Lightning+1","floor":18},{"not_picked":["Hologram","Hello World"],"picked":"Beam Cell","floor":19},{"not_picked":["Reprogram+1","Steam Power"],"picked":"Coolheaded","floor":20},{"not_picked":["Self Repair","Coolheaded"],"picked":"Static Discharge+1","floor":21}],"player_experience":67908,"relics_obtained":[{"floor":9,"key":"Mummified Hand"},{"floor":10,"key":"Potion Belt"}],"event_choices":[{"damage_healed":0,"gold_gain":0,"player_choice":"Grow","damage_taken":0,"max_hp_gain":0,"max_hp_loss":0,"event_name":"Living Wall","floor":4,"gold_loss":0,"cards_upgraded":["Zap"]},{"damage_healed":0,"gold_gain":0,"player_choice":"Searched \u00271\u0027 times","damage_taken":0,"max_hp_gain":0,"max_hp_loss":0,"event_name":"Dead Adventurer","floor":10,"gold_loss":0},{"damage_healed":0,"gold_gain":0,"player_choice":"Left Gold","damage_taken":0,"max_hp_gain":0,"max_hp_loss":0,"event_name":"World of Goop","floor":11,"gold_loss":45}],"is_beta":false,"boss_relics":[{"not_picked":["Runic Dome","Empty Cage"],"picked":"Velvet Choker"}],"items_purged_floors":[2],"is_endless":false,"potions_floor_spawned":[1,5,10,12,18,20],"killed_by":"Sentry and Sphere","ascension_level":1}