{"gold_per_floor":[111,122,23,23,23,23,23,23,46,59,87,87,97,97,97,97],"floor_reached":16,"playtime":640,"items_purged":["Strike_R"],"score":104,"play_id":"34e81bec-df00-45e3-94bc-fdebcd92b3dc","local_time":"20190410195434","is_ascension_mode":false,"campfire_choices":[{"data":"Armaments","floor":6,"key":"SMITH"},{"data":"Cleave","floor":8,"key":"SMITH"},{"data":"Limit Break","floor":12,"key":"SMITH"},{"data":"Pommel Strike","floor":15,"key":"SMITH"}],"neow_cost":"NONE","seed_source_timestamp":294211920361176,"circlet_count":0,"master_deck":["Strike_R","Strike_R","Strike_R","Strike_R","Defend_R","Defend_R","Defend_R","Defend_R","Bash","Metallicize","Cleave+1","Sword Boomerang","Armaments+1","Uppercut","Limit Break+1","Iron Wave","Pommel Strike+1","Perfected Strike"],"relics":["Eternal Feather","Regal Pillow","Ancient Tea Set"],"potions_floor_usage":[],"damage_taken":[{"damage":27,"enemies":"Jaw Worm","floor":1,"turns":6},{"damage":0,"enemies":"Small Slimes","floor":2,"turns":5},{"damage":4,"enemies":"2 Louse","floor":4,"turns":3},{"damage":0,"enemies":"Lots of Slimes","floor":5,"turns":1},{"damage":8,"enemies":"Looter","floor":10,"turns":4},{"damage":27,"enemies":"3 Sentries","floor":11,"turns":8},{"damage":0,"enemies":"Exordium Thugs","floor":13,"turns":6},{"damage":0,"enemies":"3 Louse","floor":14,"turns":2},{"damage":44,"enemies":"Hexaghost","floor":16,"turns":11}],"seed_played":"-5994254949521290897","potions_obtained":[{"floor":2,"key":"Fire Potion"},{"floor":13,"key":"Ancient Potion"}],"is_trial":false,"path_per_floor":["M","M","$","M","M","R","$","R","T","M","E","R","M","M","R","B"],"character_chosen":"IRONCLAD","items_purchased":["Sword Boomerang"],"campfire_rested":0,"item_purchase_floors":[3],"current_hp_per_floor":[53,53,53,49,49,55,55,61,61,53,26,35,35,35,44,0],"gold":97,"neow_bonus":"BOSS_RELIC","is_prod":false,"is_daily":false,"chose_seed":false,"campfire_upgraded":4,"win_rate":0.0,"timestamp":1554897274,"path_taken":["M","M","$","M","M","R","$","R","T","M","E","R","M","M","R","BOSS"],"build_version":"2019-01-23","purchased_purges":1,"victory":false,"max_hp_per_floor":[80,80,80,80,80,80,80,80,80,80,80,80,80,80,80,80],"card_choices":[{"not_picked":["Thunderclap","Fire Breathing"],"picked":"Metallicize","floor":1},{"not_picked":["Sword Boomerang","Body Slam"],"picked":"Cleave","floor":2},{"not_picked":["True Grit","Flex"],"picked":"Armaments","floor":4},{"not_picked":["Seeing Red","Entrench"],"picked":"Uppercut","floor":5},{"not_picked":["Pummel","Sword Boomerang"],"picked":"Limit Break","floor":10},{"not_picked":["Brutality","Clash"],"picked":"Iron Wave","floor":11},{"not_picked":["Headbutt","Clothesline"],"picked":"Pommel Strike","floor":13},{"not_picked":["Anger","Pummel"],"picked":"Perfected Strike","floor":14}],"player_experience":4748,"relics_obtained":[{"floor":9,"key":"Regal Pillow"},{"floor":11,"key":"Ancient Tea Set"}],"event_choices":[],"is_beta":false,"boss_relics":[],"items_purged_floors":[3],"is_endless":false,"potions_floor_spawned":[2,13],"killed_by":"Hexaghost","ascension_level":0}