{"gold_per_floor":[119,139,16,16,28,28,63,15,15,31,31,45,58,58,58,161,161,143,160,120,40,60,60,60,60,83,165,9,9,9,24,24,129,129,148,162,162],"floor_reached":37,"playtime":2208,"items_purged":["Strike_G","Strike_G"],"score":440,"play_id":"d624dae3-5f04-4fe5-82e0-4da387965dd9","local_time":"20190419180229","is_ascension_mode":true,"campfire_choices":[{"data":"Leg Sweep","floor":6,"key":"SMITH"},{"data":"Footwork","floor":15,"key":"SMITH"},{"data":"Poisoned Stab","floor":23,"key":"SMITH"},{"data":"Deflect","floor":29,"key":"SMITH"},{"data":"Tactician","floor":32,"key":"SMITH"}],"neow_cost":"NONE","seed_source_timestamp":24455223609933,"circlet_count":0,"master_deck":["Defend_G","Defend_G","Defend_G","Defend_G","Defend_G","Strike_G","Strike_G","Strike_G","Survivor","Neutralize+1","Poisoned Stab+1","Leg Sweep+1","Heel Hook","Footwork+1","Flying Knee","Acrobatics","Backflip","Backstab","Backflip","Caltrops+1","Crippling Poison","Bouncing Flask+1","Deflect+1","Tactician+1","Flying Knee+1"],"relics":["Ring of the Snake","Pocketwatch","Bottled Tornado","Lantern","Lizard Tail","Letter Opener","Orichalcum","The Courier","Busted Crown"],"potions_floor_usage":[7,13,24,33,33,33],"damage_taken":[{"damage":0,"enemies":"Jaw Worm","floor":1,"turns":5},{"damage":0,"enemies":"2 Louse","floor":2,"turns":2},{"damage":0,"enemies":"Cultist","floor":5,"turns":5},{"damage":1,"enemies":"Lagavulin","floor":7,"turns":7},{"damage":0,"enemies":"Large Slime","floor":10,"turns":8},{"damage":0,"enemies":"Exordium Thugs","floor":12,"turns":6},{"damage":0,"enemies":"Gremlin Gang","floor":13,"turns":6},{"damage":0,"enemies":"The Guardian","floor":16,"turns":15},{"damage":17,"enemies":"2 Thieves","floor":18,"turns":4},{"damage":0,"enemies":"Shell Parasite","floor":19,"turns":13},{"damage":0,"enemies":"Chosen and Byrds","floor":22,"turns":7},{"damage":14,"enemies":"Colosseum Slavers","floor":24,"turns":4},{"damage":0,"enemies":"Cultist and Chosen","floor":31,"turns":7},{"damage":59,"enemies":"Automaton","floor":33,"turns":14},{"damage":0,"enemies":"3 Shapes","floor":35,"turns":4},{"damage":7,"enemies":"Orb Walker","floor":36,"turns":4},{"damage":71,"enemies":"2 Orb Walkers","floor":37,"turns":5}],"seed_played":"-7294995219375542481","potions_obtained":[{"floor":5,"key":"LiquidBronze"},{"floor":7,"key":"EssenceOfSteel"},{"floor":10,"key":"GhostInAJar"},{"floor":19,"key":"Ancient Potion"},{"floor":22,"key":"Fire Potion"},{"floor":36,"key":"SpeedPotion"}],"is_trial":false,"path_per_floor":["M","M","$","?","M","R","E","$","T","M","?","M","M","?","R","B",null,"M","M","?","$","M","R","?","?","T","T","$","R","$","M","R","B",null,"M","M","?"],"character_chosen":"THE_SILENT","items_purchased":["Poison Potion","Flying Knee","Crippling Poison","Deflect","Fire Potion"],"campfire_rested":0,"item_purchase_floors":[3,8,21,28,28],"current_hp_per_floor":[70,70,70,70,70,70,69,69,69,69,69,69,69,69,69,69,70,53,53,53,53,53,53,39,39,39,39,39,39,39,39,39,15,70,70,63,0],"gold":162,"neow_bonus":"UPGRADE_CARD","is_prod":false,"is_daily":false,"chose_seed":false,"campfire_upgraded":5,"win_rate":0,"timestamp":1555668149,"path_taken":["M","M","$","?","M","R","E","$","T","M","?","M","?","?","R","BOSS","M","M","?","$","?","R","?","?","T","?","$","R","$","M","R","BOSS","M","?","?"],"build_version":"2019-01-23","purchased_purges":2,"victory":false,"max_hp_per_floor":[70,70,70,70,70,70,70,70,70,70,70,70,70,70,70,70,70,70,70,70,70,70,70,70,70,70,70,70,70,70,70,70,70,70,70,70,70],"card_choices":[{"not_picked":["Dagger Throw","Predator"],"picked":"Poisoned Stab","floor":1},{"not_picked":["Outmaneuver","Finisher"],"picked":"Leg Sweep","floor":2},{"not_picked":["Sucker Punch","Accuracy"],"picked":"Heel Hook","floor":5},{"not_picked":["Quick Slash","Underhanded Strike"],"picked":"Footwork","floor":7},{"not_picked":["Deflect","Dagger Throw"],"picked":"Acrobatics","floor":10},{"not_picked":["Heel Hook","Quick Slash"],"picked":"Backflip","floor":12},{"not_picked":["Prepared","Setup"],"picked":"Backstab","floor":13},{"not_picked":["Underhanded Strike","Quick Slash"],"picked":"Backflip","floor":18},{"not_picked":["Bane","Predator"],"picked":"Caltrops","floor":19},{"not_picked":["Acrobatics+1","Outmaneuver+1"],"picked":"Bouncing Flask+1","floor":22},{"not_picked":["Choke","Setup"],"picked":"Tactician","floor":31},{"not_picked":["Dagger Throw+1"],"picked":"SKIP","floor":35},{"not_picked":[],"picked":"Flying Knee+1","floor":36}],"player_experience":77233,"relics_obtained":[{"floor":7,"key":"Pocketwatch"},{"floor":9,"key":"Bottled Tornado"},{"floor":26,"key":"Orichalcum"},{"floor":27,"key":"The Courier"}],"event_choices":[{"damage_healed":0,"gold_gain":0,"player_choice":"Ignored","damage_taken":0,"max_hp_gain":0,"max_hp_loss":0,"event_name":"Liars Game","floor":4,"gold_loss":0},{"damage_healed":0,"gold_gain":0,"player_choice":"Gave Potion","damage_taken":0,"relics_obtained":["Lantern"],"max_hp_gain":0,"max_hp_loss":0,"event_name":"WeMeetAgain","floor":11,"gold_loss":0},{"damage_healed":0,"gold_gain":0,"player_choice":"Ignored","damage_taken":0,"max_hp_gain":0,"max_hp_loss":0,"event_name":"Golden Idol","floor":14,"gold_loss":0},{"damage_healed":0,"gold_gain":0,"player_choice":"Upgrade","damage_taken":0,"max_hp_gain":0,"max_hp_loss":0,"event_name":"Designer","floor":20,"gold_loss":40,"cards_upgraded":["Caltrops"]},{"damage_healed":0,"gold_gain":0,"player_choice":"Fight","damage_taken":0,"max_hp_gain":0,"max_hp_loss":0,"event_name":"Colosseum","floor":24,"gold_loss":0},{"damage_healed":0,"gold_gain":0,"player_choice":"Fled From Nobs","damage_taken":0,"max_hp_gain":0,"max_hp_loss":0,"event_name":"Colosseum","floor":24,"gold_loss":0},{"damage_healed":0,"gold_gain":0,"player_choice":"Opened","damage_taken":0,"relics_obtained":["Letter Opener"],"max_hp_gain":0,"max_hp_loss":0,"event_name":"The Mausoleum","floor":25,"gold_loss":0},{"damage_healed":0,"gold_gain":0,"player_choice":"Fight","damage_taken":0,"max_hp_gain":0,"max_hp_loss":0,"event_name":"Mysterious Sphere","floor":37,"gold_loss":0}],"is_beta":false,"boss_relics":[{"not_picked":["Ectoplasm","Cursed Key"],"picked":"Lizard Tail"},{"not_picked":["Astrolabe","Sozu"],"picked":"Busted Crown"}],"items_purged_floors":[3,28],"is_endless":false,"potions_floor_spawned":[5,7,10,19,22,31,36],"killed_by":"2 Orb Walkers","ascension_level":1}