{"gold_per_floor":[117,16,31,41,16,44,57,57,57,73,90,90,103,103,103,232,232,257,271,271,289,302,302,302],"floor_reached":24,"playtime":1319,"items_purged":[],"score":273,"play_id":"a1c745cb-d003-4953-aec1-99fe1c3f9f67","local_time":"20190421154156","is_ascension_mode":true,"campfire_choices":[{"data":"Inflame","floor":8.0,"key":"SMITH"},{"data":"Limit Break","floor":12.0,"key":"SMITH"},{"data":"Flame Barrier","floor":15.0,"key":"SMITH"},{"floor":23,"key":"REST"}],"neow_cost":"TEN_PERCENT_HP_LOSS","seed_source_timestamp":229035551183295,"circlet_count":0,"master_deck":["Strike_R","Strike_R","Defend_R","Defend_R","Defend_R","Bash","Anger","Inflame+1","Pommel Strike","Carnage","Wild Strike","Cleave","Limit Break+1","Flame Barrier+1","Flame Barrier","Clothesline","Body Slam","Injury","Feed","Headbutt","Spot Weakness","Shockwave+1","True Grit"],"special_seed":0,"relics":["Burning Blood","Magic Flower","Blue Candle","Golden Idol","Empty Cage"],"potions_floor_usage":[19,21],"damage_taken":[{"damage":20.0,"enemies":"Cultist","floor":1.0,"turns":5.0},{"damage":9.0,"enemies":"Jaw Worm","floor":3.0,"turns":3.0},{"damage":3.0,"enemies":"Small Slimes","floor":4.0,"turns":3.0},{"damage":25.0,"enemies":"3 Sentries","floor":6.0,"turns":6.0},{"damage":13.0,"enemies":"Red Slaver","floor":7.0,"turns":3.0},{"damage":0.0,"enemies":"2 Fungi Beasts","floor":10.0,"turns":2.0},{"damage":11.0,"enemies":"Looter","floor":11.0,"turns":3.0},{"damage":6.0,"enemies":"Gremlin Gang","floor":13.0,"turns":4.0},{"damage":25.0,"enemies":"Hexaghost","floor":16.0,"turns":8.0},{"damage":32.0,"enemies":"Shell Parasite","floor":18.0,"turns":6.0},{"damage":17,"enemies":"Spheric Guardian","floor":19,"turns":6},{"damage":30,"enemies":"Shelled Parasite and Fungi","floor":21,"turns":5},{"damage":10,"enemies":"Snecko","floor":22,"turns":6},{"damage":40,"enemies":"Gremlin Leader","floor":24,"turns":5}],"seed_played":"1395567347170696697","potions_obtained":[{"floor":3.0,"key":"Ancient Potion"},{"floor":6.0,"key":"Block Potion"},{"floor":7.0,"key":"Poison Potion"},{"floor":16.0,"key":"GamblersBrew"},{"floor":19,"key":"Fire Potion"}],"is_trial":false,"path_per_floor":["M","$","M","M","$","E","M","R","T","M","M","R","M","?","R","B",null,"M","M","?","M","M","R","E"],"character_chosen":"IRONCLAD","items_purchased":["Inflame","Pommel Strike","Cleave"],"campfire_rested":1,"item_purchase_floors":[2,2,5],"current_hp_per_floor":[58,58,55,58,58,39,35,35,35,44,42,42,45,45,45,29,61,38,35,35,14,13,35,0],"gold":302,"neow_bonus":"REMOVE_TWO","is_prod":false,"is_daily":false,"chose_seed":false,"campfire_upgraded":3,"win_rate":0,"timestamp":1555886516,"path_taken":["M","?","M","M","$","E","M","R","T","M","?","R","M","?","R","BOSS","M","M","?","M","M","R","E"],"build_version":"2019-01-23","purchased_purges":0,"victory":false,"max_hp_per_floor":[72,72,72,72,72,72,72,72,72,72,72,72,72,72,72,72,72,72,75,75,75,75,75,75],"card_choices":[{"not_picked":["Warcry","Searing Blow"],"picked":"Anger","floor":1.0},{"not_picked":["Pommel Strike","Shrug It Off"],"picked":"Carnage","floor":3.0},{"not_picked":["Fire Breathing","Twin Strike"],"picked":"Wild Strike","floor":4.0},{"not_picked":["Juggernaut","Armaments"],"picked":"Limit Break","floor":6.0},{"not_picked":["Pommel Strike","Thunderclap"],"picked":"Flame Barrier","floor":7.0},{"not_picked":["Hemokinesis","Iron Wave"],"picked":"Flame Barrier","floor":10.0},{"not_picked":["Intimidate","Pommel Strike"],"picked":"Clothesline","floor":11.0},{"not_picked":["Iron Wave","Perfected Strike"],"picked":"Body Slam","floor":13.0},{"not_picked":["Immolate","Impervious"],"picked":"Feed","floor":16.0},{"not_picked":["Battle Trance+1","Havoc"],"picked":"Headbutt","floor":18.0},{"not_picked":["Iron Wave","Uppercut"],"picked":"Spot Weakness","floor":19},{"not_picked":["Sentinel","True Grit"],"picked":"Shockwave+1","floor":21},{"not_picked":["Sentinel","Body Slam"],"picked":"True Grit","floor":22}],"player_experience":540149,"relics_obtained":[{"floor":6.0,"key":"Magic Flower"},{"floor":9.0,"key":"Blue Candle"}],"event_choices":[{"damage_healed":0.0,"max_hp_gain":0.0,"max_hp_loss":0.0,"gold_gain":0.0,"event_name":"Golden Idol","player_choice":"Take Wound","floor":14.0,"gold_loss":0.0,"damage_taken":0.0,"relics_obtained":["Golden Idol"],"cards_obtained":["Injury"]},{"damage_healed":0,"gold_gain":0,"player_choice":"Ignored","damage_taken":0,"max_hp_gain":0,"max_hp_loss":0,"event_name":"Ghosts","floor":20,"gold_loss":0}],"is_beta":false,"boss_relics":[{"not_picked":["Ectoplasm","Coffee Dripper"],"picked":"Empty Cage"}],"items_purged_floors":[],"is_endless":false,"potions_floor_spawned":[3,6,7,16,19],"killed_by":"Gremlin Leader","ascension_level":7}