{"gold_per_floor":[110,126,140,140,140,140,160,160,160,160,170,270,283,295,295,396,396,412,16,34,34,52,52,87,87,112,112,112,62,81,95,95,197,247,265,276,21,40,40,40,40],"floor_reached":41,"playtime":2980,"items_purged":["Strike_R+1"],"score":599,"play_id":"dec7579a-513a-4bec-a488-be14d69efd11","local_time":"20190805023707","is_ascension_mode":true,"campfire_choices":[{"data":"Body Slam","floor":6,"key":"SMITH"},{"data":"Cleave","floor":10,"key":"SMITH"},{"floor":15,"key":"REST"},{"data":"Limit Break","floor":23,"key":"SMITH"},{"floor":25,"key":"REST"},{"data":"Heavy Blade","floor":28,"key":"SMITH"},{"floor":32,"key":"REST"},{"data":"Flame Barrier","floor":40,"key":"SMITH"}],"neow_cost":"NONE","seed_source_timestamp":6262278473304921,"circlet_count":0,"master_deck":["Strike_R+1","Strike_R+1","Defend_R+1","Defend_R+1","Defend_R+1","Defend_R+1","Bash+1","Madness","Body Slam+1","Disarm","Cleave+1","Disarm","Demon Form","Shrug It Off","Heavy Blade+1","Reaper","Clothesline","Limit Break+1","Battle Trance+1","Sword Boomerang+1","Shrug It Off","Offering+1","Flame Barrier+1","Headbutt"],"relics":["Burning Blood","Smiling Mask","Odd Mushroom","Mummified Hand","Empty Cage","Paper Frog","Orichalcum","Anchor","Tiny House","Membership Card"],"potions_floor_usage":[7,13,18,18,22,33,35,35,41],"damage_taken":[{"damage":3,"enemies":"Jaw Worm","floor":1,"turns":4},{"damage":6,"enemies":"2 Louse","floor":2,"turns":4},{"damage":1,"enemies":"Small Slimes","floor":3,"turns":6},{"damage":25,"enemies":"The Mushroom Lair","floor":7,"turns":4},{"damage":10,"enemies":"2 Fungi Beasts","floor":11,"turns":4},{"damage":20,"enemies":"Gremlin Gang","floor":13,"turns":5},{"damage":5,"enemies":"Large Slime","floor":14,"turns":6},{"damage":40,"enemies":"The Guardian","floor":16,"turns":10},{"damage":22,"enemies":"Spheric Guardian","floor":18,"turns":4},{"damage":9,"enemies":"Chosen","floor":20,"turns":6},{"damage":24,"enemies":"Snake Plant","floor":22,"turns":5},{"damage":61,"enemies":"Book of Stabbing","floor":24,"turns":6},{"damage":25,"enemies":"Cultist and Chosen","floor":30,"turns":7},{"damage":34,"enemies":"Centurion and Healer","floor":31,"turns":7},{"damage":7,"enemies":"Champ","floor":33,"turns":9},{"damage":52,"enemies":"3 Darklings","floor":35,"turns":6},{"damage":9,"enemies":"Orb Walker","floor":36,"turns":4},{"damage":7,"enemies":"Maw","floor":38,"turns":7},{"damage":78,"enemies":"Transient","floor":41,"turns":4}],"seed_played":"2450701095062059336","potions_obtained":[{"floor":3,"key":"GamblersBrew"},{"floor":7,"key":"Poison Potion"},{"floor":14,"key":"Explosive Potion"},{"floor":16,"key":"Energy Potion"},{"floor":18,"key":"Block Potion"},{"floor":24,"key":"EssenceOfSteel"},{"floor":31,"key":"Fire Potion"},{"floor":34,"key":"Weak Potion"},{"floor":38,"key":"SkillPotion"}],"is_trial":false,"path_per_floor":["M","M","M","?","?","R","?","?","T","R","M","?","M","M","R","B",null,"M","$","M","?","M","R","E","R","T","?","R","?","M","M","R","B",null,"M","M","$","M","?","R","M"],"character_chosen":"IRONCLAD","items_purchased":["Limit Break","Paper Frog","Membership Card"],"campfire_rested":3,"item_purchase_floors":[19,19,37],"current_hp_per_floor":[75,75,80,80,80,80,61,45,45,45,41,41,27,28,52,18,65,57,57,64,80,62,62,42,66,66,66,66,66,59,47,71,70,83,65,62,62,61,61,61,0],"gold":40,"neow_bonus":"RANDOM_COLORLESS","is_prod":false,"is_daily":false,"chose_seed":false,"campfire_upgraded":5,"win_rate":0,"timestamp":1564994227,"path_taken":["M","M","M","?","?","R","?","?","T","R","M","?","?","?","R","BOSS","M","$","M","?","M","R","E","R","T","?","R","?","M","?","R","BOSS","M","M","$","M","?","R","M"],"build_version":"2019-07-17","purchased_purges":1,"victory":false,"max_hp_per_floor":[80,80,80,80,80,80,80,80,80,80,80,80,80,80,80,80,80,80,80,80,80,80,80,80,80,80,80,80,80,80,80,80,80,85,85,85,85,85,85,85,85],"card_choices":[{"not_picked":["Wild Strike","Twin Strike"],"picked":"Body Slam","floor":1},{"not_picked":["Feel No Pain","Heavy Blade"],"picked":"Disarm","floor":2},{"not_picked":["Bloodletting","Havoc"],"picked":"Cleave","floor":3},{"not_picked":["Anger","Cleave"],"picked":"Disarm","floor":7},{"not_picked":["Thunderclap","Clash"],"picked":"Demon Form","floor":11},{"not_picked":["Body Slam","Iron Wave"],"picked":"Shrug It Off","floor":13},{"not_picked":["Sentinel","True Grit"],"picked":"Heavy Blade","floor":14},{"not_picked":["Double Tap","Fiend Fire"],"picked":"Reaper","floor":16},{"not_picked":["Thunderclap","Pommel Strike+1"],"picked":"Clothesline","floor":18},{"not_picked":["Pommel Strike","Evolve"],"picked":"Battle Trance+1","floor":20},{"not_picked":["Blood for Blood","Iron Wave+1"],"picked":"Sword Boomerang+1","floor":22},{"not_picked":["Uppercut","Clash"],"picked":"Shrug It Off","floor":24},{"not_picked":["Clash","Twin Strike","Armaments+1"],"picked":"SKIP","floor":30},{"not_picked":["Heavy Blade+1","Rupture+1","Warcry"],"picked":"SKIP","floor":31},{"not_picked":["Immolate","Juggernaut"],"picked":"Offering","floor":33},{"not_picked":["Seeing Red","Feel No Pain"],"picked":"Flame Barrier","floor":34},{"not_picked":["Body Slam+1","Battle Trance"],"picked":"Headbutt","floor":35},{"not_picked":["Headbutt","Twin Strike+1","Spot Weakness+1"],"picked":"SKIP","floor":36},{"not_picked":["Iron Wave+1","Infernal Blade+1","Sentinel"],"picked":"SKIP","floor":38}],"player_experience":2124091,"relics_obtained":[{"floor":7,"key":"Odd Mushroom"},{"floor":9,"key":"Mummified Hand"},{"floor":24,"key":"Orichalcum"},{"floor":26,"key":"Anchor"}],"event_choices":[{"damage_healed":0,"gold_gain":0,"player_choice":"Box","damage_taken":0,"relics_obtained":["Smiling Mask"],"max_hp_gain":0,"max_hp_loss":0,"event_name":"Big Fish","floor":4,"gold_loss":0,"cards_obtained":["Regret"]},{"damage_healed":0,"gold_gain":0,"player_choice":"Ignored","damage_taken":0,"max_hp_gain":0,"max_hp_loss":0,"event_name":"Liars Game","floor":5,"gold_loss":0},{"damage_healed":0,"gold_gain":0,"player_choice":"Fought Mushrooms","damage_taken":0,"max_hp_gain":0,"max_hp_loss":0,"event_name":"Mushrooms","floor":7,"gold_loss":0},{"damage_healed":0,"gold_gain":0,"player_choice":"Entered Light","damage_taken":16,"max_hp_gain":0,"max_hp_loss":0,"event_name":"Shining Light","floor":8,"gold_loss":0,"cards_upgraded":["Bash","Defend_R"]},{"damage_healed":0,"gold_gain":100,"player_choice":"Gold","damage_taken":0,"max_hp_gain":0,"max_hp_loss":0,"event_name":"Wheel of Change","floor":12,"gold_loss":0},{"damage_healed":26,"gold_gain":0,"player_choice":"Heal","damage_taken":0,"max_hp_gain":0,"max_hp_loss":0,"event_name":"The Library","floor":21,"gold_loss":0},{"damage_healed":0,"gold_gain":0,"player_choice":"Simplicity","damage_taken":0,"max_hp_gain":0,"max_hp_loss":0,"event_name":"Back to Basics","floor":27,"gold_loss":0,"cards_upgraded":["Strike_R","Strike_R","Strike_R","Strike_R","Defend_R","Defend_R","Defend_R"]},{"damage_healed":0,"gold_gain":0,"player_choice":"Bet on Owner","damage_taken":0,"max_hp_gain":0,"max_hp_loss":0,"event_name":"The Joust","floor":29,"gold_loss":50},{"cards_removed":["Strike_R"],"damage_healed":0,"gold_gain":0,"player_choice":"Purged","damage_taken":0,"max_hp_gain":0,"max_hp_loss":0,"event_name":"Purifier","floor":39,"gold_loss":0}],"is_beta":false,"boss_relics":[{"not_picked":["Black Blood","Black Star"],"picked":"Empty Cage"},{"not_picked":["Fusion Hammer","Pandora\u0027s Box"],"picked":"Tiny House"}],"items_purged_floors":[37],"is_endless":false,"potions_floor_spawned":[3,7,14,16,18,24,31,38],"killed_by":"Transient","ascension_level":8}