{"gold_per_floor":[20,33,50,67,85,85,110,127,127,157,187,204,218,218,218,321,321,292,292,472,486,486],"floor_reached":22,"playtime":1749,"items_purged":[],"score":265,"play_id":"3b1048b7-429f-4727-81ea-0696370f78a7","local_time":"20181205235030","is_ascension_mode":true,"campfire_choices":[{"data":"Shockwave","floor":6.0,"key":"SMITH"},{"data":"Barricade","floor":15.0,"key":"SMITH"}],"neow_cost":"NO_GOLD","seed_source_timestamp":131541589341578,"circlet_count":0,"master_deck":["Strike_R+1","Strike_R+1","Strike_R+1","Strike_R+1","Strike_R+1","Defend_R+1","Defend_R+1","Defend_R+1","Defend_R+1","Bash","Body Slam","Heavy Blade","Pummel","Shockwave+1","Feel No Pain","True Grit","Carnage","Shrug It Off","Uppercut","Barricade+1","Impervious","Decay","Regret","Decay","Corruption+1","Entrench"],"special_seed":0,"relics":["Burning Blood","Ice Cream","War Paint","Darkstone Periapt","Odd Mushroom","Ancient Tea Set","Meat on the Bone","Calling Bell","Torii","Matryoshka","Smiling Mask"],"potions_floor_usage":[21,21],"damage_taken":[{"damage":6.0,"enemies":"Cultist","floor":1.0,"turns":4.0},{"damage":0.0,"enemies":"Small Slimes","floor":2.0,"turns":3.0},{"damage":7.0,"enemies":"2 Louse","floor":3.0,"turns":3.0},{"damage":5.0,"enemies":"Exordium Wildlife","floor":4.0,"turns":5.0},{"damage":13.0,"enemies":"3 Louse","floor":5.0,"turns":4.0},{"damage":7.0,"enemies":"Gremlin Nob","floor":7.0,"turns":3.0},{"damage":8.0,"enemies":"Red Slaver","floor":8.0,"turns":4.0},{"damage":14.0,"enemies":"The Mushroom Lair","floor":10.0,"turns":7.0},{"damage":19.0,"enemies":"3 Sentries","floor":11.0,"turns":7.0},{"damage":0.0,"enemies":"2 Fungi Beasts","floor":12.0,"turns":3.0},{"damage":0.0,"enemies":"Looter","floor":13.0,"turns":3.0},{"damage":35.0,"enemies":"Hexaghost","floor":16.0,"turns":13.0},{"damage":40.0,"enemies":"2 Thieves","floor":18.0,"turns":5.0},{"damage":23,"enemies":"Spheric Guardian","floor":21,"turns":6},{"damage":41,"enemies":"3 Cultists","floor":22,"turns":4}],"seed_played":"4848548651369371048","potions_obtained":[{"floor":3.0,"key":"Weak Potion"},{"floor":4.0,"key":"Strength Potion"},{"floor":10.0,"key":"LiquidBronze"},{"floor":11.0,"key":"EssenceOfSteel"},{"floor":12.0,"key":"Strength Potion"},{"floor":18.0,"key":"SteroidPotion"}],"is_trial":false,"path_per_floor":["M","M","M","M","M","M","R","E","M","T","?","E","M","M","?","R","B",null,"M","?","?","M","M"],"character_chosen":"IRONCLAD","items_purchased":[],"campfire_rested":0,"item_purchase_floors":[],"current_hp_per_floor":[80,80,79,80,73,73,72,70,70,62,49,55,61,58,58,41,98,64,64,37,32,0],"gold":486,"neow_bonus":"ONE_RARE_RELIC","is_prod":false,"is_daily":false,"chose_seed":false,"campfire_upgraded":2,"win_rate":0,"timestamp":1544071830,"path_taken":["M","?","M","M","M","R","E","?","T","?","E","M","M","?","R","BOSS","M","?","?","M","M"],"build_version":"2018-11-15","purchased_purges":0,"victory":false,"max_hp_per_floor":[80,80,80,80,80,80,80,80,80,80,80,80,80,80,80,80,98,98,98,98,98,98],"card_choices":[{"not_picked":["Sword Boomerang","Fire Breathing"],"picked":"Body Slam","floor":1.0},{"not_picked":["Thunderclap","Searing Blow"],"picked":"Heavy Blade","floor":2.0},{"not_picked":["Heavy Blade","Immolate"],"picked":"Pummel","floor":3.0},{"not_picked":["Second Wind","Anger","Sentinel"],"picked":"SKIP","floor":4.0},{"not_picked":["Ghostly Armor","Perfected Strike"],"picked":"Shockwave","floor":5.0},{"not_picked":["Perfected Strike","Searing Blow"],"picked":"Feel No Pain","floor":7.0},{"not_picked":["Reckless Charge","Pommel Strike"],"picked":"True Grit","floor":8.0},{"not_picked":["Havoc","Sword Boomerang"],"picked":"Carnage","floor":10.0},{"not_picked":["Power Through","Sword Boomerang"],"picked":"Shrug It Off","floor":11.0},{"not_picked":["Anger","True Grit"],"picked":"Uppercut","floor":12.0},{"not_picked":["Anger","Havoc"],"picked":"Barricade","floor":13.0},{"not_picked":["Juggernaut","Berserk"],"picked":"Impervious","floor":16.0},{"not_picked":["Rage","Anger"],"picked":"Corruption+1","floor":18.0},{"not_picked":["Sentinel","Power Through"],"picked":"Entrench","floor":21}],"player_experience":372067,"relics_obtained":[{"floor":7.0,"key":"War Paint"},{"floor":9.0,"key":"Darkstone Periapt"},{"floor":10.0,"key":"Odd Mushroom"},{"floor":11.0,"key":"Ancient Tea Set"},{"floor":17.0,"key":"Torii"},{"floor":17.0,"key":"Matryoshka"},{"floor":17.0,"key":"Smiling Mask"}],"event_choices":[{"damage_healed":0.0,"max_hp_gain":0.0,"max_hp_loss":0.0,"gold_gain":0.0,"event_name":"Mushrooms","player_choice":"Fought Mushrooms","floor":10.0,"gold_loss":0.0,"damage_taken":0.0},{"damage_healed":0.0,"max_hp_gain":0.0,"max_hp_loss":0.0,"gold_gain":0.0,"event_name":"Scrap Ooze","player_choice":"Success","floor":14.0,"gold_loss":0.0,"damage_taken":3.0,"relics_obtained":["Meat on the Bone"]},{"damage_healed":0.0,"max_hp_gain":0.0,"max_hp_loss":0.0,"gold_gain":0.0,"event_name":"Back to Basics","player_choice":"Simplicity","floor":19.0,"gold_loss":0.0,"damage_taken":0.0,"cards_upgraded":["Strike_R","Strike_R","Strike_R","Strike_R","Strike_R","Defend_R","Defend_R"]},{"damage_healed":0.0,"max_hp_gain":0.0,"max_hp_loss":0.0,"gold_gain":180.0,"event_name":"Knowing Skull","player_choice":"GOLD GOLD ","floor":20.0,"potions_obtained":[],"gold_loss":0.0,"damage_taken":27.0,"cards_obtained":[]}],"is_beta":false,"boss_relics":[{"not_picked":["Ectoplasm","Black Star"],"picked":"Calling Bell"}],"items_purged_floors":[],"is_endless":false,"potions_floor_spawned":[3,4,10,11,12,13,18],"killed_by":"3 Cultists","ascension_level":4}