{"gold_per_floor":[15,28,44,56,71,100,100,126,126,139,153,170,170,181,181,276,276,288,288,85,85,100,100,100,100,125,138,150,222,222,255,255,357,357,369,369,420,82,82,93,110,136,161,161,178,178,191,222,222,222],"floor_reached":51,"playtime":3719,"items_purged":["Strike_R","Strike_R"],"score":945,"play_id":"19b1f669-6b1c-4d5e-aa09-c332b0f06829","local_time":"20181212170530","is_ascension_mode":true,"campfire_choices":[{"data":"Whirlwind","floor":7.0,"key":"SMITH"},{"data":"Spot Weakness","floor":15.0,"key":"SMITH"},{"data":"Armaments","floor":23.0,"key":"SMITH"},{"floor":25.0,"key":"REST"},{"data":"Shrug It Off","floor":30.0,"key":"SMITH"},{"floor":32.0,"key":"REST"},{"data":"Flame Barrier","floor":44,"key":"SMITH"},{"data":"Finesse","floor":46,"key":"SMITH"},{"floor":49,"key":"REST"}],"neow_cost":"NO_GOLD","seed_source_timestamp":0,"circlet_count":0,"master_deck":["Strike_R","Strike_R+1","Defend_R","Defend_R","Defend_R","Defend_R","Bash","Feed","True Grit","Pummel","Whirlwind+1","Shockwave","Havoc","Spot Weakness+1","Disarm","Barricade+1","Metallicize+1","Shrug It Off+1","Armaments+1","Feel No Pain+1","Pommel Strike+1","Uppercut+1","Demon Form+1","Finesse+1","Bandage Up","Flame Barrier+1","Entrench+1","Uppercut+1"],"special_seed":0,"relics":["Burning Blood","Singing Bowl","Bird Faced Urn","Frozen Egg 2","Sozu","Nilry\u0027s Codex","Pen Nib","Question Card","Mummified Hand","Busted Crown","Unceasing Top","Bag of Preparation","Happy Flower","Whetstone","PreservedInsect"],"potions_floor_usage":[],"damage_taken":[{"damage":10.0,"enemies":"Small Slimes","floor":1.0,"turns":4.0},{"damage":2.0,"enemies":"Jaw Worm","floor":2.0,"turns":4.0},{"damage":0.0,"enemies":"2 Louse","floor":3.0,"turns":4.0},{"damage":11.0,"enemies":"Exordium Thugs","floor":4.0,"turns":4.0},{"damage":13.0,"enemies":"Blue Slaver","floor":5.0,"turns":3.0},{"damage":28.0,"enemies":"3 Sentries","floor":6.0,"turns":7.0},{"damage":32.0,"enemies":"Gremlin Nob","floor":8.0,"turns":4.0},{"damage":1.0,"enemies":"3 Louse","floor":10.0,"turns":2.0},{"damage":1.0,"enemies":"Exordium Wildlife","floor":11.0,"turns":3.0},{"damage":11.0,"enemies":"Blue Slaver","floor":12.0,"turns":3.0},{"damage":10.0,"enemies":"Large Slime","floor":14.0,"turns":7.0},{"damage":72.0,"enemies":"Hexaghost","floor":16.0,"turns":12.0},{"damage":17.0,"enemies":"2 Thieves","floor":18.0,"turns":3.0},{"damage":0.0,"enemies":"3 Byrds","floor":22.0,"turns":5.0},{"damage":4.0,"enemies":"Snecko","floor":27.0,"turns":5.0},{"damage":18.0,"enemies":"Shelled Parasite and Fungi","floor":28.0,"turns":7.0},{"damage":14.0,"enemies":"Book of Stabbing","floor":31.0,"turns":8.0},{"damage":98,"enemies":"Automaton","floor":33,"turns":14},{"damage":0,"enemies":"3 Darklings","floor":35,"turns":4},{"damage":36,"enemies":"2 Orb Walkers","floor":37,"turns":3},{"damage":5,"enemies":"Orb Walker","floor":40,"turns":5},{"damage":16,"enemies":"Transient","floor":41,"turns":5},{"damage":0,"enemies":"Giant Head","floor":42,"turns":6},{"damage":32,"enemies":"Writhing Mass","floor":45,"turns":5},{"damage":29,"enemies":"4 Shapes","floor":47,"turns":2},{"damage":18,"enemies":"Nemesis","floor":48,"turns":5},{"damage":100,"enemies":"Awakened One","floor":50,"turns":11}],"seed_played":"-2961548809441140656","potions_obtained":[{"floor":2.0,"key":"Regen Potion"},{"floor":5.0,"key":"Block Potion"},{"floor":6.0,"key":"BloodPotion"},{"floor":11.0,"key":"Poison Potion"},{"floor":14.0,"key":"AttackPotion"}],"is_trial":false,"path_per_floor":["M","M","M","M","M","E","R","E","T","M","M","M","?","M","R","B",null,"M","?","$","?","M","R","?","R","T","M","M","T","R","E","R","B",null,"M","?","?","$","?","M","M","E","T","R","M","R","M","E","R","B",null],"character_chosen":"IRONCLAD","items_purchased":["Metallicize+1","Shrug It Off","Finesse","Bag of Preparation"],"campfire_rested":3,"item_purchase_floors":[20,20,38,38],"current_hp_per_floor":[79,86,89,87,83,81,81,55,55,63,73,73,73,74,74,19,93,87,61,61,61,76,76,60,99,99,105,99,99,99,95,133,49,112,128,128,106,106,106,121,121,141,141,141,129,129,114,116,147,70],"gold":222,"neow_bonus":"THREE_RARE_CARDS","is_prod":false,"is_daily":false,"chose_seed":false,"campfire_upgraded":6,"win_rate":0,"timestamp":1544663130,"path_taken":["M","M","M","M","M","E","R","E","T","M","M","M","?","M","R","BOSS","M","?","$","?","M","R","?","R","T","M","M","?","R","E","R","BOSS","M","?","?","$","?","M","M","E","T","R","M","R","M","E","R","BOSS"],"build_version":"2018-12-06","purchased_purges":2,"victory":true,"max_hp_per_floor":[83,86,89,92,95,100,100,100,100,103,108,113,113,118,118,118,118,123,128,128,128,133,133,133,133,133,133,133,133,133,133,133,133,133,135,135,137,137,137,139,141,141,141,141,145,145,145,147,147,150],"card_choices":[{"not_picked":["Offering","Reaper"],"picked":"Feed","floor":0.0},{"not_picked":["Sword Boomerang","Clothesline"],"picked":"True Grit","floor":1.0},{"not_picked":["Headbutt","Offering"],"picked":"Pummel","floor":2.0},{"not_picked":["True Grit","Clash"],"picked":"Whirlwind","floor":3.0},{"not_picked":["Havoc","Infernal Blade"],"picked":"Shockwave","floor":4.0},{"not_picked":["Anger","Sword Boomerang"],"picked":"Havoc","floor":5.0},{"not_picked":["Rage","Twin Strike","Iron Wave"],"picked":"Singing Bowl","floor":6.0},{"not_picked":["Perfected Strike","Dropkick"],"picked":"Spot Weakness","floor":8.0},{"not_picked":["Heavy Blade","Berserk+1"],"picked":"Disarm","floor":10.0},{"not_picked":["Dual Wield","Twin Strike","Clash"],"picked":"Singing Bowl","floor":11.0},{"not_picked":["Clothesline","Hemokinesis","Searing Blow"],"picked":"Singing Bowl","floor":12.0},{"not_picked":["Headbutt","Intimidate","Clothesline"],"picked":"Singing Bowl","floor":14.0},{"not_picked":["Juggernaut+1","Reaper"],"picked":"Barricade+1","floor":16.0},{"not_picked":["Anger","Wild Strike","True Grit"],"picked":"Singing Bowl","floor":18.0},{"not_picked":["Feel No Pain+1","Havoc","Cleave"],"picked":"Singing Bowl","floor":22.0},{"not_picked":["Rupture+1","Rampage"],"picked":"Feel No Pain+1","floor":27.0},{"not_picked":["Clash","Entrench+1"],"picked":"Pommel Strike+1","floor":28.0},{"not_picked":["Second Wind","Entrench","Power Through"],"picked":"Uppercut","floor":31.0},{"not_picked":["Limit Break","Brutality+1","Impervious"],"picked":"Demon Form+1","floor":33},{"not_picked":["Rage","Ghostly Armor+1"],"picked":"Singing Bowl","floor":35},{"not_picked":["Sword Boomerang+1","Combust+1"],"picked":"Singing Bowl","floor":37},{"not_picked":["Panache+1"],"picked":"Bandage Up","floor":39},{"not_picked":["Warcry","Combust+1"],"picked":"Singing Bowl","floor":40},{"not_picked":["Bloodletting+1","Ghostly Armor+1"],"picked":"Singing Bowl","floor":41},{"not_picked":["Wild Strike"],"picked":"Flame Barrier","floor":42},{"not_picked":["Shrug It Off+1"],"picked":"Entrench+1","floor":45},{"not_picked":["Infernal Blade+1"],"picked":"Uppercut+1","floor":47},{"not_picked":["Flex","Rupture+1"],"picked":"Singing Bowl","floor":48}],"player_experience":406127,"relics_obtained":[{"floor":6.0,"key":"Singing Bowl"},{"floor":8.0,"key":"Bird Faced Urn"},{"floor":9.0,"key":"Frozen Egg 2"},{"floor":24.0,"key":"Nilry\u0027s Codex"},{"floor":26.0,"key":"Pen Nib"},{"floor":29.0,"key":"Question Card"},{"floor":31.0,"key":"Mummified Hand"},{"floor":37,"key":"Unceasing Top"},{"floor":42,"key":"Happy Flower"},{"floor":43,"key":"Whetstone"},{"floor":48,"key":"PreservedInsect"}],"event_choices":[{"damage_healed":0.0,"max_hp_gain":0.0,"max_hp_loss":0.0,"gold_gain":0.0,"event_name":"Liars Game","player_choice":"Ignored","floor":13.0,"gold_loss":0.0,"damage_taken":0.0},{"damage_healed":0.0,"max_hp_gain":5.0,"max_hp_loss":0.0,"gold_gain":0.0,"event_name":"Forgotten Altar","player_choice":"Shed Blood","floor":19.0,"gold_loss":0.0,"damage_taken":31.0},{"damage_healed":0.0,"max_hp_gain":0.0,"max_hp_loss":0.0,"gold_gain":0.0,"event_name":"The Library","player_choice":"Read","floor":21.0,"gold_loss":0.0,"damage_taken":0.0,"cards_obtained":["Armaments"]},{"damage_healed":0.0,"max_hp_gain":0.0,"max_hp_loss":0.0,"gold_gain":0.0,"event_name":"Cursed Tome","player_choice":"Obtained Book","floor":24.0,"gold_loss":0.0,"damage_taken":16.0},{"cards_removed":["Strike_R"],"damage_healed":0,"gold_gain":0,"player_choice":"Removed Attack","damage_taken":0,"max_hp_gain":0,"max_hp_loss":0,"event_name":"Falling","floor":36,"gold_loss":0},{"damage_healed":0,"gold_gain":0,"player_choice":"Fight","damage_taken":0,"max_hp_gain":0,"max_hp_loss":0,"event_name":"Mysterious Sphere","floor":37,"gold_loss":0},{"damage_healed":0,"gold_gain":0,"player_choice":"Memory 1","damage_taken":0,"max_hp_gain":0,"max_hp_loss":0,"event_name":"SensoryStone","floor":39,"gold_loss":0}],"is_beta":false,"boss_relics":[{"not_picked":["Pandora\u0027s Box","Astrolabe"],"picked":"Sozu"},{"not_picked":["Coffee Dripper","Calling Bell"],"picked":"Busted Crown"}],"items_purged_floors":[20,38],"is_endless":false,"potions_floor_spawned":[2,5,6,11,14,18,31,33,37,41,42,48],"ascension_level":5}