{"gold_per_floor":[111,15,15,15,30,30,58,58,81,94,125,125,141,154,154,253,253,265,285,19,38,51,51,1,101,101,127,147,147,62,80,80,181,181,193,39,52,52,64,64,83,83,83,83,83,95,105,15,15,15],"floor_reached":51,"playtime":10485,"items_purged":["Dark Embrace","True Grit","Bash"],"score":874,"play_id":"7c8baefc-1481-4b69-97dc-6dffeade90f2","local_time":"20190214192213","is_ascension_mode":true,"campfire_choices":[{"data":"Uppercut","floor":6.0,"key":"SMITH"},{"data":"Spot Weakness","floor":8.0,"key":"SMITH"},{"data":"Limit Break","floor":15.0,"key":"SMITH"},{"data":"Barricade","floor":23.0,"key":"SMITH"},{"floor":32.0,"key":"REST"},{"data":"Armaments","floor":40,"key":"SMITH"},{"data":"Intimidate","floor":42,"key":"SMITH"},{"data":"True Grit","floor":45,"key":"SMITH"},{"data":"Metallicize","floor":49,"key":"SMITH"}],"neow_cost":"NONE","seed_source_timestamp":0,"circlet_count":0,"master_deck":["Spot Weakness+1","Shrug It Off","Uppercut+1","Intimidate+1","Limit Break+1","Heavy Blade","Armaments+1","Barricade+1","Cleave","Feed","Infernal Blade","Iron Wave","Metallicize+1","True Grit+1","Limit Break","Whirlwind+1","Sentinel","Finesse","Flex+1","Ghostly","Ghostly","Ghostly","Ghostly","Ghostly+1","Heavy Blade+1","Body Slam+1","Reaper","Headbutt+1","Burning Pact+1","Entrench+1"],"special_seed":0,"relics":["Burning Blood","NeowsBlessing","Smiling Mask","Kunai","Blood Vial","Dodecahedron","Pandora\u0027s Box","Frozen Egg 2","Dream Catcher","Centennial Puzzle","Velvet Choker","Pear"],"potions_floor_usage":[37,39,46,50,50],"damage_taken":[{"damage":0.0,"enemies":"Small Slimes","floor":1.0,"turns":1.0},{"damage":0.0,"enemies":"Cultist","floor":5.0,"turns":1.0},{"damage":0.0,"enemies":"3 Sentries","floor":7.0,"turns":2.0},{"damage":0.0,"enemies":"Jaw Worm","floor":10.0,"turns":3.0},{"damage":12.0,"enemies":"Gremlin Nob","floor":11.0,"turns":5.0},{"damage":7.0,"enemies":"2 Fungi Beasts","floor":13.0,"turns":5.0},{"damage":3.0,"enemies":"Blue Slaver","floor":14.0,"turns":3.0},{"damage":25.0,"enemies":"The Guardian","floor":16.0,"turns":7.0},{"damage":17.0,"enemies":"3 Byrds","floor":18.0,"turns":5.0},{"damage":28.0,"enemies":"Spheric Guardian","floor":19.0,"turns":6.0},{"damage":1.0,"enemies":"Snake Plant","floor":21.0,"turns":4.0},{"damage":14.0,"enemies":"Shelled Parasite and Fungi","floor":22.0,"turns":4.0},{"damage":36.0,"enemies":"Slavers","floor":27.0,"turns":5.0},{"damage":20.0,"enemies":"3 Cultists","floor":28.0,"turns":5.0},{"damage":0.0,"enemies":"Snecko","floor":31.0,"turns":6.0},{"damage":4.0,"enemies":"Collector","floor":33.0,"turns":8.0},{"damage":34,"enemies":"3 Darklings","floor":35,"turns":8},{"damage":4,"enemies":"3 Shapes","floor":37,"turns":10},{"damage":6,"enemies":"Maw","floor":39,"turns":7},{"damage":2,"enemies":"Writhing Mass","floor":41,"turns":5},{"damage":2,"enemies":"3 Darklings","floor":46,"turns":5},{"damage":0,"enemies":"Sphere and 2 Shapes","floor":47,"turns":5},{"damage":38,"enemies":"Time Eater","floor":50,"turns":16}],"seed_played":"5338429624415564938","potions_obtained":[{"floor":1.0,"key":"SpeedPotion"},{"floor":5.0,"key":"Swift Potion"},{"floor":11.0,"key":"Block Potion"},{"floor":21.0,"key":"SneckoOil"},{"floor":27.0,"key":"LiquidBronze"},{"floor":28.0,"key":"Strength Potion"},{"floor":31.0,"key":"SteroidPotion"},{"floor":39,"key":"FairyPotion"},{"floor":46,"key":"GamblersBrew"},{"floor":47,"key":"Dexterity Potion"}],"is_trial":false,"path_per_floor":["M","$","?","?","M","R","E","R","T","M","E","?","M","M","R","B",null,"M","M","$","M","M","R","$","?","T","E","M","?","?","M","R","B",null,"M","$","M","?","M","R","M","R","T","?","R","M","M","?","R","B",null],"character_chosen":"IRONCLAD","items_purchased":["Shrug It Off","Dexterity Potion","Sentinel","Finesse","Block Potion","Block Potion","Energy Potion"],"campfire_rested":1,"item_purchase_floors":[2,2,20,20,20,36,36],"current_hp_per_floor":[80,80,85,78,84,84,85,85,85,85,79,79,80,85,85,66,80,74,54,54,61,55,55,55,55,55,30,18,18,18,26,39,43,45,39,39,49,49,49,49,49,49,59,59,59,59,59,56,56,24],"gold":15,"neow_bonus":"THREE_ENEMY_KILL","is_prod":false,"is_daily":false,"chose_seed":false,"campfire_upgraded":8,"win_rate":0,"timestamp":1550197333,"path_taken":["M","$","?","?","M","R","E","R","T","M","E","?","M","M","R","BOSS","M","M","$","M","M","R","?","?","T","E","?","?","?","M","R","BOSS","M","$","M","?","M","R","M","R","T","?","R","M","?","?","R","BOSS"],"build_version":"2019-01-23","purchased_purges":3,"victory":true,"max_hp_per_floor":[80,80,85,85,85,85,85,85,85,85,85,85,85,85,85,85,85,88,88,88,88,88,88,88,88,88,91,91,45,45,45,45,45,45,45,45,49,49,49,49,49,49,59,59,59,59,59,56,56,56],"card_choices":[{"not_picked":["Pommel Strike","Second Wind"],"picked":"Spot Weakness","floor":1.0},{"not_picked":["Sword Boomerang","Body Slam"],"picked":"Uppercut","floor":5.0},{"not_picked":["Havoc","Bludgeon"],"picked":"True Grit","floor":7.0},{"not_picked":["Pommel Strike","Havoc"],"picked":"Intimidate","floor":10.0},{"not_picked":["Uppercut","Body Slam"],"picked":"Limit Break","floor":11.0},{"not_picked":["True Grit","Sword Boomerang"],"picked":"Heavy Blade","floor":13.0},{"not_picked":["Corruption","Entrench"],"picked":"Armaments","floor":14.0},{"not_picked":["Fiend Fire","Exhume"],"picked":"Barricade","floor":16.0},{"not_picked":["Warcry","Shockwave","Clothesline+1"],"picked":"SKIP","floor":18.0},{"not_picked":["Clothesline+1","Rampage"],"picked":"Whirlwind+1","floor":19.0},{"not_picked":["Pummel","Warcry+1"],"picked":"Flex+1","floor":21.0},{"not_picked":["Cleave","Fire Breathing+1","Intimidate+1"],"picked":"SKIP","floor":22.0},{"not_picked":["Fire Breathing+1","Body Slam","Armaments"],"picked":"SKIP","floor":27.0},{"not_picked":["Anger","Clash","Cleave"],"picked":"SKIP","floor":28.0},{"not_picked":["Rupture+1","Twin Strike"],"picked":"Heavy Blade+1","floor":31.0},{"not_picked":["Iron Wave","Headbutt"],"picked":"Body Slam+1","floor":32.0},{"not_picked":["Fiend Fire","Dark Embrace+1"],"picked":"Reaper","floor":33.0},{"not_picked":["Pommel Strike","Bloodletting","Anger+1"],"picked":"SKIP","floor":35},{"not_picked":["Metallicize+1","Infernal Blade"],"picked":"Headbutt+1","floor":37},{"not_picked":["Headbutt","Pommel Strike","Iron Wave+1"],"picked":"SKIP","floor":39},{"not_picked":["Anger+1","Second Wind","Iron Wave+1"],"picked":"SKIP","floor":41},{"not_picked":["Hemokinesis","Perfected Strike+1"],"picked":"Burning Pact+1","floor":46},{"not_picked":["True Grit","Bloodletting+1"],"picked":"Entrench+1","floor":47}],"player_experience":1817661,"relics_obtained":[{"floor":7.0,"key":"Kunai"},{"floor":9.0,"key":"Blood Vial"},{"floor":11.0,"key":"Dodecahedron"},{"floor":26.0,"key":"Frozen Egg 2"},{"floor":27.0,"key":"Dream Catcher"},{"floor":43,"key":"Pear"}],"event_choices":[{"damage_healed":0.0,"max_hp_gain":5.0,"max_hp_loss":0.0,"gold_gain":0.0,"event_name":"Big Fish","player_choice":"Donut","floor":3.0,"gold_loss":0.0,"damage_taken":0.0},{"damage_healed":0.0,"max_hp_gain":0.0,"max_hp_loss":0.0,"gold_gain":0.0,"event_name":"Scrap Ooze","player_choice":"Success","floor":4.0,"gold_loss":0.0,"damage_taken":7.0,"relics_obtained":["Smiling Mask"]},{"cards_removed":["Strike_R"],"damage_healed":0.0,"max_hp_gain":0.0,"max_hp_loss":0.0,"gold_gain":0.0,"event_name":"Purifier","player_choice":"Purged","floor":12.0,"gold_loss":0.0,"damage_taken":0.0},{"damage_healed":0.0,"max_hp_gain":0.0,"max_hp_loss":0.0,"gold_gain":100.0,"event_name":"Golden Shrine","player_choice":"Pray","floor":25.0,"gold_loss":0.0,"damage_taken":0.0},{"damage_healed":0.0,"max_hp_gain":0.0,"max_hp_loss":46.0,"gold_gain":0.0,"event_name":"Ghosts","player_choice":"Became a Ghost","floor":29.0,"gold_loss":0.0,"damage_taken":0.0,"cards_obtained":["Ghostly","Ghostly","Ghostly","Ghostly","Ghostly"]},{"damage_healed":0.0,"max_hp_gain":0.0,"max_hp_loss":0.0,"gold_gain":0.0,"event_name":"Addict","player_choice":"Obtained Relic","floor":30.0,"gold_loss":85.0,"damage_taken":0.0,"relics_obtained":["Centennial Puzzle"]},{"damage_healed":0,"gold_gain":0,"player_choice":"Ignored","damage_taken":0,"max_hp_gain":0,"max_hp_loss":0,"event_name":"Mysterious Sphere","floor":38,"gold_loss":0},{"damage_healed":0,"gold_gain":0,"player_choice":"0 cards matched","damage_taken":0,"max_hp_gain":0,"max_hp_loss":0,"event_name":"Match and Keep!","floor":44,"gold_loss":0,"cards_obtained":[]},{"cards_removed":["Parasite"],"damage_healed":0,"gold_gain":0,"player_choice":"Upgrade and Remove","damage_taken":0,"max_hp_gain":0,"max_hp_loss":0,"event_name":"Designer","floor":48,"gold_loss":90,"cards_upgraded":["Ghostly"]}],"is_beta":false,"boss_relics":[{"not_picked":["Tiny House","Empty Cage"],"picked":"Pandora\u0027s Box"},{"not_picked":["Lizard Tail","Philosopher\u0027s Stone"],"picked":"Velvet Choker"}],"items_purged_floors":[20,24,36],"is_endless":false,"potions_floor_spawned":[1,5,10,11,21,27,28,31,39,46,47],"ascension_level":5}