{"gold_per_floor":[110,120,136,148,23,23,43,43,92,92,17,32,50,50,50,154,154,136,156,170,170],"floor_reached":21,"playtime":1039,"items_purged":["Strike_R"],"score":175,"play_id":"6ea06de2-4523-4190-8b2f-4cc09de79b5c","local_time":"20190411011558","is_ascension_mode":false,"campfire_choices":[{"floor":6,"key":"REST"},{"data":"Armaments","floor":8,"key":"SMITH"},{"data":"Entrench","floor":15,"key":"SMITH"}],"neow_cost":"NONE","seed_source_timestamp":313095359086955,"circlet_count":0,"master_deck":["Strike_R","Strike_R","Strike_R","Strike_R","Defend_R","Defend_R","Defend_R","Defend_R","Bash","Iron Wave","Entrench+1","Metallicize","Armaments+1","Twin Strike","Body Slam","Barricade","Clothesline","True Grit"],"relics":["Lizard Tail","Ancient Tea Set","Sozu"],"potions_floor_usage":[7,7,16,16,16],"damage_taken":[{"damage":15,"enemies":"Jaw Worm","floor":1,"turns":4},{"damage":3,"enemies":"Cultist","floor":2,"turns":5},{"damage":7,"enemies":"2 Louse","floor":3,"turns":3},{"damage":43,"enemies":"Large Slime","floor":4,"turns":8},{"damage":76,"enemies":"Exordium Thugs","floor":7,"turns":12},{"damage":0,"enemies":"Blue Slaver","floor":12,"turns":5},{"damage":6,"enemies":"2 Fungi Beasts","floor":13,"turns":4},{"damage":5,"enemies":"Hexaghost","floor":16,"turns":14},{"damage":22,"enemies":"2 Thieves","floor":18,"turns":4},{"damage":12,"enemies":"Spheric Guardian","floor":19,"turns":7},{"damage":33,"enemies":"Snake Plant","floor":20,"turns":8},{"damage":15,"enemies":"Shelled Parasite and Fungi","floor":21,"turns":3}],"seed_played":"4294971297460035121","potions_obtained":[{"floor":2,"key":"PowerPotion"},{"floor":4,"key":"Regen Potion"},{"floor":10,"key":"Dexterity Potion"},{"floor":10,"key":"Dexterity Potion"},{"floor":12,"key":"Weak Potion"}],"is_trial":false,"path_per_floor":["M","M","M","M","$","R","M","R","T","?","$","M","M","?","R","B",null,"M","M","M","M"],"character_chosen":"IRONCLAD","items_purchased":["Metallicize","Armaments"],"campfire_rested":1,"item_purchase_floors":[5,5],"current_hp_per_floor":[65,62,55,12,12,36,19,19,19,19,19,19,13,13,13,8,80,58,46,13,0],"gold":170,"neow_bonus":"BOSS_RELIC","is_prod":false,"is_daily":false,"chose_seed":false,"campfire_upgraded":2,"win_rate":0.0,"timestamp":1554916558,"path_taken":["M","M","M","M","$","R","M","R","T","?","?","?","?","?","R","BOSS","M","M","M","M"],"build_version":"2019-01-23","purchased_purges":1,"victory":false,"max_hp_per_floor":[80,80,80,80,80,80,80,80,80,80,80,80,80,80,80,80,80,80,80,80,80],"card_choices":[{"not_picked":["Perfected Strike","Thunderclap","Combust"],"picked":"SKIP","floor":1},{"not_picked":["Body Slam","Twin Strike"],"picked":"Iron Wave","floor":2},{"not_picked":["Headbutt","Clash","Warcry"],"picked":"SKIP","floor":3},{"not_picked":["Thunderclap","Sword Boomerang"],"picked":"Entrench","floor":4},{"not_picked":["Flex","Thunderclap"],"picked":"Twin Strike","floor":7},{"not_picked":["Burning Pact","Dark Embrace"],"picked":"Body Slam","floor":12},{"not_picked":["Body Slam","Reckless Charge","Flex"],"picked":"SKIP","floor":13},{"not_picked":["Juggernaut","Reaper"],"picked":"Barricade","floor":16},{"not_picked":["Clash","Rupture"],"picked":"Clothesline","floor":18},{"not_picked":["Warcry+1","Perfected Strike"],"picked":"True Grit","floor":19},{"not_picked":["Sword Boomerang","Inflame","Warcry"],"picked":"SKIP","floor":20}],"player_experience":16580,"relics_obtained":[{"floor":9,"key":"Ancient Tea Set"}],"event_choices":[{"damage_healed":0,"gold_gain":0,"player_choice":"Got Potions","damage_taken":0,"max_hp_gain":0,"max_hp_loss":0,"event_name":"Lab","floor":10,"gold_loss":0},{"damage_healed":0,"gold_gain":0,"player_choice":"Ignored","damage_taken":0,"max_hp_gain":0,"max_hp_loss":0,"event_name":"Liars Game","floor":14,"gold_loss":0}],"is_beta":false,"boss_relics":[{"not_picked":["Velvet Choker","Coffee Dripper"],"picked":"Sozu"}],"items_purged_floors":[11],"is_endless":false,"potions_floor_spawned":[2,4,12,19,20],"killed_by":"Shelled Parasite and Fungi","ascension_level":0}