{"gold_per_floor":[15,33,43,57,57,89,89,119,119,133,150,166,1,36,36,138,138,138,27,0,0,0,0,0,0,0,0,0,0,0,0,0,0,0,0,0,0,0,0,0,0,0,0,0,0,0,0,0,0,0],"floor_reached":51,"playtime":3577,"items_purged":["Strike_R"],"score":964,"play_id":"983de52a-73aa-4bb0-bb61-294af9214b98","local_time":"20181207221351","is_ascension_mode":true,"campfire_choices":[{"data":"Uppercut","floor":7.0,"key":"SMITH"},{"data":"Flame Barrier","floor":15.0,"key":"SMITH"},{"data":"Heavy Blade","floor":24.0,"key":"SMITH"},{"data":"Demon Form","floor":27.0,"key":"SMITH"},{"data":"Shockwave","floor":29.0,"key":"SMITH"},{"floor":32.0,"key":"REST"},{"floor":41,"key":"REST"},{"floor":44,"key":"REST"},{"data":"Flame Barrier","floor":46,"key":"SMITH"},{"data":"Shrug It Off","floor":49,"key":"SMITH"}],"neow_cost":"NO_GOLD","seed_source_timestamp":296483574373328,"circlet_count":0,"master_deck":["Strike_R","Strike_R","Strike_R","Defend_R","Defend_R","Defend_R","Bash","Seeing Red","Uppercut+1","Headbutt","Shrug It Off+1","Pommel Strike","Whirlwind","Armaments","Flame Barrier+1","Inflame","Shrug It Off","Uppercut","Demon Form+1","Dropkick+1","Inflame","Flame Barrier+1","Heavy Blade+1","RitualDagger","Spot Weakness","Disarm+1","Shockwave+1","Metallicize","Double Tap","Shrug It Off","Madness","Madness","Shrug It Off+1","Armaments+1","Heavy Blade+1"],"special_seed":0,"relics":["Burning Blood","Self Forming Clay","Question Card","Art of War","Sundial","Bag of Marbles","Ectoplasm","Ancient Tea Set","Red Skull","Centennial Puzzle","White Beast Statue","Red Mask","Bird Faced Urn","Blood Vial"],"potions_floor_usage":[40,40,45,48,50,50,50],"damage_taken":[{"damage":6.0,"enemies":"Small Slimes","floor":1.0,"turns":5.0},{"damage":6.0,"enemies":"Cultist","floor":2.0,"turns":3.0},{"damage":9.0,"enemies":"Jaw Worm","floor":3.0,"turns":3.0},{"damage":6.0,"enemies":"Exordium Wildlife","floor":4.0,"turns":4.0},{"damage":20.0,"enemies":"Gremlin Nob","floor":6.0,"turns":5.0},{"damage":20.0,"enemies":"3 Sentries","floor":8.0,"turns":7.0},{"damage":10.0,"enemies":"Red Slaver","floor":10.0,"turns":2.0},{"damage":3.0,"enemies":"Looter","floor":11.0,"turns":2.0},{"damage":0.0,"enemies":"Large Slime","floor":12.0,"turns":4.0},{"damage":0.0,"enemies":"Lagavulin","floor":14.0,"turns":6.0},{"damage":14.0,"enemies":"Slime Boss","floor":16.0,"turns":9.0},{"damage":7.0,"enemies":"3 Byrds","floor":18.0,"turns":4.0},{"damage":7.0,"enemies":"2 Thieves","floor":20.0,"turns":4.0},{"damage":9.0,"enemies":"Centurion and Healer","floor":22.0,"turns":5.0},{"damage":9.0,"enemies":"Book of Stabbing","floor":23.0,"turns":5.0},{"damage":5.0,"enemies":"Cultist and Chosen","floor":25.0,"turns":4.0},{"damage":12.0,"enemies":"Chosen and Byrds","floor":28.0,"turns":5.0},{"damage":28.0,"enemies":"Gremlin Leader","floor":30.0,"turns":5.0},{"damage":4.0,"enemies":"Automaton","floor":33.0,"turns":6.0},{"damage":18.0,"enemies":"3 Shapes","floor":35.0,"turns":4.0},{"damage":24.0,"enemies":"3 Darklings","floor":39.0,"turns":6.0},{"damage":29,"enemies":"Reptomancer","floor":40,"turns":5},{"damage":18,"enemies":"Writhing Mass","floor":42,"turns":6},{"damage":14,"enemies":"4 Shapes","floor":45,"turns":5},{"damage":19,"enemies":"Maw","floor":47,"turns":7},{"damage":4,"enemies":"Spire Growth","floor":48,"turns":5},{"damage":45,"enemies":"Time Eater","floor":50,"turns":11}],"seed_played":"-3168132170940675180","potions_obtained":[{"floor":1.0,"key":"Block Potion"},{"floor":2.0,"key":"AttackPotion"},{"floor":8.0,"key":"Explosive Potion"},{"floor":12.0,"key":"FearPotion"},{"floor":14.0,"key":"EntropicBrew"},{"floor":22.0,"key":"EntropicBrew"},{"floor":25.0,"key":"EntropicBrew"},{"floor":30.0,"key":"Energy Potion"},{"floor":35.0,"key":"SteroidPotion"},{"floor":39.0,"key":"Explosive Potion"},{"floor":40,"key":"Ancient Potion"},{"floor":42,"key":"SteroidPotion"},{"floor":45,"key":"Dexterity Potion"},{"floor":47,"key":"Weak Potion"},{"floor":48,"key":"Energy Potion"}],"is_trial":false,"path_per_floor":["M","M","M","M","?","E","R","E","T","M","M","M","$","E","R","B",null,"M","$","M","?","M","E","R","M","T","R","M","R","E","?","R","B",null,"M","?","?","$","M","E","R","M","T","R","M","R","M","M","R","B",null],"character_chosen":"IRONCLAD","items_purchased":["Inflame","Shrug It Off","Inflame","Flame Barrier"],"campfire_rested":3,"item_purchase_floors":[13,13,19,19],"current_hp_per_floor":[80,80,77,77,77,63,63,49,49,45,48,54,54,60,60,52,80,79,79,78,72,69,66,66,67,67,67,69,69,47,47,71,73,80,68,68,58,58,40,17,41,35,35,59,59,59,56,64,64,35],"gold":0,"neow_bonus":"REMOVE_TWO","is_prod":false,"is_daily":false,"chose_seed":false,"campfire_upgraded":7,"win_rate":0,"timestamp":1544238831,"path_taken":["M","M","M","M","?","E","R","E","T","M","M","M","$","E","R","BOSS","M","$","M","?","M","E","R","M","T","R","M","R","E","?","R","BOSS","M","?","?","?","M","E","R","M","T","R","M","R","M","M","R","BOSS"],"build_version":"2018-11-15","purchased_purges":1,"victory":true,"max_hp_per_floor":[80,80,80,80,80,80,80,80,80,80,80,80,80,80,80,80,80,80,80,80,80,80,80,80,80,80,80,80,80,80,80,80,80,80,80,80,80,80,80,80,80,80,80,80,80,80,80,80,80,80],"card_choices":[{"not_picked":["Bloodletting","Wild Strike"],"picked":"Seeing Red","floor":1.0},{"not_picked":["Entrench","Iron Wave","Wild Strike"],"picked":"SKIP","floor":2.0},{"not_picked":["Heavy Blade","Seeing Red"],"picked":"Uppercut","floor":3.0},{"not_picked":["Burning Pact","Sword Boomerang"],"picked":"Headbutt","floor":4.0},{"not_picked":["Anger","Dual Wield"],"picked":"Shrug It Off","floor":6.0},{"not_picked":["Sword Boomerang","Body Slam","Wild Strike"],"picked":"Pommel Strike","floor":8.0},{"not_picked":["True Grit","Reckless Charge","Body Slam"],"picked":"Whirlwind","floor":10.0},{"not_picked":["Anger","Dark Embrace","Clothesline"],"picked":"Armaments","floor":11.0},{"not_picked":["Rupture","Headbutt","Carnage"],"picked":"Flame Barrier","floor":12.0},{"not_picked":["Thunderclap","Wild Strike","Clash"],"picked":"Uppercut","floor":14.0},{"not_picked":["Fiend Fire","Offering","Immolate"],"picked":"Demon Form","floor":16.0},{"not_picked":["Pommel Strike","Whirlwind","Shrug It Off"],"picked":"Dropkick+1","floor":18.0},{"not_picked":["Flex","Hemokinesis","Twin Strike"],"picked":"Heavy Blade","floor":20.0},{"not_picked":["Warcry+1","Inflame+1","Thunderclap"],"picked":"Spot Weakness","floor":22.0},{"not_picked":["Iron Wave","Perfected Strike+1","Cleave"],"picked":"Disarm+1","floor":23.0},{"not_picked":["Hemokinesis+1","Flex","Fiend Fire","Spot Weakness+1"],"picked":"SKIP","floor":25.0},{"not_picked":["Dual Wield+1","Anger+1","Seeing Red"],"picked":"Shockwave","floor":28.0},{"not_picked":["Armaments","Iron Wave+1","Spot Weakness"],"picked":"Metallicize","floor":30.0},{"not_picked":["Berserk","Fiend Fire","Exhume"],"picked":"Double Tap","floor":33.0},{"not_picked":["Perfected Strike+1","Carnage","Reckless Charge+1"],"picked":"Shrug It Off","floor":35.0},{"not_picked":["Infernal Blade","Cleave+1","Warcry+1","Searing Blow"],"picked":"SKIP","floor":39.0},{"not_picked":["Heavy Blade+1","Cleave+1","Fiend Fire"],"picked":"Shrug It Off+1","floor":40},{"not_picked":["Pommel Strike","Battle Trance+1","Rupture"],"picked":"Armaments+1","floor":42},{"not_picked":["Iron Wave","Bloodletting","Dropkick","Sword Boomerang"],"picked":"SKIP","floor":45},{"not_picked":["Perfected Strike","Intimidate","Brutality"],"picked":"Heavy Blade+1","floor":47},{"not_picked":["Sword Boomerang","Iron Wave","Anger","Combust+1"],"picked":"SKIP","floor":48}],"player_experience":384813,"relics_obtained":[{"floor":5.0,"key":"Self Forming Clay"},{"floor":6.0,"key":"Question Card"},{"floor":8.0,"key":"Art of War"},{"floor":9.0,"key":"Sundial"},{"floor":14.0,"key":"Bag of Marbles"},{"floor":23.0,"key":"Ancient Tea Set"},{"floor":26.0,"key":"Red Skull"},{"floor":30.0,"key":"Centennial Puzzle"},{"floor":40,"key":"Bird Faced Urn"},{"floor":43,"key":"Blood Vial"}],"event_choices":[{"damage_healed":0.0,"max_hp_gain":0.0,"max_hp_loss":0.0,"gold_gain":0.0,"event_name":"Wheel of Change","player_choice":"Relic","floor":5.0,"gold_loss":0.0,"damage_taken":0.0},{"damage_healed":0.0,"max_hp_gain":0.0,"max_hp_loss":0.0,"gold_gain":0.0,"event_name":"Nest","player_choice":"Joined the Cult","floor":21.0,"gold_loss":0.0,"damage_taken":6.0,"cards_obtained":["RitualDagger"]},{"damage_healed":0.0,"max_hp_gain":0.0,"max_hp_loss":0.0,"gold_gain":0.0,"event_name":"Tomb of Lord Red Mask","player_choice":"Paid","floor":36.0,"gold_loss":0.0,"damage_taken":0.0,"relics_obtained":["Red Mask"]},{"damage_healed":0.0,"max_hp_gain":0.0,"max_hp_loss":0.0,"gold_gain":0.0,"event_name":"Winding Halls","player_choice":"Embrace Madness","floor":37.0,"gold_loss":0.0,"damage_taken":10.0,"cards_obtained":["Madness","Madness"]}],"is_beta":false,"boss_relics":[{"not_picked":["Cursed Key","Coffee Dripper"],"picked":"Ectoplasm"},{"not_picked":["Sozu","Runic Dome"],"picked":"White Beast Statue"}],"items_purged_floors":[13],"is_endless":false,"potions_floor_spawned":[1,2,8,12,14,22,25,30,35,39,40,42,45,47,48],"ascension_level":4}