{"gold_per_floor":[109,120,134,39,51,70,85,101,101,22,22],"floor_reached":11,"playtime":397,"items_purged":[],"score":69,"play_id":"566ae7e0-5f0d-496d-aa2f-67136057ce06","local_time":"20190812190802","is_ascension_mode":false,"campfire_choices":[],"neow_cost":"NONE","seed_source_timestamp":654066197226446,"circlet_count":0,"master_deck":["Strike_G","Strike_G","Strike_G","Strike_G","Strike_G","Defend_G","Defend_G","Defend_G","Defend_G","Defend_G","Survivor","Neutralize","Backflip","Deflect","Infinite Blades","Blade Dance","Escape Plan","Cloak And Dagger","Acrobatics","Prepared","Finisher","Accuracy"],"relics":["Ring of the Snake","NeowsBlessing","Bottled Flame"],"potions_floor_usage":[11],"damage_taken":[{"damage":0,"enemies":"2 Louse","floor":1,"turns":1},{"damage":0,"enemies":"Small Slimes","floor":2,"turns":1},{"damage":0,"enemies":"Jaw Worm","floor":3,"turns":1},{"damage":27,"enemies":"Exordium Thugs","floor":5,"turns":5},{"damage":2,"enemies":"Lots of Slimes","floor":6,"turns":6},{"damage":0,"enemies":"Looter","floor":7,"turns":4},{"damage":20,"enemies":"Gremlin Gang","floor":8,"turns":7},{"damage":23,"enemies":"Exordium Thugs","floor":11,"turns":5}],"seed_played":"-1811660350158049093","potions_obtained":[{"floor":1,"key":"Weak Potion"},{"floor":6,"key":"SpeedPotion"},{"floor":8,"key":"SteroidPotion"}],"is_trial":false,"path_per_floor":["M","M","M","$","M","M","M","M","T","$","M"],"character_chosen":"THE_SILENT","items_purchased":["Blade Dance","Escape Plan","Accuracy"],"campfire_rested":0,"item_purchase_floors":[4,4,10],"current_hp_per_floor":[70,70,70,70,43,41,41,21,21,21,0],"gold":22,"neow_bonus":"THREE_ENEMY_KILL","is_prod":false,"is_daily":false,"chose_seed":false,"campfire_upgraded":0,"win_rate":0,"timestamp":1565608082,"path_taken":["M","M","M","$","M","M","M","M","T","$","M"],"build_version":"2019-07-17","purchased_purges":0,"victory":false,"max_hp_per_floor":[70,70,70,70,70,70,70,70,70,70,70],"card_choices":[{"not_picked":["Backstab","Deflect"],"picked":"Backflip","floor":1},{"not_picked":["Masterful Stab","Deadly Poison"],"picked":"Deflect","floor":2},{"not_picked":["Backstab","Dagger Throw"],"picked":"Infinite Blades","floor":3},{"not_picked":["Dash","Accuracy"],"picked":"Cloak And Dagger","floor":5},{"not_picked":["Bouncing Flask","Calculated Gamble"],"picked":"Acrobatics","floor":6},{"not_picked":["Eviscerate","Escape Plan"],"picked":"Prepared","floor":7},{"not_picked":["Acrobatics","Sucker Punch"],"picked":"Finisher","floor":8}],"player_experience":192316,"relics_obtained":[{"floor":9,"key":"Bottled Flame"}],"event_choices":[],"is_beta":false,"boss_relics":[],"items_purged_floors":[],"is_endless":false,"potions_floor_spawned":[1,6,8],"killed_by":"Exordium Thugs","ascension_level":0}