{"gold_per_floor":[116,34,44,144,158,158,173,173,219,238,255,271,200,200,200,200],"floor_reached":16,"playtime":608,"items_purged":[],"score":94,"play_id":"20f0d18f-b43d-4ed9-a25b-ec2b7add20de","local_time":"20190809063714","is_ascension_mode":false,"campfire_choices":[{"floor":6,"key":"REST"},{"data":"Infinite Blades","floor":15,"key":"SMITH"}],"neow_cost":"NONE","seed_source_timestamp":349566325321691,"circlet_count":0,"master_deck":["Strike_G","Strike_G","Strike_G","Strike_G","Strike_G","Defend_G","Defend_G","Defend_G","Defend_G","Defend_G","Survivor","Neutralize","Escape Plan","Deflect","Cloak And Dagger","Outmaneuver","Infinite Blades+1"],"relics":["Ring of the Snake","NeowsBlessing","Lantern","Bronze Scales"],"potions_floor_usage":[10,12,16,16],"damage_taken":[{"damage":0,"enemies":"Jaw Worm","floor":1,"turns":1},{"damage":0,"enemies":"Cultist","floor":3,"turns":1},{"damage":0,"enemies":"Small Slimes","floor":5,"turns":1},{"damage":4,"enemies":"Red Slaver","floor":7,"turns":5},{"damage":0,"enemies":"Looter","floor":10,"turns":3},{"damage":2,"enemies":"2 Fungi Beasts","floor":11,"turns":4},{"damage":7,"enemies":"Large Slime","floor":12,"turns":10},{"damage":53,"enemies":"The Guardian","floor":16,"turns":20}],"seed_played":"-5493920550412725623","potions_obtained":[{"floor":1,"key":"Block Potion"},{"floor":5,"key":"Block Potion"},{"floor":7,"key":"Strength Potion"},{"floor":8,"key":"Poison Potion"},{"floor":8,"key":"Poison Potion"},{"floor":11,"key":"SteroidPotion"},{"floor":12,"key":"EssenceOfSteel"}],"is_trial":false,"path_per_floor":["M","$","M","?","M","R","M","?","T","M","M","M","$","?","R","B"],"character_chosen":"THE_SILENT","items_purchased":["Escape Plan","Infinite Blades"],"campfire_rested":1,"item_purchase_floors":[2,13],"current_hp_per_floor":[70,70,70,70,70,70,66,66,66,66,64,57,57,57,57,4],"gold":200,"neow_bonus":"THREE_ENEMY_KILL","is_prod":false,"is_daily":false,"chose_seed":false,"campfire_upgraded":1,"win_rate":0,"timestamp":1565303834,"path_taken":["M","$","M","?","?","R","?","?","T","M","?","M","$","?","R","BOSS"],"build_version":"2019-07-17","purchased_purges":0,"victory":false,"max_hp_per_floor":[70,70,70,70,70,70,70,70,70,70,70,70,70,70,70,70],"card_choices":[{"not_picked":["Crippling Poison","Masterful Stab","Blade Dance"],"picked":"SKIP","floor":1},{"not_picked":["Heel Hook","Leg Sweep"],"picked":"Deflect","floor":3},{"not_picked":["Dodge and Roll","Corpse Explosion"],"picked":"Cloak And Dagger","floor":5},{"not_picked":["Cloak And Dagger","Flechettes"],"picked":"Outmaneuver","floor":7},{"not_picked":["Dagger Throw","Caltrops","Masterful Stab"],"picked":"SKIP","floor":10},{"not_picked":["Poisoned Stab","Quick Slash","Flying Knee"],"picked":"SKIP","floor":11},{"not_picked":["Finisher","Endless Agony","Blade Dance"],"picked":"SKIP","floor":12}],"player_experience":151198,"relics_obtained":[{"floor":9,"key":"Lantern"}],"event_choices":[{"damage_healed":0,"gold_gain":100,"player_choice":"Gold","damage_taken":0,"max_hp_gain":0,"max_hp_loss":0,"event_name":"Wheel of Change","floor":4,"gold_loss":0},{"damage_healed":0,"gold_gain":0,"player_choice":"Got Potions","damage_taken":0,"max_hp_gain":0,"max_hp_loss":0,"event_name":"Lab","floor":8,"gold_loss":0},{"damage_healed":0,"gold_gain":0,"player_choice":"Gave Potion","damage_taken":0,"relics_obtained":["Bronze Scales"],"max_hp_gain":0,"max_hp_loss":0,"event_name":"WeMeetAgain","floor":14,"gold_loss":0}],"is_beta":false,"boss_relics":[],"items_purged_floors":[],"is_endless":false,"potions_floor_spawned":[1,5,7,11,12],"killed_by":"The Guardian","ascension_level":0}