{"gold_per_floor":[112,387,404,416,9,41,41,11,34,34,44,44,69,88,88,185,185,198,398,104,122,133,166,166,192,192,210,210,228,240,240,240,345,345,365,365,365,0,13,13,42,42,65,65,65,65,165,17,17,17,17,17,17,51,51],"floor_reached":55,"playtime":6503,"items_purged":["Regret","Strike_G","Defend_G+1"],"score":858,"play_id":"96695fc0-4f5d-4ca4-a165-c82881433adf","local_time":"20181221180207","is_ascension_mode":true,"campfire_choices":[{"data":"Footwork","floor":7.0,"key":"SMITH"},{"data":"Footwork","floor":10.0,"key":"SMITH"},{"data":"Skewer","floor":15.0,"key":"SMITH"},{"data":"Cloak And Dagger","floor":24.0,"key":"SMITH"},{"data":"Blur","floor":32.0,"key":"SMITH"},{"floor":40.0,"key":"RECALL"},{"data":"Glass Knife","floor":46.0,"key":"SMITH"},{"floor":49.0,"key":"REST"},{"data":"Glass Knife","floor":52.0,"key":"SMITH"}],"neow_cost":"NONE","seed_source_timestamp":966215799471779,"circlet_count":0,"master_deck":["Defend_G+1","Defend_G+1","Defend_G+1","Strike_G+1","Strike_G+1","Survivor","Neutralize","Footwork+1","Cloak And Dagger+1","Tactician","Backflip","Footwork+1","Predator","Glass Knife+1","Skewer+1","Backflip","Die Die Die","Bullet Time+1","Prepared+1","Blade Dance+1","PiercingWail","Cloak And Dagger+1","Backstab","Terror+1","Bouncing Flask","Glass Knife+1","Blur+1","Panacea"],"special_seed":0,"relics":["Ring of the Snake","Sundial","Pen Nib","Happy Flower","Singing Bowl","Astrolabe","Art of War","Ninja Scroll","Bag of Marbles","Regal Pillow","Bottled Tornado","Black Star","Lantern","Gremlin Horn","Orichalcum","Blue Candle","Bird Faced Urn","Oddly Smooth Stone","Ginger","Nunchaku"],"potions_floor_usage":[55,55],"damage_taken":[{"damage":5.0,"enemies":"Small Slimes","floor":1.0,"turns":5.0},{"damage":6.0,"enemies":"Cultist","floor":3.0,"turns":4.0},{"damage":0.0,"enemies":"2 Louse","floor":4.0,"turns":4.0},{"damage":17.0,"enemies":"Gremlin Nob","floor":6.0,"turns":5.0},{"damage":0.0,"enemies":"Looter","floor":8.0,"turns":4.0},{"damage":0.0,"enemies":"Red Slaver","floor":11.0,"turns":4.0},{"damage":9.0,"enemies":"3 Sentries","floor":13.0,"turns":13.0},{"damage":0.0,"enemies":"2 Fungi Beasts","floor":14.0,"turns":4.0},{"damage":13.0,"enemies":"The Guardian","floor":16.0,"turns":13.0},{"damage":0.0,"enemies":"Shell Parasite","floor":18.0,"turns":4.0},{"damage":0.0,"enemies":"3 Byrds","floor":21.0,"turns":6.0},{"damage":4.0,"enemies":"Shelled Parasite and Fungi","floor":22.0,"turns":7.0},{"damage":0.0,"enemies":"Slavers","floor":23.0,"turns":6.0},{"damage":9.0,"enemies":"Gremlin Leader","floor":25.0,"turns":7.0},{"damage":0.0,"enemies":"Snecko","floor":27.0,"turns":5.0},{"damage":0.0,"enemies":"Cultist and Chosen","floor":29.0,"turns":4.0},{"damage":2.0,"enemies":"Snake Plant","floor":30.0,"turns":2.0},{"damage":30.0,"enemies":"Champ","floor":33.0,"turns":11.0},{"damage":9.0,"enemies":"3 Darklings","floor":35.0,"turns":5.0},{"damage":7.0,"enemies":"3 Shapes","floor":39.0,"turns":3.0},{"damage":16.0,"enemies":"Nemesis","floor":41.0,"turns":5.0},{"damage":2.0,"enemies":"Mind Bloom Boss Battle","floor":47.0,"turns":5.0},{"damage":49.0,"enemies":"Awakened One","floor":50.0,"turns":18.0},{"damage":6.0,"enemies":"Shield and Spear","floor":54.0,"turns":7.0},{"damage":98,"enemies":"The Heart","floor":55,"turns":8}],"seed_played":"-8684909224933836071","potions_obtained":[{"floor":1.0,"key":"Fire Potion"},{"floor":3.0,"key":"Block Potion"},{"floor":16.0,"key":"Fire Potion"},{"floor":21.0,"key":"Explosive Potion"},{"floor":23.0,"key":"Explosive Potion"},{"floor":25.0,"key":"GhostInAJar"},{"floor":29.0,"key":"LiquidBronze"},{"floor":33.0,"key":"PowerPotion"},{"floor":47.0,"key":"Fire Potion"},{"floor":54.0,"key":"SkillPotion"}],"is_trial":false,"path_per_floor":["M","?","M","M","$","E","R","M","T","R","M","$","E","M","R","B",null,"M","?","$","M","M","E","R","E","T","M","T","M","M","M","?","R","B",null,"M","?","?","$","M","R","E","?","T","?","T","R","?","$","R","B",null,"R","$","E","B"],"character_chosen":"THE_SILENT","items_purchased":["Backflip","Sundial","Footwork","PiercingWail","Art of War","Lantern","Panacea","Oddly Smooth Stone"],"campfire_rested":1,"item_purchase_floors":[5,5,5,20,20,38,38,48],"current_hp_per_floor":[72,72,66,66,66,49,49,49,49,49,49,49,40,40,40,27,77,79,79,79,79,77,77,77,70,70,70,70,70,70,70,70,40,85,78,78,78,78,73,73,59,59,59,59,59,59,59,59,93,48,93,93,93,91,0],"gold":51,"neow_bonus":"TEN_PERCENT_HP_BONUS","is_prod":false,"is_daily":false,"chose_seed":false,"campfire_upgraded":7,"win_rate":0,"timestamp":1545444127,"path_taken":["M","?","M","?","$","E","R","M","T","R","M","?","E","M","R","BOSS","M","?","$","M","M","E","R","E","T","?","?","?","M","?","R","BOSS","M","?","?","$","?","R","E","?","T","?","?","R","?","?","R","BOSS","R","$","E","BOSS"],"build_version":"2018-12-20","purchased_purges":3,"victory":false,"max_hp_per_floor":[77,77,77,77,77,77,77,77,77,77,77,77,77,77,77,77,77,79,79,79,79,81,81,81,83,83,83,83,83,85,85,85,85,85,87,87,87,87,89,89,91,91,91,91,91,91,93,93,93,93,93,93,93,95,95],"card_choices":[{"not_picked":["Noxious Fumes","Dash"],"picked":"Footwork","floor":1.0},{"not_picked":["Dodge and Roll","Flying Knee"],"picked":"Cloak And Dagger","floor":3.0},{"not_picked":["Underhanded Strike","Deadly Poison"],"picked":"Tactician","floor":4.0},{"not_picked":["Flying Knee","Outmaneuver"],"picked":"Blur","floor":6.0},{"not_picked":["Bane","Masterful Stab"],"picked":"Predator","floor":8.0},{"not_picked":["Terror","Dagger Spray"],"picked":"Glass Knife","floor":11.0},{"not_picked":["Dagger Spray","Deadly Poison"],"picked":"Skewer","floor":13.0},{"not_picked":["Poisoned Stab","Prepared"],"picked":"Backflip","floor":14.0},{"not_picked":["Night Terror","Phantasmal Killer"],"picked":"Die Die Die","floor":16.0},{"not_picked":["Dagger Spray+1","Finisher","Sucker Punch"],"picked":"Singing Bowl","floor":18.0},{"not_picked":["Endless Agony","Dagger Spray+1"],"picked":"Cloak And Dagger+1","floor":21.0},{"not_picked":["Expertise","Dagger Spray","Endless Agony"],"picked":"Singing Bowl","floor":22.0},{"not_picked":["Underhanded Strike","Expertise"],"picked":"Backstab","floor":23.0},{"not_picked":["Sucker Punch","Riddle With Holes+1","Setup"],"picked":"Singing Bowl","floor":25.0},{"not_picked":["Blur","Caltrops"],"picked":"Terror+1","floor":27.0},{"not_picked":["Masterful Stab","Flying Knee"],"picked":"Bouncing Flask","floor":29.0},{"not_picked":["Masterful Stab","Blade Dance","Acrobatics"],"picked":"Singing Bowl","floor":30.0},{"not_picked":["Unload","Grand Finale"],"picked":"Glass Knife","floor":33.0},{"not_picked":["PiercingWail","Cloak And Dagger","Slice"],"picked":"Singing Bowl","floor":35.0},{"not_picked":["Deadly Poison+1","Underhanded Strike+1","Choke"],"picked":"Singing Bowl","floor":39.0},{"not_picked":["Footwork","Eviscerate+1","Blur+1"],"picked":"Singing Bowl","floor":41.0},{"not_picked":["Flying Knee","Dagger Spray","Deflect"],"picked":"Singing Bowl","floor":47.0},{"not_picked":["Backflip+1","Concentrate","All Out Attack"],"picked":"Singing Bowl","floor":54.0}],"player_experience":436534,"relics_obtained":[{"floor":6.0,"key":"Pen Nib"},{"floor":9.0,"key":"Happy Flower"},{"floor":13.0,"key":"Singing Bowl"},{"floor":23.0,"key":"Ninja Scroll"},{"floor":25.0,"key":"Bag of Marbles"},{"floor":26.0,"key":"Regal Pillow"},{"floor":28.0,"key":"Bottled Tornado"},{"floor":41.0,"key":"Gremlin Horn"},{"floor":41.0,"key":"Orichalcum"},{"floor":45.0,"key":"Blue Candle"},{"floor":47.0,"key":"Bird Faced Urn"},{"floor":54.0,"key":"Ginger"},{"floor":54.0,"key":"Nunchaku"}],"event_choices":[{"damage_healed":0.0,"max_hp_gain":0.0,"max_hp_loss":0.0,"gold_gain":275.0,"event_name":"Golden Shrine","player_choice":"Desecrate","floor":2.0,"gold_loss":0.0,"damage_taken":0.0,"cards_obtained":["Regret"]},{"damage_healed":0.0,"max_hp_gain":0.0,"max_hp_loss":0.0,"gold_gain":200.0,"event_name":"Wheel of Change","player_choice":"Gold","floor":19.0,"gold_loss":0.0,"damage_taken":0.0},{"damage_healed":0.0,"max_hp_gain":0.0,"max_hp_loss":0.0,"gold_gain":0.0,"event_name":"Back to Basics","player_choice":"Simplicity","floor":31.0,"gold_loss":0.0,"damage_taken":0.0,"cards_upgraded":["Defend_G","Defend_G","Defend_G","Defend_G","Strike_G","Strike_G"]},{"damage_healed":0.0,"max_hp_gain":0.0,"max_hp_loss":0.0,"gold_gain":0.0,"event_name":"Tomb of Lord Red Mask","player_choice":"Ignored","floor":36.0,"gold_loss":0.0,"damage_taken":0.0},{"damage_healed":0.0,"max_hp_gain":0.0,"max_hp_loss":0.0,"gold_gain":0.0,"event_name":"Duplicator","player_choice":"Copied","floor":37.0,"gold_loss":0.0,"damage_taken":0.0,"cards_obtained":["Blur"]},{"cards_removed":["Blur"],"damage_healed":0.0,"max_hp_gain":0.0,"max_hp_loss":0.0,"gold_gain":0.0,"event_name":"Falling","player_choice":"Removed Skill","floor":42.0,"gold_loss":0.0,"damage_taken":0.0},{"damage_healed":0.0,"max_hp_gain":0.0,"max_hp_loss":0.0,"gold_gain":0.0,"event_name":"Mysterious Sphere","player_choice":"Ignored","floor":44.0,"gold_loss":0.0,"damage_taken":0.0},{"damage_healed":0.0,"max_hp_gain":0.0,"max_hp_loss":0.0,"gold_gain":0.0,"event_name":"MindBloom","player_choice":"Fight","floor":47.0,"gold_loss":0.0,"damage_taken":0.0}],"is_beta":false,"boss_relics":[{"not_picked":["Ectoplasm","Orrery"],"picked":"Astrolabe"},{"not_picked":["Calling Bell","Snecko Eye"],"picked":"Black Star"}],"items_purged_floors":[5,20,38],"is_endless":false,"potions_floor_spawned":[1,3,16,21,23,25,29,33,47,54],"killed_by":"The Heart","ascension_level":1}