{"gold_per_floor":[111,111,131,8,8,8,22,41,41,41,65,86,86,38,38,38],"floor_reached":16,"playtime":4923,"items_purged":["Bash"],"score":138,"play_id":"c3d23ca7-1b83-462f-b4aa-799be5d5497d","local_time":"20190823210949","is_ascension_mode":true,"campfire_choices":[{"data":"Entrench","floor":6,"key":"SMITH"},{"data":"True Grit","floor":10,"key":"SMITH"},{"data":"Seeing Red","floor":13,"key":"SMITH"},{"data":"Blind","floor":15,"key":"SMITH"}],"neow_cost":"NONE","seed_source_timestamp":7882328168323960,"circlet_count":0,"master_deck":["AscendersBane","Strike_R","Strike_R","Strike_R","Strike_R","Strike_R","Defend_R","Defend_R","Defend_R","Defend_R","Bash","Blind+1","Entrench+1","Shrug It Off","True Grit+1","Seeing Red+1","Spot Weakness","Shrug It Off"],"relics":["Burning Blood","Vajra","Golden Idol","Anchor"],"potions_floor_usage":[12,16,16],"damage_taken":[{"damage":0,"enemies":"2 Louse","floor":1,"turns":3},{"damage":4,"enemies":"Cultist","floor":3,"turns":3},{"damage":9,"enemies":"Jaw Worm","floor":7,"turns":5},{"damage":4,"enemies":"Blue Slaver","floor":8,"turns":6},{"damage":19,"enemies":"Large Slime","floor":11,"turns":13},{"damage":6,"enemies":"2 Fungi Beasts","floor":12,"turns":4},{"damage":73,"enemies":"Slime Boss","floor":16,"turns":14}],"seed_played":"8742982159965116426","potions_obtained":[{"floor":1,"key":"Dexterity Potion"},{"floor":11,"key":"BloodPotion"}],"is_trial":false,"path_per_floor":["M","?","M","$","?","R","M","M","T","R","M","M","R","$","R","B"],"character_chosen":"IRONCLAD","items_purchased":["Dexterity Potion","Shrug It Off"],"campfire_rested":0,"item_purchase_floors":[4,14],"current_hp_per_floor":[78,78,80,80,60,60,57,59,59,59,46,66,66,66,66,0],"gold":38,"neow_bonus":"RANDOM_COMMON_RELIC","is_prod":false,"is_daily":false,"chose_seed":false,"campfire_upgraded":4,"win_rate":0,"timestamp":1566616189,"path_taken":["M","?","?","$","?","R","M","M","T","R","M","M","R","$","R","BOSS"],"build_version":"2019-07-17","purchased_purges":1,"victory":false,"max_hp_per_floor":[80,80,80,80,80,80,80,80,80,80,80,80,80,80,80,80],"card_choices":[{"not_picked":["Fire Breathing","Twin Strike","Evolve"],"picked":"SKIP","floor":1},{"not_picked":["Headbutt","Cleave","Pommel Strike"],"picked":"SKIP","floor":3},{"not_picked":["True Grit","Twin Strike"],"picked":"Shrug It Off","floor":7},{"not_picked":["Dropkick","Flex"],"picked":"True Grit","floor":8},{"not_picked":["Iron Wave","Searing Blow"],"picked":"Seeing Red","floor":11},{"not_picked":["Headbutt","Sentinel"],"picked":"Spot Weakness","floor":12}],"player_experience":2253279,"relics_obtained":[{"floor":9,"key":"Anchor"}],"event_choices":[{"damage_healed":0,"gold_gain":0,"player_choice":"3 cards matched","damage_taken":0,"max_hp_gain":0,"max_hp_loss":0,"event_name":"Match and Keep!","floor":2,"gold_loss":0,"cards_obtained":["Blind","Entrench","Bash"]},{"damage_healed":0,"gold_gain":0,"player_choice":"Take Damage","damage_taken":20,"relics_obtained":["Golden Idol"],"max_hp_gain":0,"max_hp_loss":0,"event_name":"Golden Idol","floor":5,"gold_loss":0}],"is_beta":false,"boss_relics":[],"items_purged_floors":[4],"is_endless":false,"potions_floor_spawned":[1,11],"killed_by":"Slime Boss","ascension_level":10}