{"gold_per_floor":[110,128,128,303,313,338,356,373,373,386,386],"floor_reached":11,"playtime":799,"items_purged":[],"score":92,"play_id":"f0ff94ad-c5ca-4f27-802d-78c392a159bd","local_time":"20181129120826","is_ascension_mode":true,"campfire_choices":[],"neow_cost":"NONE","seed_source_timestamp":263474382497918,"circlet_count":0,"master_deck":["Strike_B+1","Strike_B","Strike_B","Strike_B","Defend_B","Defend_B+1","Defend_B","Defend_B","Zap","Dualcast","Coolheaded","Cold Snap","Doubt","Coolheaded","Ball Lightning","Genetic Algorithm","Compile Driver","Loop"],"relics":["Cracked Core","Kunai","Question Card"],"potions_floor_usage":[8,11],"damage_taken":[{"damage":5,"enemies":"2 Louse","floor":1,"turns":4},{"damage":2,"enemies":"Jaw Worm","floor":2,"turns":3},{"damage":0,"enemies":"Cultist","floor":5,"turns":4},{"damage":12,"enemies":"3 Sentries","floor":6,"turns":11},{"damage":9,"enemies":"3 Louse","floor":7,"turns":3},{"damage":10,"enemies":"Looter","floor":8,"turns":3},{"damage":9,"enemies":"Exordium Thugs","floor":10,"turns":4},{"damage":20,"enemies":"Gremlin Gang","floor":11,"turns":3}],"seed_played":"2584362331760939383","potions_obtained":[{"floor":5,"key":"FearPotion"},{"floor":7,"key":"Swift Potion"},{"floor":10,"key":"SteroidPotion"}],"is_trial":false,"path_per_floor":["M","M","?","?","M","E","M","M","T","M","M"],"character_chosen":"DEFECT","items_purchased":[],"campfire_rested":0,"item_purchase_floors":[],"current_hp_per_floor":[77,75,59,59,59,47,38,28,28,19,0],"gold":386,"neow_bonus":"TEN_PERCENT_HP_BONUS","is_prod":false,"is_daily":false,"chose_seed":false,"campfire_upgraded":0,"win_rate":0,"timestamp":1543522106,"path_taken":["M","M","?","?","M","E","?","M","T","M","M"],"build_version":"2018-11-15","purchased_purges":0,"victory":false,"max_hp_per_floor":[82,82,82,82,82,82,82,82,82,82,82],"card_choices":[{"not_picked":["Scrape","Turbo"],"picked":"Coolheaded","floor":1},{"not_picked":["Leap","Chill"],"picked":"Cold Snap","floor":2},{"not_picked":["Storm","Rebound"],"picked":"Coolheaded","floor":5},{"not_picked":["Compile Driver","Rebound"],"picked":"Ball Lightning","floor":6},{"not_picked":["Cold Snap","Compile Driver"],"picked":"Genetic Algorithm","floor":7},{"not_picked":["Lockon","Streamline"],"picked":"Compile Driver","floor":8},{"not_picked":["Storm","Hello World","Static Discharge"],"picked":"Loop","floor":10}],"player_experience":327856,"relics_obtained":[{"floor":6,"key":"Kunai"},{"floor":9,"key":"Question Card"}],"event_choices":[{"damage_healed":0,"gold_gain":0,"player_choice":"Entered Light","damage_taken":16,"max_hp_gain":0,"max_hp_loss":0,"event_name":"Shining Light","floor":3,"gold_loss":0,"cards_upgraded":["Defend_B","Strike_B"]},{"damage_healed":0,"gold_gain":175,"player_choice":"AGREE","damage_taken":0,"max_hp_gain":0,"max_hp_loss":0,"event_name":"Liars Game","floor":4,"gold_loss":0,"cards_obtained":["Doubt"]}],"is_beta":false,"boss_relics":[],"items_purged_floors":[],"is_endless":false,"potions_floor_spawned":[5,7,10],"killed_by":"Gremlin Gang","ascension_level":4}