{"gold_per_floor":[112,187,205,216,13,13,13,13,65,65,75,0,0,27,27,132,132,145,145,145,0,0,0,0,0,0,11,11,44,44,57,57,57],"floor_reached":33,"playtime":2739,"items_purged":["Regret"],"score":324,"play_id":"644964d6-3b19-49ea-b766-29d7fb0acfec","local_time":"20190211215055","is_ascension_mode":true,"campfire_choices":[{"data":"Clothesline","floor":6,"key":"SMITH"},{"data":"Disarm","floor":8,"key":"SMITH"},{"data":"Headbutt","floor":10,"key":"SMITH"},{"data":"Armaments","floor":15,"key":"SMITH"},{"data":"Entrench","floor":23,"key":"SMITH"},{"data":"Demon Form","floor":25,"key":"SMITH"},{"floor":28,"key":"REST"},{"data":"Heavy Blade","floor":30,"key":"SMITH"},{"data":"Whirlwind","floor":32,"key":"SMITH"}],"neow_cost":"NONE","seed_source_timestamp":3057881142852947,"circlet_count":0,"master_deck":["Strike_R","Strike_R","Strike_R","Strike_R","Strike_R","Defend_R","Defend_R","Defend_R","Defend_R","Bash","Disarm+1","Headbutt+1","Clothesline+1","Metallicize","Armaments+1","Demon Form+1","Entrench+1","Whirlwind+1","Decay","Necronomicurse","Parasite","Heavy Blade+1","True Grit+1","Shrug It Off"],"relics":["Burning Blood","Membership Card","Unceasing Top","Blood Vial","Torii","Regal Pillow","Cursed Key","Ice Cream","Necronomicon","Dream Catcher","The Courier"],"potions_floor_usage":[4,14,16,16,18],"damage_taken":[{"damage":1,"enemies":"2 Louse","floor":1,"turns":3},{"damage":4,"enemies":"Jaw Worm","floor":3,"turns":5},{"damage":0,"enemies":"Small Slimes","floor":4,"turns":4},{"damage":7,"enemies":"3 Louse","floor":11,"turns":5},{"damage":31,"enemies":"Lagavulin","floor":14,"turns":7},{"damage":12,"enemies":"The Guardian","floor":16,"turns":12},{"damage":13,"enemies":"Spheric Guardian","floor":18,"turns":5},{"damage":20,"enemies":"Chosen","floor":27,"turns":5},{"damage":14,"enemies":"Book of Stabbing","floor":29,"turns":6},{"damage":17,"enemies":"Centurion and Healer","floor":31,"turns":7},{"damage":81,"enemies":"Collector","floor":33,"turns":7}],"seed_played":"4535128663945100728","potions_obtained":[{"floor":3,"key":"SpeedPotion"},{"floor":11,"key":"FearPotion"},{"floor":14,"key":"Explosive Potion"},{"floor":16,"key":"Block Potion"}],"is_trial":false,"path_per_floor":["M","?","M","M","$","R","?","R","T","R","M","$","?","E","R","B",null,"M","?","?","$","?","R","?","R","T","M","R","E","R","M","R","B"],"character_chosen":"IRONCLAD","items_purchased":["Membership Card","EssenceOfSteel","Ice Cream"],"campfire_rested":1,"item_purchase_floors":[5,12,21],"current_hp_per_floor":[80,69,71,77,77,77,77,77,77,77,78,78,75,52,52,48,72,67,67,67,67,67,67,51,51,51,39,78,72,72,63,63,0],"gold":57,"neow_bonus":"THREE_CARDS","is_prod":false,"is_daily":false,"chose_seed":false,"campfire_upgraded":8,"win_rate":0,"timestamp":1549947055,"path_taken":["M","?","M","M","$","R","?","R","T","R","M","$","?","E","R","BOSS","M","?","?","$","?","R","?","R","T","M","R","E","R","?","R","BOSS"],"build_version":"2019-01-23","purchased_purges":1,"victory":false,"max_hp_per_floor":[80,80,80,80,80,80,80,80,80,80,80,80,80,80,80,80,80,80,80,80,80,80,80,80,80,80,80,80,80,80,80,80,80],"card_choices":[{"not_picked":["Havoc","Flex"],"picked":"Disarm","floor":0},{"not_picked":["Warcry","Sentinel","Fire Breathing"],"picked":"SKIP","floor":1},{"not_picked":["Havoc","Sword Boomerang"],"picked":"Headbutt","floor":3},{"not_picked":["Feel No Pain","True Grit"],"picked":"Clothesline","floor":4},{"not_picked":["Clothesline","Combust"],"picked":"Metallicize","floor":11},{"not_picked":["Feel No Pain","Rupture"],"picked":"Armaments","floor":14},{"not_picked":["Bludgeon","Barricade"],"picked":"Demon Form","floor":16},{"not_picked":["Armaments","Blood for Blood"],"picked":"Entrench","floor":18},{"not_picked":["Combust","Iron Wave","Whirlwind"],"picked":"SKIP","floor":27},{"not_picked":["Warcry","Intimidate"],"picked":"Heavy Blade","floor":28},{"not_picked":["Wild Strike+1","Havoc"],"picked":"True Grit+1","floor":29},{"not_picked":["Headbutt","Heavy Blade+1"],"picked":"Shrug It Off","floor":31}],"player_experience":1808967,"relics_obtained":[{"floor":9,"key":"Blood Vial"},{"floor":14,"key":"Regal Pillow"},{"floor":24,"key":"Necronomicon"},{"floor":26,"key":"Dream Catcher"},{"floor":29,"key":"The Courier"}],"event_choices":[{"damage_healed":0,"gold_gain":75,"player_choice":"Gather Gold","damage_taken":11,"max_hp_gain":0,"max_hp_loss":0,"event_name":"World of Goop","floor":2,"gold_loss":0},{"damage_healed":0,"gold_gain":0,"player_choice":"Box","damage_taken":0,"relics_obtained":["Unceasing Top"],"max_hp_gain":0,"max_hp_loss":0,"event_name":"Big Fish","floor":7,"gold_loss":0,"cards_obtained":["Regret"]},{"damage_healed":0,"gold_gain":0,"player_choice":"Success","damage_taken":3,"relics_obtained":["Torii"],"max_hp_gain":0,"max_hp_loss":0,"event_name":"Scrap Ooze","floor":13,"gold_loss":0},{"damage_healed":0,"gold_gain":0,"player_choice":"Read","damage_taken":0,"max_hp_gain":0,"max_hp_loss":0,"event_name":"The Library","floor":19,"gold_loss":0,"cards_obtained":["Whirlwind"]},{"damage_healed":0,"gold_gain":0,"player_choice":"Smashed Altar","damage_taken":0,"max_hp_gain":0,"max_hp_loss":0,"event_name":"Forgotten Altar","floor":20,"gold_loss":0,"cards_obtained":["Decay"]},{"damage_healed":0,"gold_gain":0,"player_choice":"Ignored","damage_taken":0,"max_hp_gain":0,"max_hp_loss":0,"event_name":"Beggar","floor":22,"gold_loss":0},{"damage_healed":0,"gold_gain":0,"player_choice":"Obtained Book","damage_taken":16,"max_hp_gain":0,"max_hp_loss":0,"event_name":"Cursed Tome","floor":24,"gold_loss":0}],"is_beta":false,"boss_relics":[{"not_picked":["Philosopher\u0027s Stone","Empty Cage"],"picked":"Cursed Key"}],"items_purged_floors":[12],"is_endless":false,"potions_floor_spawned":[3,11,14,16],"killed_by":"Collector","ascension_level":5}