{"gold_per_floor":[119,119,119,132,57,57,90,101,128,145,145,158,14,30,30,130,130,117,134,134,233,233,233,244,244,269,269,166,81,9,19,19,19],"floor_reached":33,"playtime":2122,"items_purged":["Strike_G","Defend_G","Strike_G","Strike_G"],"score":245,"play_id":"87bbca4a-5720-43a3-aa28-4fa31d7e95f2","local_time":"20190819132805","is_ascension_mode":false,"campfire_choices":[{"data":"Dagger Spray","floor":6,"key":"SMITH"},{"floor":11,"key":"REST"},{"floor":15,"key":"REST"},{"floor":23,"key":"REST"},{"floor":25,"key":"REST"},{"data":"Bouncing Flask","floor":27,"key":"SMITH"},{"data":"Bane","floor":32,"key":"SMITH"}],"neow_cost":"NONE","seed_source_timestamp":49313160041613,"circlet_count":0,"master_deck":["Strike_G","Defend_G","Defend_G","Defend_G","Defend_G","Survivor+1","Neutralize","Blur","Dagger Spray+1","Leg Sweep","Poisoned Stab","Deadly Poison","Bouncing Flask+1","PiercingWail","Deflect","Venomology","Acrobatics+1","Deadly Poison","Bane+1"],"relics":["Ring of the Snake","Potion Belt","Smiling Mask","White Beast Statue","Orichalcum","Letter Opener"],"potions_floor_usage":[16,19,24,31,33,33,33,33,33],"damage_taken":[{"damage":0,"enemies":"Jaw Worm","floor":1,"turns":6},{"damage":0,"enemies":"Small Slimes","floor":4,"turns":4},{"damage":47,"enemies":"Gremlin Nob","floor":7,"turns":6},{"damage":0,"enemies":"Cultist","floor":8,"turns":4},{"damage":0,"enemies":"Red Slaver","floor":10,"turns":8},{"damage":2,"enemies":"Looter","floor":12,"turns":4},{"damage":1,"enemies":"3 Louse","floor":14,"turns":3},{"damage":16,"enemies":"Hexaghost","floor":16,"turns":10},{"damage":4,"enemies":"2 Thieves","floor":18,"turns":4},{"damage":7,"enemies":"Shell Parasite","floor":19,"turns":5},{"damage":15,"enemies":"Snake Plant","floor":24,"turns":4},{"damage":2,"enemies":"Centurion and Healer","floor":31,"turns":9},{"damage":105,"enemies":"Champ","floor":33,"turns":14}],"seed_played":"-6814399612144242476","potions_obtained":[{"floor":1,"key":"FairyPotion"},{"floor":7,"key":"PowerPotion"},{"floor":10,"key":"SteroidPotion"},{"floor":18,"key":"GamblersBrew"},{"floor":19,"key":"Poison Potion"},{"floor":24,"key":"Dexterity Potion"}],"is_trial":false,"path_per_floor":["M","?","?","M","$","R","E","M","T","M","R","M","$","M","R","B",null,"M","M","?","?","?","R","M","R","T","R","$","?","$","M","R","B"],"character_chosen":"THE_SILENT","items_purchased":["Bouncing Flask","PiercingWail","Deadly Poison","Bane"],"campfire_rested":4,"item_purchase_floors":[13,13,28,30],"current_hp_per_floor":[70,70,70,70,70,70,23,23,23,23,44,42,42,41,62,46,70,66,59,59,59,46,68,53,75,75,75,75,75,75,73,73,0],"gold":19,"neow_bonus":"UPGRADE_CARD","is_prod":false,"is_daily":false,"chose_seed":false,"campfire_upgraded":3,"win_rate":0.0,"timestamp":1566210485,"path_taken":["M","?","?","M","$","R","E","M","T","M","R","?","?","M","R","BOSS","M","M","?","?","?","R","?","R","T","R","$","?","?","?","R","BOSS"],"build_version":"2019-07-17","purchased_purges":4,"victory":false,"max_hp_per_floor":[70,70,70,70,70,70,70,70,70,70,70,70,70,70,70,70,70,70,70,70,70,75,75,75,75,75,75,75,75,75,75,75,75],"card_choices":[{"not_picked":["Reflex","Quick Slash","Backstab"],"picked":"SKIP","floor":1},{"not_picked":["Crippling Poison","Well Laid Plans"],"picked":"Dagger Spray","floor":4},{"not_picked":["Heel Hook","Slice"],"picked":"Leg Sweep","floor":7},{"not_picked":["Reflex","Masterful Stab","Footwork"],"picked":"SKIP","floor":8},{"not_picked":["Backstab","Dagger Spray"],"picked":"Poisoned Stab","floor":10},{"not_picked":["Quick Slash","Unload"],"picked":"Deadly Poison","floor":12},{"not_picked":["Quick Slash","Backflip"],"picked":"Deflect","floor":14},{"not_picked":["Malaise","Night Terror"],"picked":"Venomology","floor":16},{"not_picked":["PiercingWail+1","Blade Dance"],"picked":"Acrobatics+1","floor":18},{"not_picked":["Slice","Dagger Spray","Dagger Throw+1"],"picked":"SKIP","floor":19},{"not_picked":["Underhanded Strike","Dodge and Roll","Dagger Spray"],"picked":"SKIP","floor":24},{"not_picked":["Dodge and Roll","Dagger Spray","All Out Attack"],"picked":"SKIP","floor":31}],"player_experience":35444,"relics_obtained":[{"floor":7,"key":"Potion Belt"},{"floor":9,"key":"Smiling Mask"},{"floor":26,"key":"Orichalcum"}],"event_choices":[{"damage_healed":0,"gold_gain":0,"cards_transformed":["Strike_G"],"player_choice":"Change","damage_taken":0,"max_hp_gain":0,"max_hp_loss":0,"event_name":"Living Wall","floor":2,"gold_loss":0,"cards_obtained":["Blur"]},{"damage_healed":0,"gold_gain":0,"player_choice":"Ignored","damage_taken":0,"max_hp_gain":0,"max_hp_loss":0,"event_name":"NoteForYourself","floor":3,"gold_loss":0},{"damage_healed":0,"gold_gain":0,"player_choice":"Ignored","damage_taken":0,"max_hp_gain":0,"max_hp_loss":0,"event_name":"Cursed Tome","floor":20,"gold_loss":0},{"damage_healed":0,"gold_gain":99,"player_choice":"Stole From Cult","damage_taken":0,"max_hp_gain":0,"max_hp_loss":0,"event_name":"Nest","floor":21,"gold_loss":0},{"damage_healed":0,"gold_gain":0,"player_choice":"Shed Blood","damage_taken":18,"max_hp_gain":5,"max_hp_loss":0,"event_name":"Forgotten Altar","floor":22,"gold_loss":0},{"damage_healed":0,"gold_gain":0,"player_choice":"Obtained Relic","damage_taken":0,"relics_obtained":["Letter Opener"],"max_hp_gain":0,"max_hp_loss":0,"event_name":"Addict","floor":29,"gold_loss":85}],"is_beta":false,"boss_relics":[{"not_picked":["Sozu","Empty Cage"],"picked":"White Beast Statue"}],"items_purged_floors":[5,13,28,30],"is_endless":false,"potions_floor_spawned":[1,7,10,18,19,24,31],"killed_by":"Champ","ascension_level":0}