{"gold_per_floor":[14,34,47,65,85,85,85,120,120,133,133,152,152,185,185,257,257,268,183,193,204,129,154,154,185,209,69,69,79,79,103,103,178,178,197,210,210,227,240,268,280,292,329,353,315,348,348,69,69,69,69],"floor_reached":52,"playtime":3881,"items_purged":["Strike_R","Flex","Defend_R"],"score":1874,"play_id":"be0db61d-5fe7-4ac5-94cc-1a3836bad3a2","local_time":"20190824014603","is_ascension_mode":true,"campfire_choices":[{"data":"Carnage","floor":6,"key":"SMITH"},{"floor":11,"key":"REST"},{"data":"Shockwave","floor":13,"key":"SMITH"},{"data":"Disarm","floor":15,"key":"SMITH"},{"floor":24,"key":"REST"},{"data":"Demon Form","floor":30,"key":"SMITH"},{"data":"Havoc","floor":32,"key":"SMITH"},{"data":"True Grit","floor":42,"key":"SMITH"},{"data":"Dual Wield","floor":47,"key":"SMITH"},{"data":"Impervious","floor":49,"key":"SMITH"}],"neow_cost":"NO_GOLD","seed_source_timestamp":185422370996565,"circlet_count":0,"master_deck":["AscendersBane","Bash","Disarm+1","Combust+1","Carnage+1","Shockwave+1","Flame Barrier","True Grit+1","Impervious+1","Offering","Ghostly Armor+1","Reaper+1","Barricade+1","Body Slam+1","Spot Weakness","Havoc+1","Whirlwind+1","Shrug It Off","Impervious","Demon Form+1","Impervious","Body Slam+1","Heavy Blade+1","Heavy Blade+1","Shrug It Off","Reaper+1","Dual Wield+1"],"relics":["Burning Blood","Bottled Lightning","Matryoshka","Art of War","Astrolabe","Paper Frog","Molten Egg 2","Vajra","Self Forming Clay","Potion Belt","Blood Vial","Smiling Mask","Velvet Choker","MawBank","Bronze Scales","Chemical X"],"potions_floor_usage":[10,14,25,50],"damage_taken":[{"damage":6,"enemies":"Cultist","floor":1,"turns":3},{"damage":12,"enemies":"Small Slimes","floor":2,"turns":5},{"damage":7,"enemies":"Jaw Worm","floor":3,"turns":5},{"damage":12,"enemies":"Gremlin Gang","floor":4,"turns":4},{"damage":27,"enemies":"Exordium Thugs","floor":5,"turns":6},{"damage":22,"enemies":"3 Sentries","floor":8,"turns":5},{"damage":13,"enemies":"Large Slime","floor":10,"turns":5},{"damage":0,"enemies":"2 Fungi Beasts","floor":12,"turns":3},{"damage":19,"enemies":"Gremlin Nob","floor":14,"turns":4},{"damage":19,"enemies":"The Guardian","floor":16,"turns":9},{"damage":29,"enemies":"Spheric Guardian","floor":18,"turns":5},{"damage":11,"enemies":"Chosen","floor":20,"turns":5},{"damage":11,"enemies":"Snecko","floor":21,"turns":6},{"damage":31,"enemies":"Book of Stabbing","floor":23,"turns":6},{"damage":54,"enemies":"Slavers","floor":25,"turns":7},{"damage":6,"enemies":"Cultist and Chosen","floor":29,"turns":4},{"damage":22,"enemies":"Collector","floor":33,"turns":9},{"damage":1,"enemies":"Orb Walker","floor":35,"turns":4},{"damage":6,"enemies":"3 Shapes","floor":36,"turns":8},{"damage":0,"enemies":"Maw","floor":38,"turns":6},{"damage":41,"enemies":"Transient","floor":39,"turns":6},{"damage":65,"enemies":"Reptomancer","floor":40,"turns":9},{"damage":15,"enemies":"Jaw Worm Horde","floor":44,"turns":5},{"damage":34,"enemies":"Giant Head","floor":46,"turns":6},{"damage":82,"enemies":"Donu and Deca","floor":50,"turns":9},{"damage":38,"enemies":"Awakened One","floor":51,"turns":8}],"seed_played":"899953764364272563","potions_obtained":[{"floor":1,"key":"EssenceOfSteel"},{"floor":2,"key":"Ancient Potion"},{"floor":4,"key":"SteroidPotion"},{"floor":10,"key":"Poison Potion"},{"floor":18,"key":"SteroidPotion"},{"floor":20,"key":"BloodPotion"},{"floor":25,"key":"SmokeBomb"},{"floor":38,"key":"Swift Potion"},{"floor":40,"key":"Swift Potion"}],"is_trial":false,"path_per_floor":["M","M","M","M","M","R","?","E","T","M","R","M","R","E","R","B",null,"M","?","M","M","$","E","R","E","T","$","?","M","R","T","R","B",null,"M","M","?","M","M","E","?","R","T","M","$","E","R","$","R","B","B",null],"character_chosen":"IRONCLAD","items_purchased":["Whirlwind+1","Shrug It Off","Chemical X"],"campfire_rested":2,"item_purchase_floors":[27,27,48],"current_hp_per_floor":[68,62,61,55,34,34,34,18,18,11,33,39,39,26,26,13,60,42,42,43,44,44,27,49,19,19,19,19,39,39,39,39,38,66,75,75,75,75,71,50,50,50,50,75,75,75,75,75,75,75,75],"gold":69,"neow_bonus":"REMOVE_TWO","is_prod":false,"is_daily":false,"chose_seed":false,"campfire_upgraded":8,"win_rate":0,"timestamp":1566578763,"path_taken":["M","M","M","?","M","R","?","E","T","M","R","M","R","E","R","BOSS","M","?","M","M","$","E","R","E","T","$","?","?","R","?","R","BOSS","M","M","?","?","?","E","?","R","T","M","$","E","R","$","R","BOSS","BOSS"],"build_version":"2019-07-17","purchased_purges":3,"victory":true,"max_hp_per_floor":[75,75,75,75,75,75,75,75,75,75,75,75,75,75,75,75,75,75,75,75,75,75,75,75,75,75,75,75,75,75,75,75,75,75,75,75,75,75,75,75,75,75,75,75,75,75,75,75,75,75,75],"card_choices":[{"not_picked":["Havoc","Reckless Charge"],"picked":"Disarm","floor":1},{"not_picked":["Heavy Blade","Evolve"],"picked":"Combust","floor":2},{"not_picked":["Warcry","Clothesline"],"picked":"Carnage","floor":3},{"not_picked":["True Grit","Inflame"],"picked":"Shockwave","floor":4},{"not_picked":["Combust","Clothesline","Burning Pact"],"picked":"SKIP","floor":5},{"not_picked":["Entrench","Havoc"],"picked":"Flame Barrier","floor":8},{"not_picked":["Headbutt","Iron Wave","Pommel Strike"],"picked":"SKIP","floor":10},{"not_picked":["Second Wind","Wild Strike"],"picked":"True Grit","floor":12},{"not_picked":["Pommel Strike","Flame Barrier"],"picked":"Impervious","floor":14},{"not_picked":["Demon Form","Limit Break"],"picked":"Offering","floor":16},{"not_picked":["Sentinel","Pommel Strike","Wild Strike"],"picked":"SKIP","floor":18},{"not_picked":["Flame Barrier","Pommel Strike","Clash"],"picked":"SKIP","floor":20},{"not_picked":["Perfected Strike","Metallicize"],"picked":"Body Slam+1","floor":21},{"not_picked":["Seeing Red","Heavy Blade"],"picked":"Spot Weakness","floor":23},{"not_picked":["Perfected Strike+1","Flame Barrier"],"picked":"Havoc","floor":25},{"not_picked":["Fire Breathing","Armaments"],"picked":"Demon Form","floor":29},{"not_picked":["Brutality","Feed+1"],"picked":"Impervious","floor":33},{"not_picked":["Clash+1","Spot Weakness","Ghostly Armor+1"],"picked":"SKIP","floor":35},{"not_picked":["Ghostly Armor","Clothesline+1"],"picked":"Body Slam+1","floor":36},{"not_picked":["Thunderclap+1","Havoc"],"picked":"Heavy Blade+1","floor":38},{"not_picked":["Warcry","Iron Wave+1"],"picked":"Heavy Blade+1","floor":39},{"not_picked":["Iron Wave+1","Anger+1"],"picked":"Shrug It Off","floor":40},{"not_picked":["Thunderclap+1","Second Wind"],"picked":"Reaper+1","floor":44},{"not_picked":["Whirlwind+1","Thunderclap+1"],"picked":"Dual Wield","floor":46}],"player_experience":592912,"relics_obtained":[{"floor":8,"key":"Bottled Lightning"},{"floor":9,"key":"Matryoshka"},{"floor":14,"key":"Art of War"},{"floor":23,"key":"Molten Egg 2"},{"floor":25,"key":"Vajra"},{"floor":26,"key":"Self Forming Clay"},{"floor":26,"key":"Potion Belt"},{"floor":31,"key":"Blood Vial"},{"floor":31,"key":"Smiling Mask"},{"floor":40,"key":"MawBank"},{"floor":46,"key":"Bronze Scales"}],"event_choices":[{"damage_healed":0,"gold_gain":0,"player_choice":"Forge","damage_taken":0,"max_hp_gain":0,"max_hp_loss":0,"event_name":"Accursed Blacksmith","floor":7,"gold_loss":0,"cards_upgraded":["Combust"]},{"damage_healed":0,"gold_gain":0,"player_choice":"Obtained Relic","damage_taken":0,"relics_obtained":["Paper Frog"],"max_hp_gain":0,"max_hp_loss":0,"event_name":"Addict","floor":19,"gold_loss":85},{"damage_healed":0,"gold_gain":0,"player_choice":"Copied","damage_taken":0,"max_hp_gain":0,"max_hp_loss":0,"event_name":"Duplicator","floor":28,"gold_loss":0,"cards_obtained":["Impervious"]},{"damage_healed":0,"gold_gain":0,"cards_transformed":["Strike_R"],"player_choice":"Transformed","damage_taken":0,"max_hp_gain":0,"max_hp_loss":0,"event_name":"Transmorgrifier","floor":37,"gold_loss":0,"cards_obtained":["Flex"]},{"cards_removed":["Defend_R"],"damage_healed":0,"gold_gain":0,"player_choice":"Removed Skill","damage_taken":0,"max_hp_gain":0,"max_hp_loss":0,"event_name":"Falling","floor":41,"gold_loss":0}],"is_beta":false,"boss_relics":[{"not_picked":["Orrery","Runic Pyramid"],"picked":"Astrolabe"},{"not_picked":["Black Blood","Pandora\u0027s Box"],"picked":"Velvet Choker"}],"items_purged_floors":[22,45,48],"is_endless":false,"potions_floor_spawned":[1,2,4,8,10,18,20,21,25,38,40],"ascension_level":20}