{"gold_per_floor":[112,62,16,16,26,26,43,43,69,17,28,28,28,38,38,141,141,160,242,259,64,78,78,78,78],"floor_reached":25,"playtime":1383,"items_purged":[],"score":277,"play_id":"46a7e492-a67c-42d7-bdf7-658e6252e7aa","local_time":"20190812205552","is_ascension_mode":true,"campfire_choices":[{"data":"Uppercut","floor":6.0,"key":"SMITH"},{"data":"Bash","floor":8.0,"key":"SMITH"},{"data":"Heavy Blade","floor":12.0,"key":"SMITH"},{"data":"Warcry","floor":15.0,"key":"SMITH"},{"data":"Dark Embrace","floor":23,"key":"SMITH"}],"neow_cost":"NONE","seed_source_timestamp":0,"circlet_count":0,"master_deck":["Strike_R","Strike_R","Strike_R","Defend_R","Defend_R","Defend_R","Defend_R","Bash+1","Wild Strike","Uppercut+1","Shrug It Off","Reckless Charge","Spot Weakness+1","Warcry+1","Heavy Blade+1","Intimidate+1","Dark Embrace+1","Clothesline","Anger","Decay"],"special_seed":0,"relics":["Burning Blood","Vajra","Busted Crown","Shuriken","War Paint"],"potions_floor_usage":[18,22],"damage_taken":[{"damage":11.0,"enemies":"Jaw Worm","floor":1.0,"turns":4.0},{"damage":3.0,"enemies":"Small Slimes","floor":5.0,"turns":4.0},{"damage":0.0,"enemies":"Cultist","floor":7.0,"turns":4.0},{"damage":6.0,"enemies":"Lots of Slimes","floor":11.0,"turns":4.0},{"damage":10.0,"enemies":"Red Slaver","floor":14.0,"turns":3.0},{"damage":42.0,"enemies":"Hexaghost","floor":16.0,"turns":7.0},{"damage":14,"enemies":"Spheric Guardian","floor":18,"turns":4},{"damage":7,"enemies":"Shell Parasite","floor":20,"turns":4},{"damage":24,"enemies":"Chosen and Byrds","floor":22,"turns":6},{"damage":42,"enemies":"Shelled Parasite and Fungi","floor":25,"turns":4}],"seed_played":"4503619076953839037","potions_obtained":[{"floor":5.0,"key":"SkillPotion"},{"floor":7.0,"key":"Poison Potion"},{"floor":16.0,"key":"SpeedPotion"},{"floor":20,"key":"SkillPotion"}],"is_trial":false,"path_per_floor":["M","?","$","?","M","R","M","R","T","$","M","R","$","M","R","B",null,"M","T","M","$","M","R","?","M"],"character_chosen":"IRONCLAD","items_purchased":["Shrug It Off","Heavy Blade","War Paint","Explosive Potion"],"campfire_rested":0,"item_purchase_floors":[3,10,21,21],"current_hp_per_floor":[67,67,67,67,70,70,76,76,76,76,76,76,76,72,72,36,69,61,61,60,60,42,42,42,0],"gold":78,"neow_bonus":"THREE_CARDS","is_prod":false,"is_daily":false,"chose_seed":false,"campfire_upgraded":5,"win_rate":0,"timestamp":1565664952,"path_taken":["M","?","$","?","M","R","?","R","T","?","M","R","$","M","R","BOSS","M","?","M","$","M","R","?","M"],"build_version":"2019-07-17","purchased_purges":0,"victory":false,"max_hp_per_floor":[80,80,80,80,80,80,80,80,80,80,80,80,80,80,80,80,80,80,80,80,80,80,80,80,80],"card_choices":[{"not_picked":["Thunderclap","Rampage"],"picked":"Wild Strike","floor":0.0},{"not_picked":["Thunderclap","Wild Strike"],"picked":"Uppercut","floor":1.0},{"not_picked":["True Grit","Sword Boomerang"],"picked":"Spot Weakness","floor":5.0},{"not_picked":["Inflame","Flex"],"picked":"Warcry","floor":7.0},{"not_picked":["Rampage","Sever Soul"],"picked":"Intimidate","floor":11.0},{"not_picked":["Bloodletting","Body Slam","Perfected Strike"],"picked":"SKIP","floor":14.0},{"not_picked":["Juggernaut","Offering"],"picked":"Dark Embrace","floor":16.0},{"not_picked":[],"picked":"Clothesline","floor":18},{"not_picked":["Pommel Strike"],"picked":"SKIP","floor":20},{"not_picked":[],"picked":"Anger","floor":22}],"player_experience":2199921,"relics_obtained":[{"floor":9.0,"key":"Vajra"},{"floor":19,"key":"Shuriken"}],"event_choices":[{"cards_removed":["Strike_R"],"damage_healed":0.0,"max_hp_gain":0.0,"max_hp_loss":0.0,"gold_gain":0.0,"event_name":"The Cleric","player_choice":"Card Removal","floor":2.0,"gold_loss":50.0,"damage_taken":0.0},{"damage_healed":0.0,"max_hp_gain":0.0,"max_hp_loss":0.0,"gold_gain":0.0,"cards_transformed":["Strike_R"],"event_name":"Transmorgrifier","player_choice":"Transformed","floor":4.0,"gold_loss":0.0,"damage_taken":0.0,"cards_obtained":["Reckless Charge"]},{"damage_healed":0,"gold_gain":0,"player_choice":"Smashed Altar","damage_taken":0,"max_hp_gain":0,"max_hp_loss":0,"event_name":"Forgotten Altar","floor":24,"gold_loss":0,"cards_obtained":["Decay"]}],"is_beta":false,"boss_relics":[{"not_picked":["Runic Dome","Black Star"],"picked":"Busted Crown"}],"items_purged_floors":[],"is_endless":false,"potions_floor_spawned":[5,7,16,20],"killed_by":"Shelled Parasite and Fungi","ascension_level":9}