{"path_per_floor":["M","M","?","?","?","E","M","M","T","M","E","R","E","M","R","B",null,"M","?","M","M","?","E"],"character_chosen":"DEFECT","items_purchased":[],"gold_per_floor":[116,132,132,132,132,161,175,192,192,204,235,235,264,275,275,374,374,391,391,408,418,418,446,446],"floor_reached":24,"campfire_rested":1,"playtime":2242,"item_purchase_floors":[],"current_hp_per_floor":[75,75,75,60,53,53,53,53,53,58,55,55,55,57,80,80,80,76,76,80,80,80,10,0],"items_purged":[],"gold":446,"score":338,"play_id":"fd05fefb-bd48-49a2-b9dd-5bd678598813","local_time":"20180609025153","is_prod":false,"is_daily":false,"chose_seed":false,"is_ascension_mode":false,"campfire_upgraded":1,"win_rate":0,"timestamp":1528534313,"campfire_choices":[{"data":"Defragment","floor":12,"key":"SMITH"},{"floor":15,"key":"REST"}],"path_taken":["M","M","?","?","?","E","M","M","T","M","E","R","E","M","R","BOSS","M","?","M","M","?","E","M"],"build_version":"2018-06-07v3","seed_source_timestamp":5415568741361166,"purchased_purges":0,"victory":false,"master_deck":["Strike_B","Strike_B","Strike_B","Defend_B","Defend_B+1","Defend_B","Zap","Dualcast+1","Streamline","Glacier","Meteor Strike","FTL","Defragment+1","Consume","Sweeping Beam","Leap","FTL","Seek","BootSequence","Defragment+1","Glacier+1"],"max_hp_per_floor":[75,75,75,75,75,75,75,75,75,80,80,80,80,80,80,80,80,80,80,80,80,80,80,80],"relics":["Cracked Core","NeowsBlessing","Oddly Smooth Stone","Regal Pillow","Mercury Hourglass","Bird Faced Urn","White Beast Statue","Question Card","Peace Pipe"],"card_choices":[{"not_picked":["Steam","Aggregate"],"picked":"Streamline","floor":1},{"not_picked":["Steam","Compile Driver"],"picked":"Glacier","floor":2},{"not_picked":["All For One","Hello World"],"picked":"FTL","floor":6},{"not_picked":["Scrape","Beam Cell"],"picked":"Defragment","floor":7},{"not_picked":["Beam Cell","Static Discharge"],"picked":"Consume","floor":8},{"not_picked":["Chill","Steam"],"picked":"Sweeping Beam","floor":10},{"not_picked":["Reprogram","Doom and Gloom"],"picked":"Leap","floor":11},{"not_picked":["Static Discharge","Beam Cell"],"picked":"FTL","floor":13},{"not_picked":["Gash","Leap","Sunder"],"picked":"SKIP","floor":14},{"not_picked":["Creative AI","Rainbow"],"picked":"Seek","floor":16},{"not_picked":["Scrape","Conserve Battery+1"],"picked":"BootSequence","floor":18},{"not_picked":["Steam Power+1","Darkness"],"picked":"Glacier+1","floor":20},{"not_picked":["Coolheaded","White Noise","Aggregate"],"picked":"SKIP","floor":21},{"not_picked":["Barrage","Undo","Beam Cell","Aggregate+1"],"picked":"SKIP","floor":23}],"player_experience":710228,"potions_floor_usage":[10,16,16,16,21,23,24,24],"damage_taken":[{"damage":0,"enemies":"Jaw Worm","floor":1,"turns":1},{"damage":0,"enemies":"Cultist","floor":2,"turns":1},{"damage":0,"enemies":"Gremlin Nob","floor":6,"turns":1},{"damage":0,"enemies":"Small Slimes","floor":7,"turns":2},{"damage":0,"enemies":"Blue Slaver","floor":8,"turns":4},{"damage":0,"enemies":"3 Louse","floor":10,"turns":5},{"damage":3,"enemies":"Lagavulin","floor":11,"turns":10},{"damage":0,"enemies":"3 Sentries","floor":13,"turns":5},{"damage":0,"enemies":"Large Slime","floor":14,"turns":4},{"damage":0,"enemies":"Slime Boss","floor":16,"turns":6},{"damage":4,"enemies":"Spheric Guardian","floor":18,"turns":3},{"damage":0,"enemies":"3 Byrds","floor":20,"turns":4},{"damage":0,"enemies":"Snake Plant","floor":21,"turns":6},{"damage":70,"enemies":"Gremlin Leader","floor":23,"turns":9},{"damage":15,"enemies":"Cultist and Chosen","floor":24,"turns":4}],"relics_obtained":[{"floor":6,"key":"Oddly Smooth Stone"},{"floor":9,"key":"Regal Pillow"},{"floor":11,"key":"Mercury Hourglass"},{"floor":13,"key":"Bird Faced Urn"},{"floor":23,"key":"Peace Pipe"}],"event_choices":[{"event_name":"Transmorgrifier","player_choice":"Transform","floor":3,"damage_taken":0},{"event_name":"Shining Light","player_choice":"Entered Light","floor":4,"damage_taken":0},{"event_name":"Golden Wing","player_choice":"Card Removal","floor":5,"damage_taken":0},{"event_name":"Duplicator","player_choice":"One dupe","floor":19,"damage_taken":0},{"event_name":"The Mausoleum","player_choice":"Yes","floor":22,"damage_taken":0}],"boss_relics":[{"not_picked":["Runic Pyramid","Busted Crown"],"picked":"White Beast Statue"}],"items_purged_floors":[],"potions_floor_spawned":[2,8,11,13,18,20,21,23],"seed_played":"3672393722141344370","killed_by":"Cultist and Chosen","ascension_level":0,"potions_obtained":[{"floor":2,"key":"EssenceOfSteel"},{"floor":8,"key":"Fruit Juice"},{"floor":11,"key":"AttackPotion"},{"floor":13,"key":"PowerPotion"},{"floor":18,"key":"AttackPotion"},{"floor":20,"key":"Poison Potion"},{"floor":21,"key":"GamblersBrew"},{"floor":23,"key":"GamblersBrew"}],"is_trial":false}