{"gold_per_floor":[109,34,34,34,34,34,48,67,67,67,67,67,84,84,84,203,203,217,63,78,78,28,52,70,89,89,89,102,120,120,144,144,267,267,283,283,283,298,258,271,291,291,315,315,339,357,395,414,414,414],"floor_reached":50,"playtime":2465,"items_purged":["Strike_G","Strike_G"],"score":493,"play_id":"9e4448f9-df93-456d-bf72-483fc477446d","local_time":"20190811124231","is_ascension_mode":false,"campfire_choices":[{"data":"Envenom","floor":6,"key":"SMITH"},{"data":"Outmaneuver","floor":10,"key":"SMITH"},{"data":"Outmaneuver","floor":12,"key":"SMITH"},{"floor":15,"key":"REST"},{"floor":27,"key":"REST"},{"floor":30,"key":"REST"},{"floor":32,"key":"REST"},{"data":"Adrenaline","floor":42,"key":"SMITH"},{"floor":44,"key":"REST"},{"floor":49,"key":"REST"}],"neow_cost":"NONE","seed_source_timestamp":542443550238733,"circlet_count":0,"master_deck":["Strike_G+1","Strike_G","Defend_G","Defend_G","Defend_G","Defend_G","Defend_G","Survivor","Neutralize+1","A Thousand Cuts+1","Poisoned Stab","Envenom+1","Outmaneuver+1","Outmaneuver+1","Blur+1","Adrenaline+1","Bouncing Flask+1","Backflip","Escape Plan","PiercingWail+1","Noxious Fumes+1","Deflect+1","Slice+1","Acrobatics+1","Madness","Madness","PiercingWail+1","Adrenaline","Tactician+1","Catalyst","Reflex+1"],"relics":["Ring of the Serpent","Smiling Mask","Golden Idol","Bottled Flame","Runic Pyramid","Whetstone","Tingsha"],"potions_floor_usage":[28,29,29,29,50,50],"damage_taken":[{"damage":0,"enemies":"Small Slimes","floor":1,"turns":4},{"damage":1,"enemies":"Cultist","floor":7,"turns":3},{"damage":2,"enemies":"2 Louse","floor":8,"turns":2},{"damage":2,"enemies":"Looter","floor":13,"turns":4},{"damage":43,"enemies":"The Guardian","floor":16,"turns":16},{"damage":14,"enemies":"Spheric Guardian","floor":18,"turns":4},{"damage":18,"enemies":"Chosen","floor":20,"turns":5},{"damage":0,"enemies":"Snake Plant","floor":23,"turns":4},{"damage":7,"enemies":"Shelled Parasite and Fungi","floor":24,"turns":8},{"damage":26,"enemies":"Cultist and Chosen","floor":25,"turns":7},{"damage":7,"enemies":"Centurion and Healer","floor":28,"turns":6},{"damage":0,"enemies":"Snake Plant","floor":29,"turns":5},{"damage":9,"enemies":"3 Cultists","floor":31,"turns":5},{"damage":45,"enemies":"Automaton","floor":33,"turns":9},{"damage":15,"enemies":"3 Shapes","floor":35,"turns":4},{"damage":2,"enemies":"Orb Walker","floor":38,"turns":4},{"damage":2,"enemies":"Jaw Worm Horde","floor":40,"turns":4},{"damage":3,"enemies":"Spire Growth","floor":41,"turns":6},{"damage":28,"enemies":"4 Shapes","floor":45,"turns":5},{"damage":19,"enemies":"3 Darklings","floor":46,"turns":6},{"damage":0,"enemies":"Nemesis","floor":47,"turns":7},{"damage":0,"enemies":"Transient","floor":48,"turns":5},{"damage":55,"enemies":"Donu and Deca","floor":50,"turns":6}],"seed_played":"-8742257849629783102","potions_obtained":[{"floor":7,"key":"Ancient Potion"},{"floor":13,"key":"SpeedPotion"},{"floor":16,"key":"Dexterity Potion"},{"floor":24,"key":"AttackPotion"},{"floor":28,"key":"SpeedPotion"},{"floor":35,"key":"PowerPotion"},{"floor":38,"key":"FairyPotion"},{"floor":47,"key":"SkillPotion"}],"is_trial":false,"path_per_floor":["M","$","?","$","$","R","M","M","T","R","?","R","M","?","R","B",null,"M","$","M","?","$","M","M","M","T","R","M","M","R","M","R","B",null,"M","?","?","M","?","M","M","R","T","R","M","M","E","M","R","B"],"character_chosen":"THE_SILENT","items_purchased":["Envenom","Backflip","Escape Plan"],"campfire_rested":6,"item_purchase_floors":[2,19,19],"current_hp_per_floor":[70,70,70,70,70,70,69,67,67,67,60,60,58,41,62,19,70,56,56,38,38,38,38,31,5,5,26,19,19,40,31,52,7,70,55,46,46,44,44,42,39,39,39,60,32,13,13,13,34,0],"gold":414,"neow_bonus":"ONE_RANDOM_RARE_CARD","is_prod":false,"is_daily":false,"chose_seed":false,"campfire_upgraded":4,"win_rate":0,"timestamp":1565498551,"path_taken":["M","$","?","?","$","R","M","M","T","R","?","R","M","?","R","BOSS","M","$","M","?","$","M","M","M","T","R","M","M","R","M","R","BOSS","M","?","?","?","?","M","?","R","T","R","M","M","E","M","R","BOSS"],"build_version":"2019-07-17","purchased_purges":2,"victory":false,"max_hp_per_floor":[70,70,70,70,70,70,70,70,70,70,70,70,70,70,70,70,70,70,70,70,70,70,70,70,70,70,70,70,70,70,70,70,70,70,70,70,70,70,70,70,70,70,70,70,70,70,70,70,70,70],"card_choices":[{"not_picked":["Underhanded Strike","Blade Dance"],"picked":"Poisoned Stab","floor":1},{"not_picked":["Prepared","Blade Dance"],"picked":"Outmaneuver","floor":7},{"not_picked":["Setup","Prepared"],"picked":"Outmaneuver","floor":8},{"not_picked":["Crippling Poison","Bane"],"picked":"Blur","floor":13},{"not_picked":["Night Terror","Unload"],"picked":"Adrenaline","floor":16},{"not_picked":["Dagger Throw","Deadly Poison"],"picked":"Bouncing Flask+1","floor":18},{"not_picked":["Cloak And Dagger","Deadly Poison"],"picked":"PiercingWail+1","floor":20},{"not_picked":["Outmaneuver","Cloak And Dagger"],"picked":"Deflect+1","floor":23},{"not_picked":["Malaise","Dodge and Roll","Blade Dance+1"],"picked":"SKIP","floor":24},{"not_picked":["Cloak And Dagger","Dagger Throw","Bane"],"picked":"SKIP","floor":25},{"not_picked":["Dodge and Roll","Flying Knee+1","Skewer+1"],"picked":"SKIP","floor":28},{"not_picked":["Bane","PiercingWail"],"picked":"Slice+1","floor":29},{"not_picked":["Poisoned Stab","Flying Knee"],"picked":"Acrobatics+1","floor":31},{"not_picked":["Blade Dance","Flying Knee+1","Acrobatics+1"],"picked":"SKIP","floor":35},{"not_picked":["Riddle With Holes","Distraction+1"],"picked":"PiercingWail+1","floor":38},{"not_picked":["Noxious Fumes","Prepared"],"picked":"Adrenaline","floor":40},{"not_picked":["Poisoned Stab","Setup","Predator+1"],"picked":"SKIP","floor":41},{"not_picked":["Deadly Poison+1","Heel Hook"],"picked":"Tactician+1","floor":45},{"not_picked":["Dagger Spray","Bane+1","Underhanded Strike"],"picked":"SKIP","floor":46},{"not_picked":["Slice","Poisoned Stab"],"picked":"Catalyst","floor":47},{"not_picked":["Dagger Spray","Flying Knee+1"],"picked":"Reflex+1","floor":48}],"player_experience":167017,"relics_obtained":[{"floor":9,"key":"Smiling Mask"},{"floor":26,"key":"Bottled Flame"},{"floor":43,"key":"Whetstone"},{"floor":47,"key":"Tingsha"}],"event_choices":[{"damage_healed":0,"gold_gain":0,"player_choice":"Upgraded","damage_taken":0,"max_hp_gain":0,"max_hp_loss":0,"event_name":"Upgrade Shrine","floor":3,"gold_loss":0,"cards_upgraded":["A Thousand Cuts"]},{"cards_removed":["Strike_G"],"damage_healed":0,"gold_gain":0,"player_choice":"Card Removal","damage_taken":7,"max_hp_gain":0,"max_hp_loss":0,"event_name":"Golden Wing","floor":11,"gold_loss":0},{"damage_healed":0,"gold_gain":0,"player_choice":"Take Damage","damage_taken":17,"relics_obtained":["Golden Idol"],"max_hp_gain":0,"max_hp_loss":0,"event_name":"Golden Idol","floor":14,"gold_loss":0},{"damage_healed":0,"gold_gain":0,"player_choice":"Read","damage_taken":0,"max_hp_gain":0,"max_hp_loss":0,"event_name":"The Library","floor":21,"gold_loss":0,"cards_obtained":["Noxious Fumes"]},{"damage_healed":0,"gold_gain":0,"player_choice":"Embrace Madness","damage_taken":9,"max_hp_gain":0,"max_hp_loss":0,"event_name":"Winding Halls","floor":36,"gold_loss":0,"cards_obtained":["Madness","Madness"]},{"damage_healed":0,"gold_gain":0,"player_choice":"Ignored","damage_taken":0,"max_hp_gain":0,"max_hp_loss":0,"event_name":"Mysterious Sphere","floor":37,"gold_loss":0},{"damage_healed":0,"gold_gain":0,"player_choice":"Upgraded Two","damage_taken":0,"max_hp_gain":0,"max_hp_loss":0,"event_name":"Designer","floor":39,"gold_loss":40,"cards_upgraded":["Blur","Noxious Fumes"]}],"is_beta":false,"boss_relics":[{"not_picked":["Coffee Dripper","Eternal Feather"],"picked":"Ring of the Serpent"},{"not_picked":["WristBlade","White Beast Statue"],"picked":"Runic Pyramid"}],"items_purged_floors":[19,22],"is_endless":false,"potions_floor_spawned":[7,13,16,18,24,28,35,38,47,48],"killed_by":"Donu and Deca","ascension_level":0}