{"gold_per_floor":[114,42,217,234,41,75,90,110,181,199,214,214,214,232,232,352,352,367,381,38,63,63,87,87,108,108,56,56,74,95,95,95,95],"floor_reached":33,"playtime":1650,"items_purged":["Doubt","Strike_G"],"score":276,"play_id":"3c1df581-6dc2-4384-b41a-bb740d0b2ebe","local_time":"20190811141515","is_ascension_mode":false,"campfire_choices":[{"floor":13,"key":"REST"},{"floor":15,"key":"REST"},{"floor":24,"key":"REST"},{"data":"Noxious Fumes","floor":28,"key":"SMITH"},{"floor":32,"key":"REST"}],"neow_cost":"NONE","seed_source_timestamp":548829292989543,"circlet_count":0,"master_deck":["Strike_G","Strike_G","Strike_G","Strike_G","Defend_G","Defend_G","Defend_G","Defend_G+1","Defend_G","Survivor","Neutralize","Footwork","Deflect","Noxious Fumes+1","Outmaneuver","After Image","Backflip","Well Laid Plans","Escape Plan","Endless Agony","Corpse Explosion","PiercingWail+1","Deflect","Calculated Gamble+1","Cloak And Dagger+1","Acrobatics","Slice+1","Outmaneuver","Backstab","Cloak And Dagger"],"relics":["Ring of the Snake","NeowsBlessing","Bag of Marbles","Odd Mushroom","Question Card","Golden Idol","Philosopher\u0027s Stone","War Paint","Blue Candle"],"potions_floor_usage":[8,14,19,25,30,33,33],"damage_taken":[{"damage":0,"enemies":"Cultist","floor":1,"turns":1},{"damage":0,"enemies":"Small Slimes","floor":4,"turns":1},{"damage":0,"enemies":"Lagavulin","floor":6,"turns":1},{"damage":2,"enemies":"Jaw Worm","floor":7,"turns":5},{"damage":11,"enemies":"The Mushroom Lair","floor":8,"turns":3},{"damage":2,"enemies":"2 Fungi Beasts","floor":10,"turns":5},{"damage":2,"enemies":"Exordium Wildlife","floor":11,"turns":6},{"damage":12,"enemies":"Exordium Thugs","floor":14,"turns":9},{"damage":30,"enemies":"The Guardian","floor":16,"turns":16},{"damage":10,"enemies":"Shell Parasite","floor":18,"turns":8},{"damage":20,"enemies":"Chosen","floor":19,"turns":6},{"damage":3,"enemies":"Centurion and Healer","floor":21,"turns":5},{"damage":6,"enemies":"Snake Plant","floor":23,"turns":7},{"damage":7,"enemies":"Sentry and Sphere","floor":25,"turns":7},{"damage":24,"enemies":"Cultist and Chosen","floor":29,"turns":7},{"damage":12,"enemies":"Snake Plant","floor":30,"turns":6},{"damage":26,"enemies":"Champ","floor":33,"turns":16}],"seed_played":"-1987237136724683777","potions_obtained":[{"floor":1,"key":"SkillPotion"},{"floor":6,"key":"EssenceOfSteel"},{"floor":8,"key":"SteroidPotion"},{"floor":18,"key":"GamblersBrew"},{"floor":19,"key":"Ancient Potion"},{"floor":30,"key":"Poison Potion"}],"is_trial":false,"path_per_floor":["M","$","?","M","$","E","M","?","T","M","M","?","R","M","R","B",null,"M","M","$","M","?","M","R","M","T","$","R","M","M","?","R","B"],"character_chosen":"THE_SILENT","items_purchased":["Footwork","Noxious Fumes","Outmaneuver","Calculated Gamble","War Paint","PowerPotion","Outmaneuver"],"campfire_rested":4,"item_purchase_floors":[2,5,5,20,20,20,27],"current_hp_per_floor":[70,70,70,70,70,70,68,57,57,55,53,36,57,45,66,36,70,60,40,40,37,37,31,52,45,45,45,45,21,9,9,30,4],"gold":95,"neow_bonus":"THREE_ENEMY_KILL","is_prod":false,"is_daily":false,"chose_seed":false,"campfire_upgraded":1,"win_rate":0,"timestamp":1565504115,"path_taken":["M","$","?","M","$","E","M","?","T","?","M","?","R","M","R","BOSS","M","M","$","M","?","M","R","M","T","?","R","?","M","?","R","BOSS"],"build_version":"2019-07-17","purchased_purges":2,"victory":false,"max_hp_per_floor":[70,70,70,70,70,70,70,70,70,70,70,70,70,70,70,70,70,70,70,70,70,70,70,70,70,70,70,70,70,70,70,70,70],"card_choices":[{"not_picked":["Dagger Throw","Underhanded Strike","Flying Knee"],"picked":"SKIP","floor":1},{"not_picked":["Slice","All Out Attack"],"picked":"Deflect","floor":4},{"not_picked":["Deadly Poison","Poisoned Stab"],"picked":"After Image","floor":6},{"not_picked":["Blade Dance","Acrobatics"],"picked":"Backflip","floor":7},{"not_picked":["Distraction","Deflect"],"picked":"Well Laid Plans","floor":8},{"not_picked":["Flechettes","Storm of Steel","Dagger Spray"],"picked":"Escape Plan","floor":10},{"not_picked":["Infinite Blades","Finisher","Underhanded Strike"],"picked":"Endless Agony","floor":11},{"not_picked":["Dagger Spray","Predator","Masterful Stab","Choke"],"picked":"SKIP","floor":14},{"not_picked":["Malaise","Adrenaline","Glass Knife"],"picked":"Corpse Explosion","floor":16},{"not_picked":["Expertise+1","Cloak And Dagger","Well Laid Plans"],"picked":"PiercingWail+1","floor":18},{"not_picked":["Dagger Spray","Deadly Poison","Outmaneuver"],"picked":"Deflect","floor":19},{"not_picked":["Endless Agony+1","Masterful Stab","Dagger Throw"],"picked":"Cloak And Dagger+1","floor":21},{"not_picked":["PiercingWail","Dagger Spray+1","Caltrops"],"picked":"Acrobatics","floor":23},{"not_picked":["Well Laid Plans+1","Backstab","Crippling Poison"],"picked":"Slice+1","floor":25},{"not_picked":["Outmaneuver","Underhanded Strike","Noxious Fumes"],"picked":"Backstab","floor":29},{"not_picked":["Slice","Terror","Heel Hook+1"],"picked":"Cloak And Dagger","floor":30}],"player_experience":170625,"relics_obtained":[{"floor":6,"key":"Bag of Marbles"},{"floor":8,"key":"Odd Mushroom"},{"floor":9,"key":"Question Card"},{"floor":26,"key":"Blue Candle"}],"event_choices":[{"damage_healed":0,"gold_gain":175,"player_choice":"AGREE","damage_taken":0,"max_hp_gain":0,"max_hp_loss":0,"event_name":"Liars Game","floor":3,"gold_loss":0,"cards_obtained":["Doubt"]},{"damage_healed":0,"gold_gain":0,"player_choice":"Fought Mushrooms","damage_taken":0,"max_hp_gain":0,"max_hp_loss":0,"event_name":"Mushrooms","floor":8,"gold_loss":0},{"damage_healed":0,"gold_gain":0,"player_choice":"Take Damage","damage_taken":17,"relics_obtained":["Golden Idol"],"max_hp_gain":0,"max_hp_loss":0,"event_name":"Golden Idol","floor":12,"gold_loss":0},{"damage_healed":0,"gold_gain":0,"player_choice":"Ignored","damage_taken":0,"max_hp_gain":0,"max_hp_loss":0,"event_name":"The Mausoleum","floor":22,"gold_loss":0},{"damage_healed":0,"gold_gain":0,"player_choice":"Leave","damage_taken":0,"max_hp_gain":0,"max_hp_loss":0,"event_name":"FaceTrader","floor":31,"gold_loss":0}],"is_beta":false,"boss_relics":[{"not_picked":["WristBlade","White Beast Statue"],"picked":"Philosopher\u0027s Stone"}],"items_purged_floors":[5,20],"is_endless":false,"potions_floor_spawned":[1,6,8,18,19,21,30],"killed_by":"Champ","ascension_level":0}