{"gold_per_floor":[118,128,139,158,175,175,195,214,267,267,38,69,69,86,86,182,182,192,212,224,243,261,261,277,305,351,351,15,15,31,45,45,146,146,162,162,48,68,79,79,98,98,98,114,127,87,120,83,83,83],"floor_reached":51,"playtime":7601,"items_purged":["Defend_B","Strike_B"],"score":923,"play_id":"86a2f835-226a-4f99-b211-44f8d0202eab","local_time":"20181227001436","is_ascension_mode":true,"campfire_choices":[{"data":"Zap","floor":6.0,"key":"SMITH"},{"data":"Chill","floor":10.0,"key":"SMITH"},{"floor":15.0,"key":"REST"},{"data":"Electrodynamics","floor":23.0,"key":"SMITH"},{"floor":27.0,"key":"REST"},{"data":"Barrage","floor":29.0,"key":"SMITH"},{"data":"Glacier","floor":32.0,"key":"SMITH"},{"data":"Dualcast","floor":40.0,"key":"SMITH"},{"data":"Seek","floor":42.0,"key":"SMITH"},{"data":"Glacier","floor":49,"key":"SMITH"}],"neow_cost":"NONE","seed_source_timestamp":0,"circlet_count":0,"master_deck":["Strike_B","Strike_B","Strike_B","Defend_B","Defend_B","Defend_B","Zap+1","Dualcast+1","Stack+1","Self Repair","Compile Driver","Glacier+1","Seek+1","Chill+1","Coolheaded","Loop","Bandage Up","Ball Lightning","Electrodynamics+1","Glacier+1","White Noise","Barrage+1","Hologram","Echo Form","Cold Snap+1","Enlightenment","Ball Lightning+1","Machine Learning+1","Barrage+1","Go for the Eyes","Core Surge","Decay","Go for the Eyes+1","Reprogram"],"special_seed":0,"relics":["Cracked Core","NeowsBlessing","Strawberry","Unceasing Top","Eternal Feather","Ancient Tea Set","Vajra","DataDisk","Cursed Key","Tiny Chest","Singing Bowl","Shuriken"],"potions_floor_usage":[47,47,50],"damage_taken":[{"damage":0.0,"enemies":"Cultist","floor":1.0,"turns":1.0},{"damage":0.0,"enemies":"Jaw Worm","floor":2.0,"turns":1.0},{"damage":0.0,"enemies":"Small Slimes","floor":3.0,"turns":1.0},{"damage":31.0,"enemies":"Gremlin Gang","floor":4.0,"turns":6.0},{"damage":5.0,"enemies":"Blue Slaver","floor":5.0,"turns":5.0},{"damage":7.0,"enemies":"3 Louse","floor":7.0,"turns":4.0},{"damage":1.0,"enemies":"2 Fungi Beasts","floor":8.0,"turns":4.0},{"damage":17.0,"enemies":"Lagavulin","floor":12.0,"turns":7.0},{"damage":20.0,"enemies":"Exordium Wildlife","floor":14.0,"turns":5.0},{"damage":23.0,"enemies":"The Guardian","floor":16.0,"turns":15.0},{"damage":22.0,"enemies":"Chosen","floor":18.0,"turns":5.0},{"damage":20.0,"enemies":"Spheric Guardian","floor":19.0,"turns":4.0},{"damage":59.0,"enemies":"Chosen and Byrds","floor":20.0,"turns":10.0},{"damage":0.0,"enemies":"Centurion and Healer","floor":21.0,"turns":8.0},{"damage":0.0,"enemies":"3 Cultists","floor":22.0,"turns":5.0},{"damage":32.0,"enemies":"Snake Plant","floor":24.0,"turns":4.0},{"damage":23.0,"enemies":"Gremlin Leader","floor":25.0,"turns":6.0},{"damage":12.0,"enemies":"Snecko","floor":30.0,"turns":4.0},{"damage":6.0,"enemies":"Shelled Parasite and Fungi","floor":31.0,"turns":6.0},{"damage":66.0,"enemies":"Champ","floor":33.0,"turns":10.0},{"damage":0.0,"enemies":"3 Darklings","floor":35.0,"turns":4.0},{"damage":0.0,"enemies":"3 Shapes","floor":38.0,"turns":3.0},{"damage":0.0,"enemies":"Sphere and 2 Shapes","floor":39.0,"turns":3.0},{"damage":32.0,"enemies":"Writhing Mass","floor":41.0,"turns":7.0},{"damage":5.0,"enemies":"Jaw Worm Horde","floor":44.0,"turns":4.0},{"damage":17.0,"enemies":"Transient","floor":45.0,"turns":5.0},{"damage":33,"enemies":"Giant Head","floor":47,"turns":9},{"damage":53,"enemies":"Awakened One","floor":50,"turns":16}],"seed_played":"4485133400933367111","potions_obtained":[{"floor":1.0,"key":"Energy Potion"},{"floor":3.0,"key":"Dexterity Potion"},{"floor":5.0,"key":"Dexterity Potion"},{"floor":18.0,"key":"Swift Potion"},{"floor":21.0,"key":"FocusPotion"},{"floor":22.0,"key":"Explosive Potion"},{"floor":30.0,"key":"Explosive Potion"},{"floor":35.0,"key":"FocusPotion"},{"floor":39.0,"key":"Poison Potion"},{"floor":44.0,"key":"EssenceOfSteel"}],"is_trial":false,"path_per_floor":["M","M","M","M","M","R","M","M","T","R","$","E","$","M","R","B",null,"M","M","M","M","M","R","M","E","T","R","$","R","M","M","R","B",null,"M","?","$","M","M","R","M","R","T","M","M","?","E","$","R","B",null],"character_chosen":"DEFECT","items_purchased":["Loop","Bandage Up","DataDisk","Enlightenment","Tiny Chest","Reprogram"],"campfire_rested":2,"item_purchase_floors":[11,11,28,28,37,48],"current_hp_per_floor":[68,68,68,44,46,46,46,52,59,59,59,53,53,44,68,56,76,65,56,8,19,30,45,24,9,9,48,48,63,65,63,78,27,68,79,79,79,82,82,82,65,82,82,81,69,69,47,47,65,16],"gold":83,"neow_bonus":"THREE_ENEMY_KILL","is_prod":false,"is_daily":false,"chose_seed":false,"campfire_upgraded":8,"win_rate":0,"timestamp":1545891276,"path_taken":["M","M","M","M","M","R","M","?","T","R","$","E","?","?","R","BOSS","M","M","M","?","M","R","M","E","T","R","$","R","M","?","R","BOSS","M","?","$","M","M","R","M","R","T","M","M","?","E","$","R","BOSS"],"build_version":"2018-12-20","purchased_purges":2,"victory":true,"max_hp_per_floor":[75,75,75,75,75,75,75,75,82,82,82,82,82,82,82,82,82,82,82,82,82,82,82,82,82,82,82,82,82,82,82,82,82,82,82,82,82,82,82,82,82,82,82,84,86,86,86,86,86,86],"card_choices":[{"not_picked":["Streamline","Double Energy"],"picked":"Stack","floor":1.0},{"not_picked":["Steam","Reprogram"],"picked":"Self Repair","floor":2.0},{"not_picked":["Recycle","Rip and Tear"],"picked":"Compile Driver","floor":3.0},{"not_picked":["Hologram","Leap"],"picked":"Glacier","floor":4.0},{"not_picked":["Ball Lightning","Skim"],"picked":"Seek","floor":5.0},{"not_picked":["Beam Cell","Rebound"],"picked":"Chill","floor":7.0},{"not_picked":["Beam Cell","Genetic Algorithm"],"picked":"Coolheaded","floor":8.0},{"not_picked":["Rebound","Reinforced Body"],"picked":"Ball Lightning","floor":12.0},{"not_picked":["Lockon","Compile Driver"],"picked":"White Noise","floor":14.0},{"not_picked":["Rainbow","Meteor Strike"],"picked":"Electrodynamics","floor":16.0},{"not_picked":["Streamline","Gash"],"picked":"Glacier","floor":18.0},{"not_picked":["Stack+1","Gash"],"picked":"White Noise","floor":19.0},{"not_picked":["Doom and Gloom","Turbo","Stack"],"picked":"SKIP","floor":20.0},{"not_picked":["Rebound","Streamline"],"picked":"Barrage","floor":21.0},{"not_picked":["Aggregate","Barrage"],"picked":"Hologram","floor":22.0},{"not_picked":["Coolheaded+1","Reprogram+1"],"picked":"Echo Form","floor":24.0},{"not_picked":["Recycle","Compile Driver"],"picked":"Cold Snap+1","floor":25.0},{"not_picked":["Gash+1","Steam"],"picked":"Ball Lightning+1","floor":30.0},{"not_picked":["Cold Snap+1","Blizzard","Hello World+1"],"picked":"SKIP","floor":31.0},{"not_picked":["Meteor Strike","Echo Form"],"picked":"Machine Learning","floor":33.0},{"not_picked":["Stack+1","Cold Snap+1"],"picked":"Barrage+1","floor":35.0},{"not_picked":["Darkness","Redo+1"],"picked":"Go for the Eyes","floor":38.0},{"not_picked":["Go for the Eyes+1","Streamline+1"],"picked":"Core Surge","floor":39.0},{"not_picked":["Hologram","Force Field+1","Darkness+1"],"picked":"SKIP","floor":41.0},{"not_picked":["Hologram","Ball Lightning+1","Stack+1"],"picked":"Singing Bowl","floor":44.0},{"not_picked":["Consume","Go for the Eyes","Steam"],"picked":"Singing Bowl","floor":45.0},{"not_picked":["Recycle","White Noise"],"picked":"Go for the Eyes+1","floor":47}],"player_experience":468057,"relics_obtained":[{"floor":9.0,"key":"Strawberry"},{"floor":12.0,"key":"Unceasing Top"},{"floor":25.0,"key":"Ancient Tea Set"},{"floor":26.0,"key":"Vajra"},{"floor":43.0,"key":"Singing Bowl"},{"floor":47,"key":"Shuriken"}],"event_choices":[{"cards_removed":["White Noise"],"damage_healed":0.0,"max_hp_gain":0.0,"max_hp_loss":0.0,"gold_gain":0.0,"event_name":"Falling","player_choice":"Removed Skill","floor":36.0,"gold_loss":0.0,"damage_taken":0.0},{"damage_healed":0.0,"max_hp_gain":0.0,"max_hp_loss":0.0,"gold_gain":0.0,"event_name":"Designer","player_choice":"Upgraded Two","floor":46.0,"gold_loss":40.0,"damage_taken":0.0,"cards_upgraded":["Machine Learning","Stack"]}],"is_beta":false,"boss_relics":[{"not_picked":["Tiny House","Runic Dome"],"picked":"Eternal Feather"},{"not_picked":["Philosopher\u0027s Stone","Orrery"],"picked":"Cursed Key"}],"items_purged_floors":[11,28],"is_endless":false,"potions_floor_spawned":[1,3,5,18,21,22,30,35,39,44,45],"ascension_level":8}