{"gold_per_floor":[119,139,139,150,161,161,190,190,216,216,230,180,194,207,207,309,309,321,120,138,150,75,75,75,28,28,28,28,38,38,56,56,56],"floor_reached":33,"playtime":1029,"items_purged":["Strike_G"],"score":249,"play_id":"e02a3836-fe1e-4852-8c31-325c6484c6b2","local_time":"20190816221956","is_ascension_mode":false,"campfire_choices":[{"floor":6,"key":"REST"},{"floor":8,"key":"REST"},{"data":"Poisoned Stab","floor":10,"key":"SMITH"},{"floor":15,"key":"REST"},{"floor":23,"key":"REST"},{"data":"Poisoned Stab","floor":28,"key":"SMITH"},{"floor":32,"key":"REST"}],"neow_cost":"NONE","seed_source_timestamp":145743059617161,"circlet_count":0,"master_deck":["Strike_G+1","Strike_G+1","Strike_G+1","Defend_G+1","Defend_G+1","Defend_G+1","Defend_G+1","Defend_G+1","Survivor","Neutralize","Poisoned Stab+1","Catalyst","Deflect","Acrobatics","Poisoned Stab","Adrenaline","Bane","Prepared+1","Deadly Poison+1","Poisoned Stab+1","Deflect","Well Laid Plans"],"relics":["Ring of the Snake","NeowsBlessing","Anchor","Bag of Preparation","White Beast Statue","MealTicket","Smiling Mask"],"potions_floor_usage":[16,33,33],"damage_taken":[{"damage":0,"enemies":"Jaw Worm","floor":1,"turns":1},{"damage":0,"enemies":"2 Louse","floor":2,"turns":1},{"damage":0,"enemies":"Small Slimes","floor":4,"turns":1},{"damage":16,"enemies":"3 Louse","floor":5,"turns":3},{"damage":25,"enemies":"3 Sentries","floor":7,"turns":14},{"damage":0,"enemies":"2 Fungi Beasts","floor":11,"turns":4},{"damage":10,"enemies":"Looter","floor":13,"turns":3},{"damage":0,"enemies":"3 Louse","floor":14,"turns":4},{"damage":23,"enemies":"The Guardian","floor":16,"turns":12},{"damage":15,"enemies":"3 Byrds","floor":18,"turns":5},{"damage":1,"enemies":"Shell Parasite","floor":20,"turns":6},{"damage":37,"enemies":"Cultist and Chosen","floor":21,"turns":8},{"damage":25,"enemies":"Sentry and Sphere","floor":29,"turns":6},{"damage":23,"enemies":"Shelled Parasite and Fungi","floor":31,"turns":7},{"damage":29,"enemies":"Collector","floor":33,"turns":5}],"seed_played":"-7123324765332801506","potions_obtained":[{"floor":1,"key":"SkillPotion"},{"floor":2,"key":"FairyPotion"},{"floor":13,"key":"GhostInAJar"},{"floor":18,"key":"SkillPotion"},{"floor":31,"key":"SkillPotion"}],"is_trial":false,"path_per_floor":["M","M","$","M","M","R","E","R","T","R","M","?","M","M","R","B",null,"M","$","M","M","$","R","?","$","T","?","R","M","?","M","R","B"],"character_chosen":"THE_SILENT","items_purchased":["MealTicket","Poisoned Stab"],"campfire_rested":5,"item_purchase_floors":[19,25],"current_hp_per_floor":[70,70,70,70,54,70,45,66,66,66,66,66,56,56,70,47,70,55,55,54,17,32,53,53,68,68,55,55,30,30,7,29,7],"gold":56,"neow_bonus":"THREE_ENEMY_KILL","is_prod":false,"is_daily":false,"chose_seed":false,"campfire_upgraded":2,"win_rate":0,"timestamp":1565965196,"path_taken":["M","M","$","M","M","R","E","R","T","R","M","?","M","M","R","BOSS","M","$","M","M","$","R","?","$","T","?","R","M","?","M","R","BOSS"],"build_version":"2019-07-17","purchased_purges":1,"victory":false,"max_hp_per_floor":[70,70,70,70,70,70,70,70,70,70,70,70,70,70,70,70,70,70,70,70,70,70,70,70,70,70,75,75,75,75,75,75,75],"card_choices":[{"not_picked":["Cloak And Dagger","Slice","Blade Dance"],"picked":"SKIP","floor":1},{"not_picked":["Finisher","Distraction"],"picked":"Poisoned Stab","floor":2},{"not_picked":["Flechettes","Dodge and Roll","Dagger Spray"],"picked":"SKIP","floor":4},{"not_picked":["Burst","Dagger Spray"],"picked":"Catalyst","floor":5},{"not_picked":["Slice","Flying Knee"],"picked":"Deflect","floor":7},{"not_picked":["Deadly Poison","Flying Knee"],"picked":"Acrobatics","floor":11},{"not_picked":["Slice","Prepared"],"picked":"Poisoned Stab","floor":13},{"not_picked":["Cloak And Dagger","Concentrate","Bouncing Flask"],"picked":"SKIP","floor":14},{"not_picked":["Envenom","Phantasmal Killer"],"picked":"Adrenaline","floor":16},{"not_picked":["Underhanded Strike","Dash"],"picked":"Bane","floor":18},{"not_picked":["Quick Slash","Leg Sweep"],"picked":"Prepared+1","floor":20},{"not_picked":["Underhanded Strike","All Out Attack+1"],"picked":"Deadly Poison+1","floor":21},{"not_picked":["Expertise","Blade Dance"],"picked":"Deflect","floor":29},{"not_picked":["Masterful Stab","Acrobatics"],"picked":"Well Laid Plans","floor":31}],"player_experience":209523,"relics_obtained":[{"floor":7,"key":"Anchor"},{"floor":9,"key":"Bag of Preparation"},{"floor":26,"key":"Smiling Mask"}],"event_choices":[{"cards_removed":["Strike_G"],"damage_healed":0,"gold_gain":0,"player_choice":"Card Removal","damage_taken":0,"max_hp_gain":0,"max_hp_loss":0,"event_name":"The Cleric","floor":12,"gold_loss":50},{"damage_healed":0,"gold_gain":0,"player_choice":"Simplicity","damage_taken":0,"max_hp_gain":0,"max_hp_loss":0,"event_name":"Back to Basics","floor":24,"gold_loss":0,"cards_upgraded":["Strike_G","Strike_G","Strike_G","Defend_G","Defend_G","Defend_G","Defend_G","Defend_G"]},{"damage_healed":0,"gold_gain":0,"player_choice":"Shed Blood","damage_taken":18,"max_hp_gain":5,"max_hp_loss":0,"event_name":"Forgotten Altar","floor":27,"gold_loss":0},{"damage_healed":0,"gold_gain":0,"player_choice":"Ignored","damage_taken":0,"max_hp_gain":0,"max_hp_loss":0,"event_name":"Ghosts","floor":30,"gold_loss":0}],"is_beta":false,"boss_relics":[{"not_picked":["Pandora\u0027s Box","Empty Cage"],"picked":"White Beast Statue"}],"items_purged_floors":[22],"is_endless":false,"potions_floor_spawned":[1,2,13,14,18,20,21,29,31],"killed_by":"Collector","ascension_level":0}