{"gold_per_floor":[111,130,28,28,28,28,60,34,34,34,54,64,64,99,99,199,199,217,417,436,86,17,17,37,37,62,73,172,184,204,215,215,314,314,331,431,45,65,140,166,184,215,215,228,247,260,260,24,24,24],"floor_reached":51,"playtime":6551,"items_purged":["Strike_B","Stack"],"score":1095,"play_id":"811fa5b1-7509-4264-ac7c-099a47b6e035","local_time":"20190823135251","is_ascension_mode":true,"campfire_choices":[{"floor":6.0,"key":"REST"},{"floor":13.0,"key":"REST"},{"floor":15.0,"key":"REST"},{"data":"Chaos","floor":23.0,"key":"SMITH"},{"data":"Glacier","floor":25.0,"key":"SMITH"},{"floor":32.0,"key":"REST"},{"data":"White Noise","floor":47,"key":"SMITH"},{"data":"Defragment","floor":49,"key":"SMITH"}],"neow_cost":"NONE","seed_source_timestamp":2945098624844,"circlet_count":0,"master_deck":["AscendersBane","Strike_B+1","Defend_B","Defend_B","Defend_B","Defend_B","Zap","Dualcast","Chaos+1","White Noise+1","Cold Snap+1","FTL","Rainbow","Go for the Eyes","All For One","Glacier+1","Defragment+1","Cold Snap","Loop","Ball Lightning","Cold Snap","Conserve Battery+1","Self Repair+1","Blizzard","Chill","Go for the Eyes+1","Leap+1","White Noise+1","Force Field+1","Undo+1","Defragment","Finesse+1"],"special_seed":0,"relics":["Cracked Core","Du-Vu Doll","Whetstone","StoneCalendar","Anchor","Sozu","Omamori","Bag of Preparation","Orrery","Nunchaku","MealTicket","Oddly Smooth Stone","Toxic Egg 2","Bag of Marbles","Meat on the Bone"],"potions_floor_usage":[33,33],"damage_taken":[{"damage":7.0,"enemies":"Jaw Worm","floor":1.0,"turns":3.0},{"damage":0.0,"enemies":"2 Louse","floor":2.0,"turns":2.0},{"damage":39.0,"enemies":"3 Sentries","floor":7.0,"turns":8.0},{"damage":0.0,"enemies":"Small Slimes","floor":11.0,"turns":3.0},{"damage":0.0,"enemies":"Exordium Thugs","floor":12.0,"turns":3.0},{"damage":18.0,"enemies":"Lagavulin","floor":14.0,"turns":5.0},{"damage":12.0,"enemies":"The Guardian","floor":16.0,"turns":9.0},{"damage":0.0,"enemies":"Spheric Guardian","floor":18.0,"turns":3.0},{"damage":6.0,"enemies":"3 Byrds","floor":20.0,"turns":5.0},{"damage":3.0,"enemies":"Shelled Parasite and Fungi","floor":24.0,"turns":7.0},{"damage":13.0,"enemies":"Snake Plant","floor":27.0,"turns":4.0},{"damage":0.0,"enemies":"Sentry and Sphere","floor":29.0,"turns":4.0},{"damage":5.0,"enemies":"Centurion and Healer","floor":30.0,"turns":7.0},{"damage":0.0,"enemies":"Cultist and Chosen","floor":31.0,"turns":4.0},{"damage":52,"enemies":"Automaton","floor":33,"turns":10},{"damage":0,"enemies":"3 Shapes","floor":35,"turns":5},{"damage":9,"enemies":"Mind Bloom Boss Battle","floor":36,"turns":7},{"damage":7,"enemies":"Orb Walker","floor":38,"turns":5},{"damage":20,"enemies":"Nemesis","floor":40,"turns":7},{"damage":9,"enemies":"3 Darklings","floor":41,"turns":6},{"damage":21,"enemies":"Reptomancer","floor":42,"turns":10},{"damage":1,"enemies":"Spire Growth","floor":44,"turns":7},{"damage":0,"enemies":"Sphere and 2 Shapes","floor":45,"turns":5},{"damage":1,"enemies":"Writhing Mass","floor":46,"turns":10},{"damage":21,"enemies":"Time Eater","floor":50,"turns":15}],"seed_played":"-5200315474843085949","potions_obtained":[{"floor":1.0,"key":"Explosive Potion"},{"floor":12.0,"key":"Strength Potion"},{"floor":14.0,"key":"Energy Potion"}],"is_trial":false,"path_per_floor":["M","M","$","?","?","R","E","$","T","?","M","M","R","E","R","B",null,"M","?","M","$","$","R","M","R","T","M","?","M","M","M","R","B",null,"M","?","$","M","?","E","M","E","T","M","M","M","R","$","R","B",null],"character_chosen":"DEFECT","items_purchased":["Cold Snap","FTL","Stack","Defragment","Cold Snap","Omamori","Loop","Chill","MealTicket","Oddly Smooth Stone","Defragment","Finesse+1"],"campfire_rested":4,"item_purchase_floors":[3,3,8,21,21,21,22,37,37,37,48,48],"current_hp_per_floor":[68,68,68,61,54,78,39,39,39,39,39,39,63,45,69,57,76,76,76,70,70,70,70,67,67,67,54,54,54,49,49,73,21,78,82,82,82,82,74,64,65,54,54,63,63,72,72,82,82,61],"gold":24,"neow_bonus":"TEN_PERCENT_HP_BONUS","is_prod":false,"is_daily":false,"chose_seed":false,"campfire_upgraded":4,"win_rate":0,"timestamp":1566564771,"path_taken":["M","M","$","?","?","R","E","$","T","?","M","M","R","E","R","BOSS","M","?","M","?","$","R","M","R","T","M","?","M","?","?","R","BOSS","M","?","$","M","?","E","M","E","T","?","M","M","R","?","R","BOSS"],"build_version":"2019-07-17","purchased_purges":2,"victory":true,"max_hp_per_floor":[82,82,82,82,82,82,82,82,82,82,82,82,82,82,82,82,82,82,82,82,82,82,82,82,82,82,82,82,82,82,82,82,82,82,82,82,82,82,82,82,82,82,82,82,82,82,82,82,82,82],"card_choices":[{"not_picked":["Hello World","Beam Cell"],"picked":"Chaos","floor":1.0},{"not_picked":["Skim","Turbo"],"picked":"White Noise","floor":2.0},{"not_picked":["Conserve Battery","Stack"],"picked":"Rainbow","floor":7.0},{"not_picked":["Barrage","Gash"],"picked":"Go for the Eyes","floor":11.0},{"not_picked":["Compile Driver","Beam Cell","Undo"],"picked":"SKIP","floor":12.0},{"not_picked":["Hello World","Sunder"],"picked":"All For One","floor":14.0},{"not_picked":["Conserve Battery","Doom and Gloom","Redo"],"picked":"SKIP","floor":18.0},{"not_picked":["Hello World","Rebound"],"picked":"Glacier","floor":20.0},{"not_picked":["Streamline","Compile Driver"],"picked":"Ball Lightning","floor":24.0},{"not_picked":["Turbo","Coolheaded"],"picked":"Cold Snap","floor":27.0},{"not_picked":["Coolheaded","Genetic Algorithm","Multi-Cast"],"picked":"SKIP","floor":29.0},{"not_picked":["Storm","Fusion","Rip and Tear"],"picked":"SKIP","floor":30.0},{"not_picked":["Cold Snap","Coolheaded","Storm"],"picked":"SKIP","floor":31.0},{"not_picked":["Storm","Rebound"],"picked":"Conserve Battery+1","floor":34},{"not_picked":["Rebound+1","Sunder"],"picked":"Self Repair+1","floor":34},{"not_picked":["Streamline+1","Stack","Redo"],"picked":"SKIP","floor":35},{"not_picked":["Steam+1","Amplify"],"picked":"Blizzard","floor":36},{"not_picked":["Recycle+1","Gash"],"picked":"Go for the Eyes+1","floor":38},{"not_picked":["Double Energy+1","Steam Power"],"picked":"Leap+1","floor":40},{"not_picked":["Gash","Compile Driver"],"picked":"White Noise+1","floor":41},{"not_picked":["Steam Power+1","Cold Snap"],"picked":"Force Field+1","floor":42},{"not_picked":["Darkness+1","Hologram+1","Redo+1"],"picked":"SKIP","floor":44},{"not_picked":["Turbo+1","Hyperbeam"],"picked":"Undo+1","floor":45},{"not_picked":["Aggregate+1","Steam Power+1","Streamline"],"picked":"SKIP","floor":46}],"player_experience":527316,"relics_obtained":[{"floor":7.0,"key":"Whetstone"},{"floor":9.0,"key":"StoneCalendar"},{"floor":14.0,"key":"Anchor"},{"floor":26.0,"key":"Bag of Preparation"},{"floor":36,"key":"Nunchaku"},{"floor":40,"key":"Toxic Egg 2"},{"floor":42,"key":"Bag of Marbles"},{"floor":43,"key":"Meat on the Bone"}],"event_choices":[{"damage_healed":0.0,"max_hp_gain":0.0,"max_hp_loss":0.0,"gold_gain":0.0,"event_name":"Scrap Ooze","player_choice":"Success","floor":4.0,"gold_loss":0.0,"damage_taken":7.0,"relics_obtained":["Du-Vu Doll"]},{"cards_removed":["Strike_B"],"damage_healed":0.0,"max_hp_gain":0.0,"max_hp_loss":0.0,"gold_gain":0.0,"event_name":"Golden Wing","player_choice":"Card Removal","floor":5.0,"gold_loss":0.0,"damage_taken":7.0},{"cards_removed":["Strike_B"],"damage_healed":0.0,"max_hp_gain":0.0,"max_hp_loss":0.0,"gold_gain":0.0,"event_name":"Purifier","player_choice":"Purged","floor":10.0,"gold_loss":0.0,"damage_taken":0.0},{"damage_healed":0.0,"max_hp_gain":0.0,"max_hp_loss":0.0,"gold_gain":250.0,"event_name":"The Joust","player_choice":"Bet on Owner","floor":19.0,"gold_loss":50.0,"damage_taken":0.0},{"damage_healed":0.0,"max_hp_gain":0.0,"max_hp_loss":0.0,"gold_gain":99.0,"event_name":"Nest","player_choice":"Stole From Cult","floor":28.0,"gold_loss":0.0,"damage_taken":0.0},{"damage_healed":0,"gold_gain":0,"player_choice":"Fight","damage_taken":0,"max_hp_gain":0,"max_hp_loss":0,"event_name":"MindBloom","floor":36,"gold_loss":0},{"damage_healed":0,"gold_gain":75,"player_choice":"Touch","damage_taken":8,"max_hp_gain":0,"max_hp_loss":0,"event_name":"FaceTrader","floor":39,"gold_loss":0}],"is_beta":false,"boss_relics":[{"not_picked":["White Beast Statue","FrozenCore"],"picked":"Sozu"},{"not_picked":["Coffee Dripper","Snecko Eye"],"picked":"Orrery"}],"items_purged_floors":[21,48],"is_endless":false,"potions_floor_spawned":[1,12,14,18,24,31,35,38,41],"ascension_level":12}