{"gold_per_floor":[111,61,61,73,148,178,191,207,207,207,172,184,198,212,212,308,308,325,340,62,62],"floor_reached":21,"playtime":668,"items_purged":["Strike_B"],"score":208,"play_id":"5ba7fd57-d3dc-4dce-bb2a-8c7250372124","local_time":"20190821130813","is_ascension_mode":false,"campfire_choices":[{"data":"White Noise","floor":10,"key":"SMITH"},{"data":"Zap","floor":15,"key":"SMITH"}],"neow_cost":"NONE","seed_source_timestamp":78692200853220,"circlet_count":0,"master_deck":["Strike_B","Strike_B","Defend_B","Defend_B","Defend_B","Defend_B","Zap+1","Dualcast","Beam Cell","Cold Snap","Leap","White Noise+1","Melter","Steam","Heatsinks","Leap","Cold Snap","Buffer","Lockon","Capacitor"],"relics":["Cracked Core","NeowsBlessing","Bronze Scales","Kunai","Nuclear Battery","MealTicket"],"potions_floor_usage":[16,16,19],"damage_taken":[{"damage":0,"enemies":"Small Slimes","floor":1,"turns":1},{"damage":0,"enemies":"2 Louse","floor":4,"turns":1},{"damage":0,"enemies":"Gremlin Nob","floor":6,"turns":1},{"damage":4,"enemies":"Jaw Worm","floor":7,"turns":3},{"damage":2,"enemies":"2 Fungi Beasts","floor":8,"turns":3},{"damage":3,"enemies":"Looter","floor":12,"turns":3},{"damage":0,"enemies":"3 Louse","floor":13,"turns":3},{"damage":15,"enemies":"Exordium Thugs","floor":14,"turns":4},{"damage":18,"enemies":"The Guardian","floor":16,"turns":10},{"damage":19,"enemies":"Chosen","floor":18,"turns":6},{"damage":7,"enemies":"Shell Parasite","floor":19,"turns":4},{"damage":54,"enemies":"3 Cultists","floor":21,"turns":5}],"seed_played":"7762387756209540269","potions_obtained":[{"floor":4,"key":"SkillPotion"},{"floor":6,"key":"Explosive Potion"},{"floor":8,"key":"Energy Potion"},{"floor":18,"key":"AttackPotion"}],"is_trial":false,"path_per_floor":["M","$","?","M","?","E","M","M","T","R","?","M","M","M","R","B",null,"M","M","$","M"],"character_chosen":"DEFECT","items_purchased":["Cold Snap","MealTicket"],"campfire_rested":0,"item_purchase_floors":[2,20],"current_hp_per_floor":[75,75,68,68,57,57,53,51,51,51,69,66,66,51,51,33,75,56,49,49,0],"gold":62,"neow_bonus":"THREE_ENEMY_KILL","is_prod":false,"is_daily":false,"chose_seed":false,"campfire_upgraded":2,"win_rate":0,"timestamp":1566364093,"path_taken":["M","$","?","M","?","E","M","M","T","R","?","M","M","M","R","BOSS","M","M","$","M"],"build_version":"2019-07-17","purchased_purges":1,"victory":false,"max_hp_per_floor":[75,75,75,75,75,75,75,75,75,75,75,75,75,75,75,75,75,75,75,75,75],"card_choices":[{"not_picked":["Darkness","Undo"],"picked":"Beam Cell","floor":1},{"not_picked":["Conserve Battery","Sweeping Beam"],"picked":"Leap","floor":4},{"not_picked":["Fusion","Redo"],"picked":"White Noise","floor":6},{"not_picked":["Reprogram","Cold Snap"],"picked":"Melter","floor":7},{"not_picked":["Stack","Cold Snap"],"picked":"Steam","floor":8},{"not_picked":["Conserve Battery","Streamline"],"picked":"Heatsinks","floor":12},{"not_picked":["Coolheaded","Consume"],"picked":"Leap","floor":13},{"not_picked":["All For One","Stack"],"picked":"Cold Snap","floor":14},{"not_picked":["Meteor Strike","Hyperbeam"],"picked":"Buffer","floor":16},{"not_picked":["Cold Snap","Compile Driver+1"],"picked":"Lockon","floor":18},{"not_picked":["Redo","Barrage+1"],"picked":"Capacitor","floor":19}],"player_experience":234857,"relics_obtained":[{"floor":6,"key":"Bronze Scales"},{"floor":9,"key":"Kunai"}],"event_choices":[{"cards_removed":["Strike_B"],"damage_healed":0,"gold_gain":0,"player_choice":"Card Removal","damage_taken":7,"max_hp_gain":0,"max_hp_loss":0,"event_name":"Golden Wing","floor":3,"gold_loss":0},{"damage_healed":0,"gold_gain":75,"player_choice":"Gather Gold","damage_taken":11,"max_hp_gain":0,"max_hp_loss":0,"event_name":"World of Goop","floor":5,"gold_loss":0},{"damage_healed":18,"gold_gain":0,"player_choice":"Healed","damage_taken":0,"max_hp_gain":0,"max_hp_loss":0,"event_name":"The Cleric","floor":11,"gold_loss":35}],"is_beta":false,"boss_relics":[{"not_picked":["Runic Dome","Inserter"],"picked":"Nuclear Battery"}],"items_purged_floors":[20],"is_endless":false,"potions_floor_spawned":[4,6,8,13,18],"killed_by":"3 Cultists","ascension_level":0}