{"gold_per_floor":[119,133,9,28,39,39,49,49,49,66,100,100,100,132,132,132],"floor_reached":16,"playtime":569,"items_purged":["Strike_R"],"score":118,"play_id":"04e67e7e-5ca5-430d-a0c7-513c7eb88b9d","local_time":"20190419093604","is_ascension_mode":true,"campfire_choices":[{"data":"Armaments","floor":6,"key":"SMITH"},{"data":"Infernal Blade","floor":8,"key":"SMITH"},{"data":"Metallicize","floor":13,"key":"SMITH"},{"floor":15,"key":"REST"}],"neow_cost":"NONE","seed_source_timestamp":255326292667247,"circlet_count":0,"master_deck":["Strike_R","Strike_R","Strike_R","Defend_R","Defend_R","Defend_R","Defend_R","Bash","Searing Blow","Infernal Blade+1","Armaments+1","Heavy Blade+1","Metallicize+1","Rage"],"relics":["Burning Blood","Pantograph","The Courier","Blue Candle"],"potions_floor_usage":[10,11,11],"damage_taken":[{"damage":6,"enemies":"Cultist","floor":1,"turns":3},{"damage":8,"enemies":"Jaw Worm","floor":2,"turns":2},{"damage":0,"enemies":"Small Slimes","floor":4,"turns":3},{"damage":14,"enemies":"Blue Slaver","floor":5,"turns":3},{"damage":9,"enemies":"Looter","floor":7,"turns":3},{"damage":0,"enemies":"2 Fungi Beasts","floor":10,"turns":4},{"damage":18,"enemies":"Gremlin Nob","floor":11,"turns":5},{"damage":35,"enemies":"3 Sentries","floor":14,"turns":10},{"damage":83,"enemies":"Slime Boss","floor":16,"turns":11}],"seed_played":"2320414906282819776","potions_obtained":[{"floor":2,"key":"Energy Potion"},{"floor":4,"key":"Explosive Potion"},{"floor":10,"key":"Weak Potion"}],"is_trial":false,"path_per_floor":["M","M","$","M","M","R","M","R","T","M","E","?","R","E","R","B"],"character_chosen":"IRONCLAD","items_purchased":["Armaments"],"campfire_rested":1,"item_purchase_floors":[3],"current_hp_per_floor":[80,78,78,80,72,72,69,69,69,75,63,63,63,34,58,0],"gold":132,"neow_bonus":"TRANSFORM_CARD","is_prod":false,"is_daily":false,"chose_seed":false,"campfire_upgraded":3,"win_rate":0,"timestamp":1555637764,"path_taken":["M","?","$","M","M","R","M","R","T","M","E","?","R","E","R","BOSS"],"build_version":"2019-01-23","purchased_purges":1,"victory":false,"max_hp_per_floor":[80,80,80,80,80,80,80,80,80,80,80,80,80,80,80,80],"card_choices":[{"not_picked":["Sword Boomerang","Thunderclap"],"picked":"Infernal Blade","floor":1},{"not_picked":["Rage","Sentinel","Reckless Charge"],"picked":"SKIP","floor":2},{"not_picked":["Flex","Thunderclap"],"picked":"Heavy Blade","floor":4},{"not_picked":["True Grit","Sentinel"],"picked":"Metallicize","floor":5},{"not_picked":["Carnage","Uppercut","Heavy Blade"],"picked":"SKIP","floor":7},{"not_picked":["Clothesline","Wild Strike","Power Through"],"picked":"SKIP","floor":10},{"not_picked":["Inflame","Ghostly Armor"],"picked":"Rage","floor":11},{"not_picked":["Perfected Strike","Sever Soul","Burning Pact"],"picked":"SKIP","floor":14}],"player_experience":73234,"relics_obtained":[{"floor":9,"key":"Pantograph"},{"floor":11,"key":"The Courier"},{"floor":14,"key":"Blue Candle"}],"event_choices":[{"damage_healed":0,"gold_gain":0,"player_choice":"Upgraded","damage_taken":0,"max_hp_gain":0,"max_hp_loss":0,"event_name":"Upgrade Shrine","floor":12,"gold_loss":0,"cards_upgraded":["Heavy Blade"]}],"is_beta":false,"boss_relics":[],"items_purged_floors":[3],"is_endless":false,"potions_floor_spawned":[2,4,10],"killed_by":"Slime Boss","ascension_level":1}