{"gold_per_floor":[114,114,131,145,145,174,186,229,266,79,79,114,137,152,152,256,256,266,266,280,280,296,296,296,296,296,296,22,22],"floor_reached":29,"playtime":19505,"items_purged":["Strike_R"],"score":395,"play_id":"3aa9e81c-a689-46c5-9e36-2ab6b9acc986","local_time":"20190804222542","is_ascension_mode":true,"campfire_choices":[{"data":"Iron Wave","floor":7.0,"key":"SMITH"},{"data":"Whirlwind","floor":11.0,"key":"SMITH"},{"data":"True Grit","floor":15.0,"key":"SMITH"},{"data":"Barricade","floor":23,"key":"SMITH"},{"data":"Body Slam","floor":25,"key":"SMITH"},{"floor":27,"key":"REST"}],"neow_cost":"TEN_PERCENT_HP_LOSS","seed_source_timestamp":0,"circlet_count":0,"master_deck":["Defend_R","Defend_R","Defend_R","Bash+1","Battle Trance","Body Slam+1","Iron Wave+1","Iron Wave","Dropkick","Whirlwind+1","Shrug It Off","True Grit+1","Juggernaut","Barricade+1","Body Slam+1","Inflame","Shrug It Off","Pommel Strike","Clothesline+1","Bite","Bite","Bite","Bite","Bite","Flame Barrier","Body Slam","Metallicize","Shrug It Off"],"special_seed":0,"relics":["Burning Blood","WingedGreaves","MawBank","Bag of Preparation","Strawberry","Juzu Bracelet","Odd Mushroom","Orrery","Question Card","Sundial","PreservedInsect"],"potions_floor_usage":[22,29],"damage_taken":[{"damage":13.0,"enemies":"Jaw Worm","floor":1.0,"turns":4.0},{"damage":1.0,"enemies":"Cultist","floor":3.0,"turns":3.0},{"damage":5.0,"enemies":"Small Slimes","floor":4.0,"turns":5.0},{"damage":21.0,"enemies":"Gremlin Nob","floor":6.0,"turns":4.0},{"damage":23.0,"enemies":"Lagavulin","floor":8.0,"turns":6.0},{"damage":0.0,"enemies":"Gremlin Nob","floor":12.0,"turns":3.0},{"damage":9.0,"enemies":"The Mushroom Lair","floor":13.0,"turns":2.0},{"damage":16.0,"enemies":"Exordium Wildlife","floor":14.0,"turns":4.0},{"damage":25.0,"enemies":"Slime Boss","floor":16.0,"turns":9.0},{"damage":32,"enemies":"Spheric Guardian","floor":18,"turns":6},{"damage":27,"enemies":"Shell Parasite","floor":20,"turns":8},{"damage":33,"enemies":"Snake Plant","floor":22,"turns":6},{"damage":47,"enemies":"Gremlin Leader","floor":29,"turns":7}],"seed_played":"-151506653468198245","potions_obtained":[{"floor":1.0,"key":"BloodPotion"},{"floor":3.0,"key":"Strength Potion"},{"floor":12.0,"key":"LiquidBronze"},{"floor":13.0,"key":"SpeedPotion"},{"floor":14.0,"key":"Ancient Potion"},{"floor":18,"key":"Swift Potion"}],"is_trial":false,"path_per_floor":["M","?","M","M","?","E","R","E","T","$","R","E","?","M","R","B",null,"M","?","M","?","M","R","?","R","T","R","$","E"],"character_chosen":"IRONCLAD","items_purchased":["Whirlwind","Shrug It Off","Metallicize","PreservedInsect","Shrug It Off"],"campfire_rested":1,"item_purchase_floors":[10,10,28,28,28],"current_hp_per_floor":[65,65,70,71,71,72,72,55,62,62,62,68,65,55,55,36,68,42,42,33,33,20,20,20,20,20,36,36,0],"gold":22,"neow_bonus":"ONE_RARE_RELIC","is_prod":false,"is_daily":false,"chose_seed":false,"campfire_upgraded":5,"win_rate":0,"timestamp":1564979142,"path_taken":["M","?","?","M","?","E","R","E","T","?","R","E","?","M","R","BOSS","M","?","M","?","M","R","?","R","T","R","$","E"],"build_version":"2019-07-17","purchased_purges":1,"victory":false,"max_hp_per_floor":[72,72,72,72,72,72,72,72,79,79,79,79,79,79,79,79,79,79,55,55,55,55,55,55,55,55,55,55,55],"card_choices":[{"not_picked":["Second Wind","Clash"],"picked":"Battle Trance","floor":1.0},{"not_picked":["Wild Strike","Warcry"],"picked":"Body Slam","floor":3.0},{"not_picked":["Intimidate","Brutality"],"picked":"Iron Wave","floor":4.0},{"not_picked":["Berserk","Rage"],"picked":"Iron Wave","floor":6.0},{"not_picked":["Combust","Anger"],"picked":"Dropkick","floor":8.0},{"not_picked":["Havoc","Searing Blow","Sentinel"],"picked":"SKIP","floor":12.0},{"not_picked":["Warcry","Shrug It Off"],"picked":"True Grit","floor":13.0},{"not_picked":["Iron Wave","Anger"],"picked":"Juggernaut","floor":14.0},{"not_picked":["Limit Break","Offering"],"picked":"Barricade","floor":16.0},{"not_picked":["Pommel Strike","Iron Wave"],"picked":"Body Slam","floor":17},{"not_picked":["Pommel Strike","True Grit"],"picked":"Inflame","floor":17},{"not_picked":["Exhume","Bloodletting"],"picked":"Shrug It Off","floor":17},{"not_picked":["True Grit","Sword Boomerang"],"picked":"Pommel Strike","floor":17},{"not_picked":["Heavy Blade+1","Body Slam"],"picked":"Clothesline+1","floor":18},{"not_picked":["Rupture+1","Ghostly Armor","Warcry"],"picked":"SKIP","floor":20},{"not_picked":["Shrug It Off","Rupture","Body Slam"],"picked":"Flame Barrier","floor":22}],"player_experience":2104586,"relics_obtained":[{"floor":6.0,"key":"MawBank"},{"floor":8.0,"key":"Bag of Preparation"},{"floor":9.0,"key":"Strawberry"},{"floor":12.0,"key":"Juzu Bracelet"},{"floor":13.0,"key":"Odd Mushroom"},{"floor":26,"key":"Sundial"}],"event_choices":[{"damage_healed":0.0,"max_hp_gain":0.0,"max_hp_loss":0.0,"gold_gain":0.0,"event_name":"Upgrade Shrine","player_choice":"Upgraded","floor":2.0,"gold_loss":0.0,"damage_taken":0.0,"cards_upgraded":["Bash"]},{"damage_healed":0.0,"max_hp_gain":0.0,"max_hp_loss":0.0,"gold_gain":0.0,"event_name":"Living Wall","player_choice":"Grow","floor":5.0,"gold_loss":0.0,"damage_taken":0.0,"cards_upgraded":["Body Slam"]},{"damage_healed":0.0,"max_hp_gain":0.0,"max_hp_loss":0.0,"gold_gain":0.0,"event_name":"Mushrooms","player_choice":"Fought Mushrooms","floor":13.0,"gold_loss":0.0,"damage_taken":0.0},{"damage_healed":0,"gold_gain":0,"player_choice":"Became a vampire","damage_taken":0,"max_hp_gain":0,"max_hp_loss":24,"event_name":"Vampires","floor":19,"gold_loss":0,"cards_obtained":["Bite","Bite","Bite","Bite","Bite"]},{"damage_healed":0,"gold_gain":0,"player_choice":"Opened","damage_taken":0,"relics_obtained":["Question Card"],"max_hp_gain":0,"max_hp_loss":0,"event_name":"The Mausoleum","floor":21,"gold_loss":0},{"damage_healed":0,"gold_gain":0,"cards_transformed":["Defend_R"],"player_choice":"Transformed","damage_taken":0,"max_hp_gain":0,"max_hp_loss":0,"event_name":"Transmorgrifier","floor":24,"gold_loss":0,"cards_obtained":["Body Slam"]}],"is_beta":false,"boss_relics":[{"not_picked":["Busted Crown","Runic Cube"],"picked":"Orrery"}],"items_purged_floors":[10],"is_endless":false,"potions_floor_spawned":[1,3,12,13,14,18],"killed_by":"Gremlin Leader","ascension_level":8}