{"gold_per_floor":[99,23,35,49,49,49,65,98,121,121,46,46,58,72,72,172,172,186,186,285,305,305,336,348,360,360,385,385,385,48,59,59,59],"floor_reached":33,"playtime":1741,"items_purged":["Parasite"],"score":314,"play_id":"c5ff3204-117e-46af-83cd-af1868cf498d","local_time":"20190410235919","is_ascension_mode":false,"campfire_choices":[{"data":"Prepared","floor":6,"key":"SMITH"},{"data":"Slice","floor":10,"key":"SMITH"},{"data":"Tactician","floor":12,"key":"SMITH"},{"data":"Adrenaline","floor":15,"key":"SMITH"},{"floor":28,"key":"REST"},{"data":"Infinite Blades","floor":32,"key":"SMITH"}],"neow_cost":"NONE","seed_source_timestamp":307796394660745,"circlet_count":0,"master_deck":["Defend_G","Defend_G","Defend_G","Defend_G","Survivor","Neutralize","Flying Knee","Blade Dance+1","Backflip","Prepared+1","Predator","Tactician+1","Slice+1","Quick Slash","Adrenaline+1","Venomology","Slice+1","Flying Knee+1","Acrobatics+1","Bite","Bite","Bite","Bite","Bite","Night Terror","Infinite Blades+1","Skewer","Quick Slash+1"],"relics":["Cursed Key","Whetstone","Orichalcum","WristBlade","Potion Belt","Sundial","Omamori","Lee\u0027s Waffle","Bag of Preparation"],"potions_floor_usage":[16,16,16,19,21,21,23,23,23,25,25,27,27,27,33],"damage_taken":[{"damage":0,"enemies":"Small Slimes","floor":1,"turns":5},{"damage":1,"enemies":"Cultist","floor":3,"turns":4},{"damage":0,"enemies":"Jaw Worm","floor":4,"turns":3},{"damage":5,"enemies":"3 Louse","floor":7,"turns":4},{"damage":20,"enemies":"Lagavulin","floor":8,"turns":7},{"damage":0,"enemies":"Looter","floor":13,"turns":3},{"damage":0,"enemies":"Blue Slaver","floor":14,"turns":3},{"damage":14,"enemies":"Hexaghost","floor":16,"turns":10},{"damage":16,"enemies":"Spheric Guardian","floor":18,"turns":4},{"damage":5,"enemies":"3 Byrds","floor":19,"turns":4},{"damage":10,"enemies":"3 Cultists","floor":21,"turns":5},{"damage":34,"enemies":"Gremlin Leader","floor":23,"turns":5},{"damage":20,"enemies":"Sentry and Sphere","floor":24,"turns":5},{"damage":11,"enemies":"Shelled Parasite and Fungi","floor":25,"turns":5},{"damage":30,"enemies":"Slavers","floor":27,"turns":6},{"damage":0,"enemies":"Centurion and Healer","floor":31,"turns":3},{"damage":59,"enemies":"Collector","floor":33,"turns":5}],"seed_played":"-8771751232740921887","potions_obtained":[{"floor":4,"key":"SpeedPotion"},{"floor":7,"key":"PowerPotion"},{"floor":13,"key":"Regen Potion"},{"floor":16,"key":"GhostInAJar"},{"floor":21,"key":"SkillPotion"},{"floor":24,"key":"Weak Potion"},{"floor":31,"key":"Explosive Potion"}],"is_trial":false,"path_per_floor":["M","$","M","M","?","R","M","E","T","R","$","R","M","M","R","B",null,"M","M","?","M","?","E","M","M","T","E","R","?","$","M","R","B"],"character_chosen":"THE_SILENT","items_purchased":["Blade Dance","Backflip","Lee\u0027s Waffle","Bag of Preparation"],"campfire_rested":1,"item_purchase_floors":[2,2,30,30],"current_hp_per_floor":[70,70,69,69,69,69,64,44,44,44,44,44,44,44,44,45,67,51,46,46,36,36,26,18,27,27,11,24,24,53,53,53,0],"gold":59,"neow_bonus":"BOSS_RELIC","is_prod":false,"is_daily":false,"chose_seed":false,"campfire_upgraded":5,"win_rate":0.0,"timestamp":1554911959,"path_taken":["M","$","M","M","?","R","?","E","T","R","$","R","M","M","R","BOSS","M","M","?","M","?","E","M","M","T","E","R","?","$","M","R","BOSS"],"build_version":"2019-01-23","purchased_purges":1,"victory":false,"max_hp_per_floor":[70,70,70,70,70,70,70,70,70,70,67,67,67,67,67,67,67,67,67,67,67,46,46,46,46,46,46,46,46,53,53,53,53],"card_choices":[{"not_picked":["Quick Slash","Backflip"],"picked":"Flying Knee","floor":1},{"not_picked":["Dagger Throw","Bane"],"picked":"Prepared","floor":3},{"not_picked":["Outmaneuver","Acrobatics"],"picked":"Predator","floor":4},{"not_picked":["Leg Sweep","Backflip"],"picked":"Tactician","floor":7},{"not_picked":["Underhanded Strike","Noxious Fumes"],"picked":"Slice","floor":8},{"not_picked":["PiercingWail","Acrobatics"],"picked":"Quick Slash","floor":13},{"not_picked":["PiercingWail","Endless Agony"],"picked":"Adrenaline","floor":14},{"not_picked":["Malaise","Doppelganger"],"picked":"Venomology","floor":16},{"not_picked":["Crippling Poison","Flying Knee"],"picked":"Slice+1","floor":18},{"not_picked":["Reflex","Backflip"],"picked":"Flying Knee+1","floor":19},{"not_picked":["Terror","Flying Knee"],"picked":"Acrobatics+1","floor":21},{"not_picked":["Dagger Throw","Catalyst"],"picked":"Night Terror","floor":23},{"not_picked":["Masterful Stab","Terror+1","PiercingWail"],"picked":"SKIP","floor":24},{"not_picked":["Expertise","Flying Knee"],"picked":"Infinite Blades","floor":25},{"not_picked":["Acrobatics","Crippling Poison","Tools of the Trade"],"picked":"SKIP","floor":27},{"not_picked":["Sucker Punch","Outmaneuver"],"picked":"Quick Slash+1","floor":31}],"player_experience":12341,"relics_obtained":[{"floor":8,"key":"Whetstone"},{"floor":9,"key":"Orichalcum"},{"floor":23,"key":"Potion Belt"},{"floor":26,"key":"Sundial"},{"floor":27,"key":"Omamori"}],"event_choices":[{"damage_healed":0,"gold_gain":0,"player_choice":"Forge","damage_taken":0,"max_hp_gain":0,"max_hp_loss":0,"event_name":"Accursed Blacksmith","floor":5,"gold_loss":0,"cards_upgraded":["Blade Dance"]},{"damage_healed":0,"gold_gain":99,"player_choice":"Stole From Cult","damage_taken":0,"max_hp_gain":0,"max_hp_loss":0,"event_name":"Nest","floor":20,"gold_loss":0},{"damage_healed":0,"gold_gain":0,"player_choice":"Became a vampire","damage_taken":0,"max_hp_gain":0,"max_hp_loss":21,"event_name":"Vampires","floor":22,"gold_loss":0,"cards_obtained":["Bite","Bite","Bite","Bite","Bite"]},{"damage_healed":0,"gold_gain":0,"cards_transformed":["Injury","Defend_G"],"player_choice":"Became Test Subject","damage_taken":0,"max_hp_gain":0,"max_hp_loss":0,"event_name":"Drug Dealer","floor":29,"gold_loss":0,"cards_obtained":["Clumsy","Skewer"]}],"is_beta":false,"boss_relics":[{"not_picked":["HoveringKite","Fusion Hammer"],"picked":"WristBlade"}],"items_purged_floors":[11],"is_endless":false,"potions_floor_spawned":[4,7,13,14,16,21,24,31],"killed_by":"Collector","ascension_level":0}