{"gold_per_floor":[119,119,119,19,32,32,63,63,87,87,87,97,112,122,122,217,217,229,229,229,1,12,12],"floor_reached":23,"playtime":678,"items_purged":["Strike_G"],"score":214,"play_id":"59ecd095-26ee-4db3-9f01-c5070dcbbe23","local_time":"20190812174842","is_ascension_mode":false,"campfire_choices":[{"data":"Accuracy","floor":6,"key":"SMITH"},{"data":"Blade Dance","floor":8,"key":"SMITH"},{"data":"Footwork","floor":15,"key":"SMITH"}],"neow_cost":"NONE","seed_source_timestamp":649023698201803,"circlet_count":0,"master_deck":["Strike_G","Strike_G","Defend_G","Defend_G","Defend_G","Defend_G","Defend_G","Survivor","Neutralize","Calculated Gamble+1","Blade Dance+1","Accuracy+1","Blur","PiercingWail","Backflip","Footwork+1","Dagger Spray","Blade Dance","Tactician"],"relics":["Ring of the Snake","NeowsBlessing","Calipers","Art of War","Empty Cage"],"potions_floor_usage":[18,22,23],"damage_taken":[{"damage":0,"enemies":"Jaw Worm","floor":1,"turns":1},{"damage":0,"enemies":"Small Slimes","floor":5,"turns":1},{"damage":0,"enemies":"Gremlin Nob","floor":7,"turns":1},{"damage":0,"enemies":"2 Louse","floor":12,"turns":3},{"damage":0,"enemies":"Exordium Thugs","floor":13,"turns":3},{"damage":0,"enemies":"Blue Slaver","floor":14,"turns":5},{"damage":27,"enemies":"The Guardian","floor":16,"turns":22},{"damage":3,"enemies":"Shell Parasite","floor":18,"turns":9},{"damage":10,"enemies":"2 Thieves","floor":22,"turns":4},{"damage":62,"enemies":"Slavers","floor":23,"turns":3}],"seed_played":"6944814405036290152","potions_obtained":[{"floor":13,"key":"Fire Potion"},{"floor":16,"key":"GhostInAJar"}],"is_trial":false,"path_per_floor":["M","?","?","$","M","R","E","R","T","$","?","M","M","M","R","B",null,"M","?","?","$","M","E"],"character_chosen":"THE_SILENT","items_purchased":["Blade Dance","Accuracy","Tactician","Regen Potion"],"campfire_rested":0,"item_purchase_floors":[4,4,21,21],"current_hp_per_floor":[70,70,70,70,70,70,70,70,70,70,75,75,75,75,75,48,75,72,72,65,65,55,0],"gold":12,"neow_bonus":"THREE_ENEMY_KILL","is_prod":false,"is_daily":false,"chose_seed":false,"campfire_upgraded":3,"win_rate":0,"timestamp":1565603322,"path_taken":["M","?","?","$","M","R","E","R","T","$","?","M","M","M","R","BOSS","M","?","?","$","?","E"],"build_version":"2019-07-17","purchased_purges":1,"victory":false,"max_hp_per_floor":[70,70,70,70,70,70,70,70,70,70,75,75,75,75,75,75,75,75,75,75,75,75,75],"card_choices":[{"not_picked":["PiercingWail","Slice"],"picked":"Calculated Gamble","floor":1},{"not_picked":["Caltrops","Deadly Poison"],"picked":"Blur","floor":5},{"not_picked":["Flechettes","Backflip"],"picked":"PiercingWail","floor":7},{"not_picked":["Slice","Flechettes"],"picked":"Backflip","floor":12},{"not_picked":["Deadly Poison","Expertise"],"picked":"Footwork","floor":13},{"not_picked":["Bane","Distraction"],"picked":"Dagger Spray","floor":14},{"not_picked":["Outmaneuver","Underhanded Strike"],"picked":"Blade Dance","floor":18},{"not_picked":["Finisher","Skewer","Masterful Stab"],"picked":"SKIP","floor":22}],"player_experience":187359,"relics_obtained":[{"floor":7,"key":"Calipers"},{"floor":9,"key":"Art of War"}],"event_choices":[{"damage_healed":0,"gold_gain":0,"player_choice":"Leave","damage_taken":0,"max_hp_gain":0,"max_hp_loss":0,"event_name":"The Cleric","floor":2,"gold_loss":0},{"damage_healed":0,"gold_gain":0,"player_choice":"Grow","damage_taken":0,"max_hp_gain":0,"max_hp_loss":0,"event_name":"Living Wall","floor":3,"gold_loss":0,"cards_upgraded":["Calculated Gamble"]},{"damage_healed":0,"gold_gain":0,"player_choice":"Donut","damage_taken":0,"max_hp_gain":5,"max_hp_loss":0,"event_name":"Big Fish","floor":11,"gold_loss":0},{"damage_healed":0,"gold_gain":0,"player_choice":"Ignored","damage_taken":0,"max_hp_gain":0,"max_hp_loss":0,"event_name":"Ghosts","floor":19,"gold_loss":0},{"damage_healed":0,"gold_gain":0,"player_choice":"","damage_taken":7,"max_hp_gain":0,"max_hp_loss":0,"event_name":"Knowing Skull","floor":20,"potions_obtained":[],"gold_loss":0,"cards_obtained":[]}],"is_beta":false,"boss_relics":[{"not_picked":["Pandora\u0027s Box","Snecko Eye"],"picked":"Empty Cage"}],"items_purged_floors":[21],"is_endless":false,"potions_floor_spawned":[13,16],"killed_by":"Slavers","ascension_level":0}