{"gold_per_floor":[114,133,150,150,59,59,6,22,48,58,58,58,72,90,90,191,191,211,96,96,115,115,115,146,163,163,163,15,31,31,31],"floor_reached":31,"playtime":1587,"items_purged":["Strike_R"],"score":249,"play_id":"d91fc5f4-ca26-49be-b906-4872d4f500f0","local_time":"20190410184939","is_ascension_mode":false,"campfire_choices":[{"data":"Metallicize","floor":6,"key":"SMITH"},{"data":"Pommel Strike","floor":12,"key":"SMITH"},{"data":"Anger","floor":15,"key":"SMITH"},{"floor":23,"key":"REST"}],"neow_cost":"","seed_source_timestamp":289349873047785,"circlet_count":0,"master_deck":["Strike_R","Strike_R","Strike_R","Defend_R","Defend_R","Defend_R","Defend_R","Bash","Pommel Strike+1","Cleave","Clash","Metallicize+1","Body Slam","Power Through","Rampage","Anger+1","Barricade","Clothesline","Entrench","Shrug It Off","Anger","Iron Wave+1","True Grit","Dark Embrace","Decay"],"relics":["Burning Blood","Potion Belt","Bronze Scales","Lantern","Philosopher\u0027s Stone","Enchiridion","Pen Nib","Shuriken","Blood Vial"],"potions_floor_usage":[22,25,29],"damage_taken":[{"damage":0,"enemies":"Small Slimes","floor":1,"turns":3},{"damage":5,"enemies":"2 Louse","floor":2,"turns":3},{"damage":1,"enemies":"Cultist","floor":3,"turns":3},{"damage":7,"enemies":"2 Fungi Beasts","floor":8,"turns":6},{"damage":8,"enemies":"Blue Slaver","floor":10,"turns":3},{"damage":6,"enemies":"Large Slime","floor":13,"turns":6},{"damage":8,"enemies":"Gremlin Gang","floor":14,"turns":3},{"damage":53,"enemies":"The Guardian","floor":16,"turns":12},{"damage":21,"enemies":"2 Thieves","floor":18,"turns":4},{"damage":4,"enemies":"Chosen","floor":21,"turns":5},{"damage":30,"enemies":"Snake Plant","floor":22,"turns":5},{"damage":30,"enemies":"Gremlin Leader","floor":24,"turns":6},{"damage":20,"enemies":"3 Cultists","floor":25,"turns":7},{"damage":11,"enemies":"Centurion and Healer","floor":29,"turns":4},{"damage":15,"enemies":"Shelled Parasite and Fungi","floor":31,"turns":2}],"seed_played":"-2448828544632287779","potions_obtained":[{"floor":2,"key":"SkillPotion"},{"floor":3,"key":"Explosive Potion"},{"floor":13,"key":"Swift Potion"},{"floor":16,"key":"Energy Potion"},{"floor":18,"key":"Swift Potion"},{"floor":21,"key":"GamblersBrew"},{"floor":29,"key":"Swift Potion"}],"is_trial":false,"path_per_floor":["M","M","M","?","$","R","?","M","T","M","?","R","M","M","R","B",null,"M","$","?","M","M","R","E","M","T","?","$","M","?","M"],"character_chosen":"IRONCLAD","items_purchased":["Metallicize","Body Slam","Entrench","Blood Vial"],"campfire_rested":1,"item_purchase_floors":[5,5,19,28],"current_hp_per_floor":[80,80,80,80,80,80,80,79,79,77,70,70,70,68,68,21,80,65,65,49,51,27,51,27,13,13,13,13,10,10,0],"gold":31,"neow_bonus":"","is_prod":false,"is_daily":false,"chose_seed":false,"campfire_upgraded":3,"win_rate":0.0,"timestamp":1554893379,"path_taken":["M","M","M","?","$","R","?","?","T","M","?","R","M","M","R","BOSS","M","$","?","M","M","R","E","M","T","?","$","M","?","M"],"build_version":"2019-01-23","purchased_purges":1,"victory":false,"max_hp_per_floor":[80,80,80,80,80,80,80,80,80,80,80,80,80,80,80,80,80,80,80,80,80,80,80,80,80,80,80,80,80,80,80],"card_choices":[{"not_picked":["Twin Strike","Ghostly Armor"],"picked":"Pommel Strike","floor":1},{"not_picked":["Twin Strike","Perfected Strike"],"picked":"Cleave","floor":2},{"not_picked":["Body Slam","Pummel"],"picked":"Clash","floor":3},{"not_picked":["Bloodletting","Perfected Strike"],"picked":"Power Through","floor":8},{"not_picked":["Dropkick","Ghostly Armor","Warcry"],"picked":"SKIP","floor":10},{"not_picked":["Headbutt","Whirlwind"],"picked":"Rampage","floor":13},{"not_picked":["Shockwave","Perfected Strike"],"picked":"Anger","floor":14},{"not_picked":["Bludgeon","Berserk"],"picked":"Barricade","floor":16},{"not_picked":["Power Through","Flex"],"picked":"Clothesline","floor":18},{"not_picked":["True Grit","Combust"],"picked":"Shrug It Off","floor":21},{"not_picked":["Carnage","Clothesline"],"picked":"Anger","floor":22},{"not_picked":["Rupture+1","Bloodletting"],"picked":"Iron Wave+1","floor":24},{"not_picked":["Second Wind","Uppercut"],"picked":"True Grit","floor":25},{"not_picked":["Thunderclap","Armaments+1"],"picked":"Dark Embrace","floor":29}],"player_experience":0,"relics_obtained":[{"floor":9,"key":"Bronze Scales"},{"floor":20,"key":"Enchiridion"},{"floor":24,"key":"Pen Nib"},{"floor":26,"key":"Shuriken"}],"event_choices":[{"damage_healed":0,"gold_gain":0,"player_choice":"Ignored","damage_taken":0,"max_hp_gain":0,"max_hp_loss":0,"event_name":"Liars Game","floor":4,"gold_loss":0},{"damage_healed":0,"gold_gain":0,"player_choice":"Paid Gold","damage_taken":0,"relics_obtained":["Potion Belt"],"max_hp_gain":0,"max_hp_loss":0,"event_name":"WeMeetAgain","floor":7,"gold_loss":53},{"damage_healed":0,"gold_gain":0,"player_choice":"Success","damage_taken":7,"relics_obtained":["Lantern"],"max_hp_gain":0,"max_hp_loss":0,"event_name":"Scrap Ooze","floor":11,"gold_loss":0},{"damage_healed":0,"gold_gain":0,"player_choice":"Obtained Book","damage_taken":16,"max_hp_gain":0,"max_hp_loss":0,"event_name":"Cursed Tome","floor":20,"gold_loss":0},{"cards_removed":["Strike_R"],"damage_healed":0,"gold_gain":0,"player_choice":"Elegance","damage_taken":0,"max_hp_gain":0,"max_hp_loss":0,"event_name":"Back to Basics","floor":27,"gold_loss":0},{"damage_healed":0,"gold_gain":0,"player_choice":"Smashed Altar","damage_taken":0,"max_hp_gain":0,"max_hp_loss":0,"event_name":"Forgotten Altar","floor":30,"gold_loss":0,"cards_obtained":["Decay"]}],"is_beta":false,"boss_relics":[{"not_picked":["Tiny House","Ectoplasm"],"picked":"Philosopher\u0027s Stone"}],"items_purged_floors":[19],"is_endless":false,"potions_floor_spawned":[2,3,13,16,18,21,29],"killed_by":"Shelled Parasite and Fungi","ascension_level":0}