{"gold_per_floor":[115,125,125,125,23,61,61,79,79,79,103,124,75,100,100,220,220,244,92,92,106,122,122,142,166,218,218,242,275,275],"floor_reached":30,"playtime":2219,"items_purged":["Injury","Strike_R"],"score":391,"play_id":"c5ce7b1c-a95d-47df-b4e3-34d486f61b46","local_time":"20190802212358","is_ascension_mode":true,"campfire_choices":[{"data":"Double Tap","floor":10.0,"key":"SMITH"},{"data":"Heavy Blade","floor":15.0,"key":"SMITH"},{"data":"Heavy Blade","floor":23,"key":"SMITH"},{"floor":27,"key":"REST"}],"neow_cost":"NONE","seed_source_timestamp":0,"circlet_count":0,"master_deck":["Strike_R","Strike_R","Strike_R","Defend_R","Defend_R","Defend_R","Defend_R","Bash","Spot Weakness","Shrug It Off","Cleave","Double Tap+1","Disarm","Ghostly Armor","Heavy Blade+1","Shrug It Off","Brutality","Iron Wave+1","Heavy Blade+1","Armaments+1","Shockwave+1","Heavy Blade","True Grit+1","Shrug It Off","Whirlwind+1"],"special_seed":0,"relics":["Burning Blood","NeowsBlessing","Magic Flower","Golden Idol","Omamori","Ornamental Fan","Mark of Pain","Potion Belt","Vajra"],"potions_floor_usage":[18,22,22,28],"damage_taken":[{"damage":0.0,"enemies":"Small Slimes","floor":1.0,"turns":1.0},{"damage":0.0,"enemies":"Cultist","floor":2.0,"turns":1.0},{"damage":0.0,"enemies":"Gremlin Nob","floor":6.0,"turns":1.0},{"damage":6.0,"enemies":"Jaw Worm","floor":8.0,"turns":4.0},{"damage":9.0,"enemies":"Blue Slaver","floor":11.0,"turns":4.0},{"damage":21.0,"enemies":"Exordium Thugs","floor":12.0,"turns":6.0},{"damage":18.0,"enemies":"Large Slime","floor":14.0,"turns":4.0},{"damage":15.0,"enemies":"The Guardian","floor":16.0,"turns":12.0},{"damage":8,"enemies":"3 Byrds","floor":18,"turns":5},{"damage":13,"enemies":"Spheric Guardian","floor":21,"turns":4},{"damage":14,"enemies":"Shelled Parasite and Fungi","floor":22,"turns":5},{"damage":33,"enemies":"Cultist and Chosen","floor":24,"turns":7},{"damage":16,"enemies":"Snecko","floor":25,"turns":7},{"damage":19,"enemies":"Chosen and Byrds","floor":28,"turns":7},{"damage":44,"enemies":"Slavers","floor":29,"turns":7},{"damage":14,"enemies":"Snake Plant","floor":30,"turns":1}],"seed_played":"7850767177804579171","potions_obtained":[{"floor":1.0,"key":"SteroidPotion"},{"floor":6.0,"key":"FearPotion"},{"floor":12.0,"key":"Fire Potion"},{"floor":16.0,"key":"Swift Potion"},{"floor":18,"key":"SpeedPotion"},{"floor":25,"key":"Fire Potion"}],"is_trial":false,"path_per_floor":["M","M","?","?","$","E","?","M","T","R","M","M","$","M","R","B",null,"M","$","?","M","M","R","M","M","T","R","M","E","M"],"character_chosen":"IRONCLAD","items_purchased":["Shrug It Off","Shrug It Off","Heavy Blade"],"campfire_rested":1,"item_purchase_floors":[5,13,19],"current_hp_per_floor":[78,80,68,68,68,77,77,80,80,80,80,68,68,59,59,53,73,74,74,74,70,65,65,41,34,34,58,48,13,0],"gold":275,"neow_bonus":"THREE_ENEMY_KILL","is_prod":false,"is_daily":false,"chose_seed":false,"campfire_upgraded":3,"win_rate":0,"timestamp":1564802638,"path_taken":["M","M","?","?","$","E","?","?","T","R","M","M","$","M","R","BOSS","M","$","?","M","M","R","M","M","T","R","M","E","?"],"build_version":"2019-07-17","purchased_purges":2,"victory":false,"max_hp_per_floor":[80,80,80,80,80,80,80,80,80,80,80,80,80,80,80,80,80,80,80,80,80,80,80,80,80,80,80,80,80,80],"card_choices":[{"not_picked":["True Grit","Rage"],"picked":"Spot Weakness","floor":1.0},{"not_picked":["Power Through","Feel No Pain","Twin Strike"],"picked":"SKIP","floor":2.0},{"not_picked":["Iron Wave","Berserk"],"picked":"Cleave","floor":6.0},{"not_picked":["Thunderclap","Havoc"],"picked":"Disarm","floor":8.0},{"not_picked":["True Grit","Body Slam"],"picked":"Ghostly Armor","floor":11.0},{"not_picked":["Iron Wave","Rage"],"picked":"Heavy Blade","floor":12.0},{"not_picked":["Dropkick","Pommel Strike","Clash"],"picked":"SKIP","floor":14.0},{"not_picked":["Exhume","Juggernaut"],"picked":"Brutality","floor":16.0},{"not_picked":["Thunderclap+1","Shrug It Off"],"picked":"Iron Wave+1","floor":18},{"not_picked":["Clash","Anger"],"picked":"Armaments+1","floor":21},{"not_picked":["Pommel Strike","Armaments"],"picked":"Shockwave+1","floor":22},{"not_picked":["Exhume","Thunderclap"],"picked":"Heavy Blade","floor":24},{"not_picked":["Flex+1","Body Slam"],"picked":"True Grit+1","floor":25},{"not_picked":["Clothesline","Twin Strike"],"picked":"Shrug It Off","floor":28},{"not_picked":["Clothesline","Seeing Red"],"picked":"Whirlwind+1","floor":29}],"player_experience":2089352,"relics_obtained":[{"floor":6.0,"key":"Omamori"},{"floor":9.0,"key":"Ornamental Fan"},{"floor":26,"key":"Potion Belt"},{"floor":29,"key":"Vajra"}],"event_choices":[{"damage_healed":0.0,"max_hp_gain":0.0,"max_hp_loss":0.0,"gold_gain":0.0,"event_name":"Scrap Ooze","player_choice":"Success","floor":3.0,"gold_loss":0.0,"damage_taken":12.0,"relics_obtained":["Magic Flower"]},{"damage_healed":0.0,"max_hp_gain":0.0,"max_hp_loss":0.0,"gold_gain":0.0,"event_name":"Golden Idol","player_choice":"Take Wound","floor":4.0,"gold_loss":0.0,"damage_taken":0.0,"relics_obtained":["Golden Idol"],"cards_obtained":["Injury"]},{"damage_healed":0.0,"max_hp_gain":0.0,"max_hp_loss":0.0,"gold_gain":0.0,"event_name":"Match and Keep!","player_choice":"1 cards matched","floor":7.0,"gold_loss":0.0,"damage_taken":0.0,"cards_obtained":["Double Tap"]},{"cards_removed":["Strike_R"],"damage_healed":0,"gold_gain":0,"player_choice":"Purged","damage_taken":0,"max_hp_gain":0,"max_hp_loss":0,"event_name":"Purifier","floor":20,"gold_loss":0}],"is_beta":false,"boss_relics":[{"not_picked":["Ectoplasm","Runic Dome"],"picked":"Mark of Pain"}],"items_purged_floors":[5,19],"is_endless":false,"potions_floor_spawned":[1,6,12,16,18,25],"killed_by":"Snake Plant","ascension_level":8}