{"gold_per_floor":[110,130,130,146,146,146,166,166,220,243,243,276,276,309,309,434,434,429,450,36,36,36,36,79,79,103,16,36,56,56,56,56,176,176,194,213,279,86,86,117,5,23,48,60,103,0,12,40,52,64],"floor_reached":51,"playtime":7445,"items_purged":["Strike_G","Shame","Defend_G","Strike_G"],"score":953,"play_id":"a04ac1c3-7c62-4557-8229-3ca169280a2d","local_time":"20181210172407","is_ascension_mode":true,"campfire_choices":[{"data":"Dash","floor":6.0,"key":"SMITH"},{"data":"Blur","floor":8.0,"key":"SMITH"},{"data":"Neutralize","floor":11.0,"key":"SMITH"},{"floor":15.0,"key":"REST"},{"data":"Dash","floor":23.0,"key":"SMITH"},{"data":"Caltrops","floor":25.0,"key":"SMITH"},{"floor":32.0,"key":"REST"},{"floor":44,"key":"REST"},{"data":"Predator","floor":49,"key":"SMITH"}],"neow_cost":"TEN_PERCENT_HP_LOSS","seed_source_timestamp":0,"circlet_count":0,"master_deck":["Defend_G+1","Defend_G+1","Survivor","Neutralize+1","Caltrops+1","Cloak And Dagger","Dash+1","Blur+1","Dash+1","Bouncing Flask","Backflip","After Image","Cloak And Dagger+1","Underhanded Strike","Footwork","Blur","Footwork+1","Predator+1","Leg Sweep","Sucker Punch","Night Terror","Acrobatics+1","Outmaneuver+1","Caltrops+1","Noxious Fumes","PiercingWail","Crippling Poison"],"special_seed":0,"relics":["Ring of the Serpent","Golden Idol","Strawberry","Juzu Bracelet","Tough Bandages","Snecko Eye","Membership Card","Meat on the Bone","War Paint","Gremlin Horn","Bronze Scales","Incense Burner","Mummified Hand","Torii","MawBank","Oddly Smooth Stone","Red Mask"],"potions_floor_usage":[42,45,50],"damage_taken":[{"damage":2.0,"enemies":"Jaw Worm","floor":1.0,"turns":7.0},{"damage":0.0,"enemies":"2 Louse","floor":2.0,"turns":3.0},{"damage":1.0,"enemies":"Small Slimes","floor":4.0,"turns":6.0},{"damage":0.0,"enemies":"2 Fungi Beasts","floor":7.0,"turns":4.0},{"damage":5.0,"enemies":"Exordium Wildlife","floor":10.0,"turns":5.0},{"damage":12.0,"enemies":"Lagavulin","floor":12.0,"turns":9.0},{"damage":3.0,"enemies":"3 Sentries","floor":14.0,"turns":9.0},{"damage":6.0,"enemies":"Hexaghost","floor":16.0,"turns":10.0},{"damage":3.0,"enemies":"2 Thieves","floor":18.0,"turns":4.0},{"damage":0.0,"enemies":"3 Byrds","floor":19.0,"turns":4.0},{"damage":47.0,"enemies":"Gremlin Leader","floor":24.0,"turns":9.0},{"damage":3.0,"enemies":"Shelled Parasite and Fungi","floor":28.0,"turns":4.0},{"damage":0.0,"enemies":"Sentry and Sphere","floor":29.0,"turns":5.0},{"damage":3.0,"enemies":"Champ","floor":33.0,"turns":14.0},{"damage":1.0,"enemies":"3 Darklings","floor":35.0,"turns":5.0},{"damage":0.0,"enemies":"Orb Walker","floor":36.0,"turns":4.0},{"damage":26.0,"enemies":"2 Orb Walkers","floor":37.0,"turns":5.0},{"damage":0,"enemies":"Reptomancer","floor":40,"turns":5},{"damage":0,"enemies":"Writhing Mass","floor":42,"turns":6},{"damage":2,"enemies":"Giant Head","floor":45,"turns":10},{"damage":0,"enemies":"3 Darklings","floor":48,"turns":4},{"damage":1,"enemies":"Time Eater","floor":50,"turns":12}],"seed_played":"-544451312339950021","potions_obtained":[{"floor":2.0,"key":"SkillPotion"},{"floor":4.0,"key":"GamblersBrew"},{"floor":12.0,"key":"Explosive Potion"},{"floor":14.0,"key":"AttackPotion"},{"floor":16.0,"key":"SteroidPotion"},{"floor":18.0,"key":"Fruit Juice"},{"floor":28.0,"key":"AttackPotion"},{"floor":33.0,"key":"GhostInAJar"},{"floor":35.0,"key":"GhostInAJar"},{"floor":36.0,"key":"Ancient Potion"},{"floor":40,"key":"FearPotion"},{"floor":48,"key":"PowerPotion"}],"is_trial":false,"path_per_floor":["M","M","M","?","M","?","R","M","R","T","M","R","E","?","E","R","B",null,"M","M","$","?","?","R","E","R","T","$","M","M","?","?","R","B",null,"M","M","?","$","?","E","$","M","T","R","E","?","?","M","R","B",null],"character_chosen":"THE_SILENT","items_purchased":["Membership Card","Meat on the Bone","Footwork","Mummified Hand","Noxious Fumes"],"campfire_rested":3,"item_purchase_floors":[20,20,27,38,41],"current_hp_per_floor":[61,61,54,53,53,53,53,53,60,55,55,43,43,40,61,55,66,68,68,68,68,68,68,33,33,33,33,42,42,42,42,64,61,72,71,71,45,45,45,45,45,45,45,67,65,65,65,65,65,64],"gold":76,"neow_bonus":"REMOVE_TWO","is_prod":false,"is_daily":false,"chose_seed":false,"campfire_upgraded":6,"win_rate":0,"timestamp":1544491447,"path_taken":["M","M","?","M","?","R","M","R","T","M","R","E","?","E","R","BOSS","M","M","$","?","?","R","E","R","T","$","M","M","?","?","R","BOSS","M","M","?","?","?","E","$","M","T","R","E","?","?","M","R","BOSS"],"build_version":"2018-12-06","purchased_purges":4,"victory":true,"max_hp_per_floor":[63,63,63,63,63,63,63,63,70,70,70,70,70,70,70,70,70,75,75,75,75,75,75,75,75,75,75,75,75,75,75,75,75,75,75,75,75,75,75,75,75,75,75,75,75,75,75,75,75,75],"card_choices":[{"not_picked":["Underhanded Strike","Sucker Punch"],"picked":"Caltrops","floor":1.0},{"not_picked":["PiercingWail","Wraith Form v2"],"picked":"Cloak And Dagger","floor":2.0},{"not_picked":["Poisoned Stab","Deflect"],"picked":"Dash","floor":4.0},{"not_picked":["Dagger Spray","Cloak And Dagger"],"picked":"Blur","floor":7.0},{"not_picked":["Cloak And Dagger","Quick Slash"],"picked":"Dash","floor":10.0},{"not_picked":["Deadly Poison","Underhanded Strike"],"picked":"Bouncing Flask","floor":12.0},{"not_picked":["Concentrate","Poisoned Stab"],"picked":"Backflip","floor":14.0},{"not_picked":["Grand Finale","Bullet Time"],"picked":"After Image","floor":16.0},{"not_picked":["Calculated Gamble","Deadly Poison"],"picked":"Cloak And Dagger+1","floor":18.0},{"not_picked":["Dagger Spray","Poisoned Stab","Deadly Poison"],"picked":"SKIP","floor":19.0},{"not_picked":["Deflect","Bane"],"picked":"Underhanded Strike","floor":24.0},{"not_picked":["Deflect+1","Dagger Throw+1"],"picked":"Blur","floor":28.0},{"not_picked":["Concentrate","Dodge and Roll"],"picked":"Footwork+1","floor":29.0},{"not_picked":["Adrenaline","Storm of Steel"],"picked":"Night Terror","floor":33.0},{"not_picked":["Prepared","Dagger Throw"],"picked":"Acrobatics+1","floor":35.0},{"not_picked":["Slice+1","Catalyst+1"],"picked":"Outmaneuver+1","floor":36.0},{"not_picked":["Dagger Throw+1","Expertise+1"],"picked":"Backflip+1","floor":37.0},{"not_picked":["Reflex+1","Acrobatics+1","Predator"],"picked":"SKIP","floor":40},{"not_picked":["Tactician","Outmaneuver+1"],"picked":"PiercingWail","floor":42},{"not_picked":["Masterful Stab","PiercingWail+1","Prepared+1"],"picked":"SKIP","floor":45},{"not_picked":["Cloak And Dagger+1","Caltrops+1"],"picked":"Crippling Poison","floor":48}],"player_experience":398119,"relics_obtained":[{"floor":9.0,"key":"Strawberry"},{"floor":12.0,"key":"Juzu Bracelet"},{"floor":14.0,"key":"Tough Bandages"},{"floor":24.0,"key":"Gremlin Horn"},{"floor":26.0,"key":"Bronze Scales"},{"floor":37.0,"key":"Incense Burner"},{"floor":40,"key":"Torii"},{"floor":43,"key":"MawBank"},{"floor":45,"key":"Oddly Smooth Stone"}],"event_choices":[{"cards_removed":["Strike_G"],"damage_healed":0.0,"max_hp_gain":0.0,"max_hp_loss":0.0,"gold_gain":0.0,"event_name":"Golden Wing","player_choice":"Card Removal","floor":3.0,"gold_loss":0.0,"damage_taken":7.0},{"damage_healed":0.0,"max_hp_gain":0.0,"max_hp_loss":0.0,"gold_gain":0.0,"event_name":"Golden Idol","player_choice":"Take Wound","floor":5.0,"gold_loss":0.0,"damage_taken":0.0,"relics_obtained":["Golden Idol"],"cards_obtained":["Injury"]},{"cards_removed":["Injury"],"damage_healed":0.0,"max_hp_gain":0.0,"max_hp_loss":0.0,"gold_gain":0.0,"event_name":"Living Wall","player_choice":"Forget","floor":13.0,"gold_loss":0.0,"damage_taken":0.0},{"damage_healed":0.0,"max_hp_gain":0.0,"max_hp_loss":0.0,"gold_gain":0.0,"event_name":"Addict","player_choice":"Stole Relic","floor":21.0,"gold_loss":0.0,"damage_taken":0.0,"relics_obtained":["War Paint"],"cards_obtained":["Shame"]},{"damage_healed":0.0,"max_hp_gain":0.0,"max_hp_loss":0.0,"gold_gain":0.0,"event_name":"Beggar","player_choice":"Ignored","floor":22.0,"gold_loss":0.0,"damage_taken":0.0},{"damage_healed":0.0,"max_hp_gain":0.0,"max_hp_loss":0.0,"gold_gain":0.0,"event_name":"The Library","player_choice":"Read","floor":30.0,"gold_loss":0.0,"damage_taken":0.0,"cards_obtained":["Predator"]},{"damage_healed":0.0,"max_hp_gain":0.0,"max_hp_loss":0.0,"gold_gain":0.0,"cards_transformed":["Defend_G","Strike_G"],"event_name":"Drug Dealer","player_choice":"Became Test Subject","floor":31.0,"gold_loss":0.0,"damage_taken":0.0,"cards_obtained":["Leg Sweep","Sucker Punch"]},{"damage_healed":0.0,"max_hp_gain":0.0,"max_hp_loss":0.0,"gold_gain":0.0,"event_name":"Mysterious Sphere","player_choice":"Fight","floor":37.0,"gold_loss":0.0,"damage_taken":0.0},{"damage_healed":0.0,"max_hp_gain":0.0,"max_hp_loss":0.0,"gold_gain":0.0,"event_name":"Duplicator","player_choice":"Copied","floor":39.0,"gold_loss":0.0,"damage_taken":0.0,"cards_obtained":["Caltrops"]},{"damage_healed":0,"gold_gain":0,"player_choice":"Paid","damage_taken":0,"relics_obtained":["Red Mask"],"max_hp_gain":0,"max_hp_loss":0,"event_name":"Tomb of Lord Red Mask","floor":46,"gold_loss":115},{"cards_removed":["Backflip"],"damage_healed":0,"gold_gain":0,"player_choice":"Removed Skill","damage_taken":0,"max_hp_gain":0,"max_hp_loss":0,"event_name":"Falling","floor":47,"gold_loss":0}],"is_beta":false,"boss_relics":[{"not_picked":["Cursed Key","Ectoplasm"],"picked":"Snecko Eye"},{"not_picked":["WristBlade","Coffee Dripper"],"picked":"Ring of the Serpent"}],"items_purged_floors":[20,27,38,41],"is_endless":false,"potions_floor_spawned":[2,4,12,14,16,18,28,33,35,36,40,48],"ascension_level":7}