{"gold_per_floor":[110,110,122,50,50,65,43,57,83,94,107,107,31,45,45,145,145,135,135,151,162,178,178,194,194,263,274,20,20,20,20,20,20],"floor_reached":33,"playtime":1300,"items_purged":[],"score":241,"play_id":"2be21ee5-a5d4-41d2-bdb0-fae8324ad44a","local_time":"20190812192953","is_ascension_mode":false,"campfire_choices":[{"floor":12,"key":"REST"},{"data":"Noxious Fumes","floor":15,"key":"SMITH"},{"floor":23,"key":"REST"},{"floor":25,"key":"REST"},{"floor":30,"key":"REST"},{"floor":32,"key":"REST"}],"neow_cost":"NONE","seed_source_timestamp":654472034747075,"circlet_count":0,"master_deck":["Strike_G","Strike_G","Strike_G","Strike_G","Defend_G","Defend_G","Defend_G","Defend_G","Defend_G","Survivor","Neutralize","Backflip","Neutralize","Good Instincts","Accuracy","Footwork","Blade Dance","Blade Dance","Noxious Fumes+1","Well Laid Plans","Cloak And Dagger","Prepared","Cloak And Dagger"],"relics":["Ring of the Snake","NeowsBlessing","Art of War","Smiling Mask","WristBlade","Bottled Tornado","Bottled Lightning"],"potions_floor_usage":[10,16,16,22,27,33,33],"damage_taken":[{"damage":0,"enemies":"2 Louse","floor":1,"turns":1},{"damage":0,"enemies":"Cultist","floor":3,"turns":1},{"damage":0,"enemies":"Small Slimes","floor":6,"turns":1},{"damage":12,"enemies":"Exordium Wildlife","floor":8,"turns":8},{"damage":7,"enemies":"Lots of Slimes","floor":10,"turns":6},{"damage":6,"enemies":"Large Slime","floor":11,"turns":9},{"damage":0,"enemies":"3 Louse","floor":14,"turns":4},{"damage":8,"enemies":"Slime Boss","floor":16,"turns":13},{"damage":21,"enemies":"2 Thieves","floor":18,"turns":5},{"damage":3,"enemies":"Shell Parasite","floor":20,"turns":6},{"damage":3,"enemies":"Centurion and Healer","floor":21,"turns":8},{"damage":26,"enemies":"Sentry and Sphere","floor":22,"turns":7},{"damage":24,"enemies":"Chosen and Byrds","floor":24,"turns":7},{"damage":28,"enemies":"3 Cultists","floor":27,"turns":7},{"damage":30,"enemies":"Champ","floor":33,"turns":14}],"seed_played":"6143773407755126718","potions_obtained":[{"floor":1,"key":"PowerPotion"},{"floor":6,"key":"Energy Potion"},{"floor":10,"key":"SkillPotion"},{"floor":16,"key":"SpeedPotion"},{"floor":18,"key":"Strength Potion"},{"floor":20,"key":"SkillPotion"},{"floor":22,"key":"LiquidBronze"}],"is_trial":false,"path_per_floor":["M","?","M","$","?","M","?","M","T","M","M","R","$","M","R","B",null,"M","?","M","M","M","R","M","R","T","M","$","?","R","?","R","B"],"character_chosen":"THE_SILENT","items_purchased":["Accuracy","Noxious Fumes","Bottled Lightning"],"campfire_rested":5,"item_purchase_floors":[4,13,28],"current_hp_per_floor":[70,70,70,70,58,58,58,46,46,39,33,54,54,54,54,46,70,49,49,46,43,17,38,14,35,35,7,7,7,28,15,37,7],"gold":20,"neow_bonus":"THREE_ENEMY_KILL","is_prod":false,"is_daily":false,"chose_seed":false,"campfire_upgraded":1,"win_rate":0,"timestamp":1565609393,"path_taken":["M","?","?","$","?","M","?","M","T","M","M","R","$","M","R","BOSS","M","?","M","M","?","R","M","R","T","M","$","?","R","?","R","BOSS"],"build_version":"2019-07-17","purchased_purges":0,"victory":false,"max_hp_per_floor":[70,70,70,70,70,70,70,70,70,70,70,70,70,70,70,70,70,70,70,70,70,70,70,70,70,70,70,70,70,70,75,75,75],"card_choices":[{"not_picked":["Catalyst","Crippling Poison"],"picked":"Backflip","floor":1},{"not_picked":["Dagger Throw","Flying Knee","Leg Sweep"],"picked":"SKIP","floor":3},{"not_picked":["Blade Dance","Dagger Spray"],"picked":"Footwork","floor":6},{"not_picked":["Slice","Outmaneuver"],"picked":"Blade Dance","floor":8},{"not_picked":["Outmaneuver","Deadly Poison","Dagger Throw"],"picked":"SKIP","floor":10},{"not_picked":["Prepared","Poisoned Stab"],"picked":"Blade Dance","floor":11},{"not_picked":["Wraith Form v2","Slice"],"picked":"Well Laid Plans","floor":14},{"not_picked":["Deflect","Blade Dance+1"],"picked":"Cloak And Dagger","floor":18},{"not_picked":["Underhanded Strike","Eviscerate+1","Dodge and Roll"],"picked":"SKIP","floor":20},{"not_picked":["Catalyst","Acrobatics"],"picked":"Prepared","floor":21},{"not_picked":["Dagger Spray","Dash","Expertise+1"],"picked":"SKIP","floor":22},{"not_picked":["Setup+1","Bane","Slice"],"picked":"SKIP","floor":24},{"not_picked":["Bane+1","Quick Slash"],"picked":"Cloak And Dagger","floor":27}],"player_experience":192713,"relics_obtained":[{"floor":9,"key":"Smiling Mask"},{"floor":26,"key":"Bottled Tornado"}],"event_choices":[{"damage_healed":0,"gold_gain":0,"player_choice":"2 cards matched","damage_taken":0,"max_hp_gain":0,"max_hp_loss":0,"event_name":"Match and Keep!","floor":2,"gold_loss":0,"cards_obtained":["Neutralize","Good Instincts"]},{"damage_healed":0,"gold_gain":0,"player_choice":"Success","damage_taken":12,"relics_obtained":["Art of War"],"max_hp_gain":0,"max_hp_loss":0,"event_name":"Scrap Ooze","floor":5,"gold_loss":0},{"damage_healed":0,"gold_gain":0,"player_choice":"Left Gold","damage_taken":0,"max_hp_gain":0,"max_hp_loss":0,"event_name":"World of Goop","floor":7,"gold_loss":22},{"cards_removed":["Strike_G"],"damage_healed":0,"gold_gain":0,"player_choice":"Offered Basic","damage_taken":0,"max_hp_gain":0,"max_hp_loss":0,"event_name":"Bonfire Elementals","floor":19,"gold_loss":0},{"damage_healed":0,"gold_gain":0,"player_choice":"Ignored","damage_taken":0,"max_hp_gain":0,"max_hp_loss":0,"event_name":"Cursed Tome","floor":29,"gold_loss":0},{"damage_healed":0,"gold_gain":0,"player_choice":"Shed Blood","damage_taken":18,"max_hp_gain":5,"max_hp_loss":0,"event_name":"Forgotten Altar","floor":31,"gold_loss":0}],"is_beta":false,"boss_relics":[{"not_picked":["Calling Bell","Astrolabe"],"picked":"WristBlade"}],"items_purged_floors":[],"is_endless":false,"potions_floor_spawned":[1,6,10,16,18,20,22],"killed_by":"Champ","ascension_level":0}