{"gold_per_floor":[117,134,145,19,35,35,66,31,31,43,67,98,110,140,152,284,296,327,357,123,139,160,160,160],"floor_reached":24,"playtime":997,"items_purged":["Strike_R","Pain"],"score":212,"play_id":"9db4a5ee-ab10-4803-8862-c8f980594480","local_time":"20190419095257","is_ascension_mode":true,"campfire_choices":[{"data":"Fire Breathing","floor":6,"key":"SMITH"},{"floor":15,"key":"REST"},{"floor":23,"key":"REST"}],"neow_cost":"NONE","seed_source_timestamp":255915134125833,"circlet_count":0,"master_deck":["Strike_R","Strike_R","Strike_R","Strike_R","Defend_R","Defend_R","Defend_R","Defend_R","Bash","Demon Form","Armaments","Fire Breathing+1","Pommel Strike","Pommel Strike","Shrug It Off","Twin Strike","Warcry","Twin Strike+1","Flex","Feed","Shrug It Off"],"relics":["Burning Blood","Smiling Mask","MawBank","WarpedTongs","Golden Idol","Lizard Tail"],"potions_floor_usage":[16,16,19],"damage_taken":[{"damage":9,"enemies":"2 Louse","floor":1,"turns":4},{"damage":6,"enemies":"Cultist","floor":2,"turns":3},{"damage":7,"enemies":"Small Slimes","floor":3,"turns":4},{"damage":12,"enemies":"Exordium Wildlife","floor":5,"turns":3},{"damage":40,"enemies":"3 Sentries","floor":7,"turns":10},{"damage":13,"enemies":"Looter","floor":11,"turns":5},{"damage":5,"enemies":"2 Fungi Beasts","floor":12,"turns":3},{"damage":18,"enemies":"Large Slime","floor":14,"turns":6},{"damage":37,"enemies":"The Guardian","floor":16,"turns":14},{"damage":31,"enemies":"Spheric Guardian","floor":18,"turns":6},{"damage":30,"enemies":"2 Thieves","floor":19,"turns":5},{"damage":36,"enemies":"Shelled Parasite and Fungi","floor":21,"turns":7},{"damage":54,"enemies":"Snake Plant","floor":22,"turns":6},{"damage":39,"enemies":"Gremlin Leader","floor":24,"turns":3}],"seed_played":"6451822918640001020","potions_obtained":[{"floor":3,"key":"SteroidPotion"},{"floor":7,"key":"Strength Potion"},{"floor":12,"key":"Explosive Potion"},{"floor":21,"key":"FairyPotion"}],"is_trial":false,"path_per_floor":["M","M","M","$","M","R","E","?","T","?","M","M","?","M","R","B",null,"M","M","$","M","M","R","E"],"character_chosen":"IRONCLAD","items_purchased":["Pommel Strike","Flex","Feed"],"campfire_rested":2,"item_purchase_floors":[4,20,20],"current_hp_per_floor":[77,77,76,76,70,70,36,56,56,56,49,50,30,18,42,11,80,55,31,31,48,14,39,0],"gold":160,"neow_bonus":"ONE_RANDOM_RARE_CARD","is_prod":false,"is_daily":false,"chose_seed":false,"campfire_upgraded":1,"win_rate":0,"timestamp":1555638777,"path_taken":["M","M","M","$","M","R","E","?","T","?","M","?","?","M","R","BOSS","M","M","$","M","M","R","E"],"build_version":"2019-01-23","purchased_purges":2,"victory":false,"max_hp_per_floor":[80,80,80,80,80,80,80,80,80,80,80,80,80,80,80,80,80,80,80,80,84,84,84,84],"card_choices":[{"not_picked":["Clothesline","Warcry"],"picked":"Armaments","floor":1},{"not_picked":["Clothesline","Infernal Blade"],"picked":"Fire Breathing","floor":2},{"not_picked":["Dual Wield","True Grit"],"picked":"Pommel Strike","floor":3},{"not_picked":["Armaments","Sentinel"],"picked":"Shrug It Off","floor":5},{"not_picked":["Burning Pact","Havoc"],"picked":"Twin Strike","floor":7},{"not_picked":["Sever Soul","Pommel Strike"],"picked":"Warcry","floor":11},{"not_picked":["Thunderclap","Brutality","Intimidate"],"picked":"SKIP","floor":12},{"not_picked":["Headbutt","Sword Boomerang","Armaments"],"picked":"SKIP","floor":14},{"not_picked":["Inflame+1","Thunderclap","Pommel Strike"],"picked":"SKIP","floor":18},{"not_picked":["Perfected Strike","Evolve"],"picked":"Twin Strike+1","floor":19},{"not_picked":["Searing Blow","Body Slam+1"],"picked":"Shrug It Off","floor":21},{"not_picked":["Spot Weakness","Limit Break","Perfected Strike"],"picked":"SKIP","floor":22}],"player_experience":73803,"relics_obtained":[{"floor":7,"key":"Smiling Mask"},{"floor":9,"key":"MawBank"}],"event_choices":[{"damage_healed":20,"gold_gain":0,"player_choice":"Healed","damage_taken":0,"max_hp_gain":0,"max_hp_loss":0,"event_name":"The Cleric","floor":8,"gold_loss":35},{"damage_healed":0,"gold_gain":0,"player_choice":"Rummage","damage_taken":0,"relics_obtained":["WarpedTongs"],"max_hp_gain":0,"max_hp_loss":0,"event_name":"Accursed Blacksmith","floor":10,"gold_loss":0,"cards_obtained":["Pain"]},{"damage_healed":0,"gold_gain":0,"player_choice":"Take Damage","damage_taken":20,"relics_obtained":["Golden Idol"],"max_hp_gain":0,"max_hp_loss":0,"event_name":"Golden Idol","floor":13,"gold_loss":0}],"is_beta":false,"boss_relics":[{"not_picked":["Eternal Feather","Philosopher\u0027s Stone"],"picked":"Lizard Tail"}],"items_purged_floors":[4,20],"is_endless":false,"potions_floor_spawned":[3,7,12,14,21],"killed_by":"Gremlin Leader","ascension_level":1}