{"gold_per_floor":[115,290,145,145,158,158,183,183,183,196,196],"floor_reached":11,"playtime":646,"items_purged":["Doubt"],"score":121,"play_id":"a08e57cc-864c-4b90-87cf-a90a317c3335","local_time":"20190824005039","is_ascension_mode":true,"campfire_choices":[{"floor":6,"key":"REST"},{"data":"Zap","floor":8,"key":"SMITH"}],"neow_cost":"NONE","seed_source_timestamp":49018386826957,"circlet_count":0,"master_deck":["AscendersBane","Strike_B","Strike_B","Strike_B","Defend_B","Defend_B","Defend_B","Defend_B","Zap+1","Dualcast","Chaos","Coolheaded","Go for the Eyes","Seek","Chill","Auto Shields"],"relics":["Cracked Core","Potion Belt","Meat on the Bone"],"potions_floor_usage":[7,7,7,7],"damage_taken":[{"damage":9,"enemies":"2 Louse","floor":1,"turns":3},{"damage":0,"enemies":"Cultist","floor":5,"turns":4},{"damage":4,"enemies":"3 Sentries","floor":7,"turns":7},{"damage":2,"enemies":"Jaw Worm","floor":10,"turns":3},{"damage":81,"enemies":"Gremlin Nob","floor":11,"turns":5}],"seed_played":"6520515520208187338","potions_obtained":[{"floor":0,"key":"EntropicBrew"},{"floor":0,"key":"FocusPotion"}],"is_trial":false,"path_per_floor":["M","?","$","?","M","R","E","R","T","M","E"],"character_chosen":"DEFECT","items_purchased":["Coolheaded","Go for the Eyes"],"campfire_rested":1,"item_purchase_floors":[3,3],"current_hp_per_floor":[55,55,55,55,55,71,67,67,67,65,0],"gold":196,"neow_bonus":"THREE_SMALL_POTIONS","is_prod":false,"is_daily":false,"chose_seed":false,"campfire_upgraded":1,"win_rate":0,"timestamp":1566604239,"path_taken":["M","?","$","?","M","R","E","R","T","?","E"],"build_version":"2019-07-17","purchased_purges":1,"victory":false,"max_hp_per_floor":[71,71,71,71,71,71,71,71,71,71,71],"card_choices":[{"not_picked":["Conserve Battery","Stack"],"picked":"Chaos","floor":1},{"not_picked":["Redo","Turbo","Aggregate"],"picked":"SKIP","floor":5},{"not_picked":["White Noise","Doom and Gloom"],"picked":"Chill","floor":7},{"not_picked":["Reprogram","Redo"],"picked":"Auto Shields","floor":10}],"player_experience":557451,"relics_obtained":[{"floor":7,"key":"Potion Belt"},{"floor":9,"key":"Meat on the Bone"}],"event_choices":[{"damage_healed":0,"gold_gain":175,"player_choice":"AGREE","damage_taken":0,"max_hp_gain":0,"max_hp_loss":0,"event_name":"Liars Game","floor":2,"gold_loss":0,"cards_obtained":["Doubt"]},{"damage_healed":0,"gold_gain":0,"cards_transformed":["Strike_B"],"player_choice":"Transformed","damage_taken":0,"max_hp_gain":0,"max_hp_loss":0,"event_name":"Transmorgrifier","floor":4,"gold_loss":0,"cards_obtained":["Seek"]}],"is_beta":false,"boss_relics":[],"items_purged_floors":[3],"is_endless":false,"potions_floor_spawned":[5],"killed_by":"Gremlin Nob","ascension_level":14}