{"gold_per_floor":[117,129,146,164,8,33,33,68,95,95],"floor_reached":10,"playtime":416,"items_purged":["Strike_G"],"score":156,"play_id":"67e743b1-67af-4e4d-becf-555f235a6d30","local_time":"20190728161847","is_ascension_mode":true,"campfire_choices":[{"data":"Neutralize","floor":7,"key":"SMITH"}],"neow_cost":"NONE","seed_source_timestamp":1096752529652339,"circlet_count":0,"master_deck":["AscendersBane","Strike_G","Strike_G","Strike_G","Strike_G","Defend_G","Defend_G","Defend_G","Defend_G","Defend_G","Survivor","Neutralize+1","Predator","Noxious Fumes","Corpse Explosion","Leg Sweep"],"relics":["Ring of the Snake","NeowsBlessing","Question Card","Centennial Puzzle","Happy Flower"],"potions_floor_usage":[6,8],"damage_taken":[{"damage":0,"enemies":"Cultist","floor":1,"turns":1},{"damage":0,"enemies":"Jaw Worm","floor":2,"turns":1},{"damage":0,"enemies":"Small Slimes","floor":3,"turns":1},{"damage":9,"enemies":"Blue Slaver","floor":4,"turns":6},{"damage":17,"enemies":"3 Sentries","floor":6,"turns":4},{"damage":12,"enemies":"Lagavulin","floor":8,"turns":7},{"damage":39,"enemies":"Gremlin Nob","floor":10,"turns":4}],"seed_played":"-940531677707142347","potions_obtained":[{"floor":4,"key":"AttackPotion"},{"floor":6,"key":"Fire Potion"}],"is_trial":false,"path_per_floor":["M","M","M","M","$","E","R","E","T","E"],"character_chosen":"THE_SILENT","items_purchased":["Corpse Explosion"],"campfire_rested":0,"item_purchase_floors":[5],"current_hp_per_floor":[59,59,59,50,50,33,33,21,21,0],"gold":95,"neow_bonus":"THREE_ENEMY_KILL","is_prod":false,"is_daily":false,"chose_seed":false,"campfire_upgraded":1,"win_rate":0,"timestamp":1564298327,"path_taken":["M","M","M","M","$","E","R","E","T","E"],"build_version":"2019-07-17","purchased_purges":1,"victory":false,"max_hp_per_floor":[66,66,66,66,66,66,66,66,66,66],"card_choices":[{"not_picked":["Cloak And Dagger","Sucker Punch"],"picked":"Predator","floor":1},{"not_picked":["Dagger Throw","Prepared","Bane"],"picked":"SKIP","floor":2},{"not_picked":["Cloak And Dagger","Deflect","Distraction"],"picked":"SKIP","floor":3},{"not_picked":["Endless Agony","Deadly Poison"],"picked":"Noxious Fumes","floor":4},{"not_picked":["Calculated Gamble","Endless Agony","Bouncing Flask"],"picked":"SKIP","floor":6},{"not_picked":["Blade Dance","Quick Slash","Skewer"],"picked":"Leg Sweep","floor":8}],"player_experience":580743,"relics_obtained":[{"floor":6,"key":"Question Card"},{"floor":8,"key":"Centennial Puzzle"},{"floor":9,"key":"Happy Flower"}],"event_choices":[],"is_beta":false,"boss_relics":[],"items_purged_floors":[5],"is_endless":false,"potions_floor_spawned":[4,6],"killed_by":"Gremlin Nob","ascension_level":20}