{"gold_per_floor":[111,124,140,153,167,186,213,213,213,248,260,260,280,32,32,134,134,150,166,166,166,18,50,50,80,116,144,156,186,198,225,237,346,358,387,413,436,448,114,114,132,158,182,208,208,234,234,234,234,234],"floor_reached":51,"playtime":6983,"items_purged":["Strike_G","Defend_G","Strike_G"],"score":945,"play_id":"a8799a8e-6113-4664-92cb-5c515009c1cb","local_time":"20181122220847","is_ascension_mode":true,"campfire_choices":[{"floor":8.0,"key":"REST"},{"floor":12.0,"key":"REST"},{"data":"Noxious Fumes","floor":15.0,"key":"SMITH"},{"data":"Well Laid Plans","floor":24.0,"key":"SMITH"},{"floor":28.0,"key":"REST"},{"data":"Noxious Fumes","floor":32.0,"key":"SMITH"},{"data":"Sucker Punch","floor":40,"key":"SMITH"},{"data":"Strike_G","floor":45,"key":"PURGE"},{"data":"Defend_G","floor":47,"key":"PURGE"},{"data":"Deflect","floor":49,"key":"SMITH"}],"neow_cost":"NONE","seed_source_timestamp":0,"circlet_count":0,"master_deck":["Strike_G","Survivor","Neutralize","Dodge and Roll","Sucker Punch+1","Deflect+1","Acrobatics+1","Deadly Poison","Cloak And Dagger","Tactician+1","Deadly Poison+1","Well Laid Plans+1","Backflip+1","Noxious Fumes+1","Malaise+1","Outmaneuver+1","Outmaneuver+1","Deflect+1","Dash","Noxious Fumes+1","Ghostly+1","Ghostly+1","Ghostly+1","Ghostly+1","Ghostly+1","Footwork","Cloak And Dagger+1","Caltrops","Leg Sweep+1","Deflect+1","Corpse Explosion+1","Terror+1","Well Laid Plans","Dash","Venomology+1","Impatience+1"],"special_seed":0,"relics":["Ring of the Snake","Incense Burner","Letter Opener","Toxic Egg 2","Astrolabe","Question Card","MawBank","Smiling Mask","Coffee Dripper","PreservedInsect","Pear","War Paint","Peace Pipe","Bag of Preparation"],"potions_floor_usage":[41,42,50,50,50],"damage_taken":[{"damage":3.0,"enemies":"2 Louse","floor":1.0,"turns":3.0},{"damage":0.0,"enemies":"Small Slimes","floor":2.0,"turns":5.0},{"damage":2.0,"enemies":"Cultist","floor":3.0,"turns":4.0},{"damage":15.0,"enemies":"Exordium Thugs","floor":4.0,"turns":7.0},{"damage":12.0,"enemies":"Gremlin Gang","floor":5.0,"turns":7.0},{"damage":6.0,"enemies":"2 Fungi Beasts","floor":6.0,"turns":5.0},{"damage":12.0,"enemies":"Lagavulin","floor":7.0,"turns":7.0},{"damage":9.0,"enemies":"3 Sentries","floor":10.0,"turns":8.0},{"damage":17.0,"enemies":"Exordium Wildlife","floor":11.0,"turns":5.0},{"damage":0.0,"enemies":"Gremlin Gang","floor":13.0,"turns":4.0},{"damage":19.0,"enemies":"Hexaghost","floor":16.0,"turns":9.0},{"damage":23.0,"enemies":"3 Byrds","floor":18.0,"turns":5.0},{"damage":23.0,"enemies":"2 Thieves","floor":19.0,"turns":5.0},{"damage":2.0,"enemies":"Gremlin Leader","floor":23.0,"turns":8.0},{"damage":8.0,"enemies":"Book of Stabbing","floor":25.0,"turns":8.0},{"damage":14.0,"enemies":"Chosen and Byrds","floor":27.0,"turns":9.0},{"damage":4.0,"enemies":"Sentry and Sphere","floor":29.0,"turns":5.0},{"damage":1.0,"enemies":"Centurion and Healer","floor":31.0,"turns":7.0},{"damage":11.0,"enemies":"Collector","floor":33.0,"turns":10.0},{"damage":4,"enemies":"3 Darklings","floor":35,"turns":4},{"damage":0,"enemies":"Orb Walker","floor":36,"turns":5},{"damage":0,"enemies":"4 Shapes","floor":37,"turns":4},{"damage":22,"enemies":"Spire Growth","floor":41,"turns":7},{"damage":1,"enemies":"Giant Head","floor":42,"turns":9},{"damage":0,"enemies":"Nemesis","floor":44,"turns":7},{"damage":0,"enemies":"Giant Head","floor":46,"turns":8},{"damage":2,"enemies":"Donu and Deca","floor":50,"turns":7}],"seed_played":"-3684901488487413288","potions_obtained":[{"floor":2.0,"key":"Block Potion"},{"floor":6.0,"key":"Poison Potion"},{"floor":10.0,"key":"Weak Potion"},{"floor":13.0,"key":"Swift Potion"},{"floor":19.0,"key":"Block Potion"},{"floor":23.0,"key":"Regen Potion"},{"floor":29.0,"key":"SpeedPotion"},{"floor":33.0,"key":"Dexterity Potion"},{"floor":35,"key":"Block Potion"}],"is_trial":false,"path_per_floor":["M","M","M","M","M","M","E","R","T","E","M","R","M","$","R","B",null,"M","M","?","?","$","E","R","E","T","M","R","M","?","M","R","B",null,"M","M","M","?","$","R","M","E","T","E","R","E","R","?","R","B",null],"character_chosen":"THE_SILENT","items_purchased":["Noxious Fumes","Fruit Juice","Cloak And Dagger+1","PreservedInsect","Regen Potion","Well Laid Plans"],"campfire_rested":3,"item_purchase_floors":[14,14,22,39,39,39],"current_hp_per_floor":[74,74,72,57,45,39,27,50,50,41,24,47,47,52,52,33,82,59,36,36,36,36,34,34,26,26,12,24,20,16,15,15,19,41,37,37,37,37,37,37,15,39,39,39,39,39,39,39,39,37],"gold":234,"neow_bonus":"TEN_PERCENT_HP_BONUS","is_prod":false,"is_daily":false,"chose_seed":false,"campfire_upgraded":5,"win_rate":0,"timestamp":1542946127,"path_taken":["M","M","M","M","M","M","E","R","T","E","M","R","M","$","R","BOSS","M","M","?","?","$","E","R","E","T","M","R","M","?","M","R","BOSS","M","?","M","?","$","R","?","E","T","E","R","E","R","?","R","BOSS"],"build_version":"2018-11-15","purchased_purges":3,"victory":true,"max_hp_per_floor":[77,77,77,77,77,77,77,77,77,77,77,77,77,82,82,82,82,82,82,41,41,41,41,41,41,41,41,41,41,41,41,41,41,41,41,41,41,41,41,41,41,51,51,51,51,51,51,51,51,51],"card_choices":[{"not_picked":["Quick Slash","Blade Dance"],"picked":"Dodge and Roll","floor":1.0},{"not_picked":["Accuracy","Dodge and Roll"],"picked":"Sucker Punch","floor":2.0},{"not_picked":["Sucker Punch","Bane"],"picked":"Deflect","floor":3.0},{"not_picked":["Blade Dance","Prepared"],"picked":"Acrobatics","floor":4.0},{"not_picked":["Poisoned Stab","Outmaneuver"],"picked":"Deadly Poison","floor":5.0},{"not_picked":["Riddle With Holes","Endless Agony"],"picked":"Cloak And Dagger","floor":6.0},{"not_picked":["Eviscerate","Malaise"],"picked":"Tactician","floor":7.0},{"not_picked":["Calculated Gamble","Outmaneuver"],"picked":"Deadly Poison","floor":10.0},{"not_picked":["Slice","Backflip+1"],"picked":"Well Laid Plans","floor":11.0},{"not_picked":["Dagger Spray","Concentrate+1"],"picked":"Backflip+1","floor":13.0},{"not_picked":["Bullet Time+1","Phantasmal Killer+1"],"picked":"Malaise+1","floor":16.0},{"not_picked":["Prepared+1","Blade Dance+1"],"picked":"Dash","floor":18.0},{"not_picked":["Sucker Punch+1","Finisher"],"picked":"Noxious Fumes","floor":19.0},{"not_picked":["Cloak And Dagger+1","Flying Knee"],"picked":"Caltrops","floor":23.0},{"not_picked":["Envenom","Quick Slash+1","Backflip+1"],"picked":"Leg Sweep+1","floor":25.0},{"not_picked":["Acrobatics+1","Bane+1","Cloak And Dagger+1","Quick Slash"],"picked":"SKIP","floor":27.0},{"not_picked":["Dodge and Roll+1","Cloak And Dagger+1","All Out Attack+1"],"picked":"Deflect+1","floor":29.0},{"not_picked":["Cloak And Dagger+1","Flying Knee+1","Riddle With Holes","Masterful Stab"],"picked":"SKIP","floor":31.0},{"not_picked":["Unload","Glass Knife","Venomology+1"],"picked":"Corpse Explosion+1","floor":33.0},{"not_picked":["Dodge and Roll+1","Predator+1","Underhanded Strike+1"],"picked":"Terror+1","floor":35},{"not_picked":["Deadly Poison+1","Choke+1","Underhanded Strike+1","Predator+1"],"picked":"SKIP","floor":36},{"not_picked":["Quick Slash","Finisher","Dagger Throw+1","Tactician+1"],"picked":"SKIP","floor":37},{"not_picked":["Eviscerate+1","Bane","Flying Knee"],"picked":"Dash","floor":41},{"not_picked":["Blade Dance+1","Concentrate+1","Doppelganger+1"],"picked":"Venomology+1","floor":42},{"not_picked":["Flying Knee+1","PiercingWail+1","Poisoned Stab","Outmaneuver+1"],"picked":"SKIP","floor":44},{"not_picked":["Flying Knee","Blade Dance+1","Dodge and Roll+1","Choke+1"],"picked":"SKIP","floor":46},{"not_picked":["Chrysalis+1","Forethought+1","Deep Breath+1"],"picked":"Impatience+1","floor":48}],"player_experience":280530,"relics_obtained":[{"floor":7.0,"key":"Incense Burner"},{"floor":9.0,"key":"Letter Opener"},{"floor":10.0,"key":"Toxic Egg 2"},{"floor":23.0,"key":"Question Card"},{"floor":25.0,"key":"MawBank"},{"floor":26.0,"key":"Smiling Mask"},{"floor":42,"key":"Pear"},{"floor":43,"key":"War Paint"},{"floor":44,"key":"Peace Pipe"},{"floor":46,"key":"Bag of Preparation"}],"event_choices":[{"damage_healed":0.0,"max_hp_gain":0.0,"max_hp_loss":41.0,"gold_gain":0.0,"event_name":"Ghosts","player_choice":"Became a Ghost","floor":20.0,"gold_loss":0.0,"damage_taken":0.0,"cards_obtained":["Ghostly","Ghostly","Ghostly","Ghostly","Ghostly"]},{"damage_healed":0.0,"max_hp_gain":0.0,"max_hp_loss":0.0,"gold_gain":0.0,"event_name":"The Library","player_choice":"Read","floor":21.0,"gold_loss":0.0,"damage_taken":0.0,"cards_obtained":["Footwork"]},{"damage_healed":0.0,"max_hp_gain":0.0,"max_hp_loss":0.0,"gold_gain":0.0,"event_name":"Wheel of Change","player_choice":"Damaged","floor":30.0,"gold_loss":0.0,"damage_taken":4.0},{"cards_removed":["Defend_G"],"damage_healed":0,"gold_gain":0,"player_choice":"Purged","damage_taken":0,"max_hp_gain":0,"max_hp_loss":0,"event_name":"Purifier","floor":38,"gold_loss":0},{"damage_healed":0,"gold_gain":0,"player_choice":"Memory 1","damage_taken":0,"max_hp_gain":0,"max_hp_loss":0,"event_name":"SensoryStone","floor":48,"gold_loss":0}],"is_beta":false,"boss_relics":[{"not_picked":["Runic Pyramid","Busted Crown"],"picked":"Astrolabe"},{"not_picked":["Runic Dome","Pandora\u0027s Box"],"picked":"Coffee Dripper"}],"items_purged_floors":[14,22,39],"is_endless":false,"potions_floor_spawned":[2,6,10,13,19,23,29,33,35,46],"ascension_level":2}