{"gold_per_floor":[213,224,235,235,65,65,75,75,100,100,22,35,47,110,110,209,209,220,220,231,231,247,247,172,172,172,184,184,184,219,239,239,334,334,351,351,368,368,9,39,0,0,0,11,63,63,63,76,76,76],"floor_reached":51,"playtime":3734,"items_purged":["Defend_R"],"score":993,"play_id":"11e51914-7f55-4a02-99f4-3a18cedb067a","local_time":"20190813011820","is_ascension_mode":true,"campfire_choices":[{"data":"Bash","floor":6.0,"key":"SMITH"},{"data":"Armaments","floor":8.0,"key":"SMITH"},{"data":"Uppercut","floor":10.0,"key":"SMITH"},{"data":"True Grit","floor":15.0,"key":"SMITH"},{"data":"Demon Form","floor":23,"key":"SMITH"},{"floor":25,"key":"REST"},{"floor":32,"key":"REST"},{"data":"Heavy Blade","floor":42,"key":"SMITH"},{"floor":47,"key":"REST"},{"floor":49,"key":"RECALL"}],"neow_cost":"NONE","seed_source_timestamp":0,"circlet_count":0,"master_deck":["Strike_R+1","Strike_R+1","Defend_R+1","Defend_R+1","Bash+1","Iron Wave+1","Armaments+1","Shrug It Off+1","True Grit+1","Uppercut+1","Metallicize+1","Impervious+1","Feel No Pain+1","Clothesline+1","Demon Form+1","Heavy Blade+1","Flame Barrier+1","Bludgeon+1","Evolve+1","Reaper+1","Clothesline+1","Power Through+1","Bludgeon+1"],"special_seed":0,"relics":["Burning Blood","War Paint","Juzu Bracelet","Snecko Eye","Toxic Egg 2","Orichalcum","Dodecahedron","Velvet Choker","Ornamental Fan","Calipers","The Courier","Red Mask","Darkstone Periapt","Mango","Mark of the Bloom"],"potions_floor_usage":[20,30,31,44,50,50,50],"damage_taken":[{"damage":3.0,"enemies":"Jaw Worm","floor":1.0,"turns":5.0},{"damage":6.0,"enemies":"Cultist","floor":2.0,"turns":4.0},{"damage":0.0,"enemies":"2 Louse","floor":3.0,"turns":3.0},{"damage":15.0,"enemies":"Large Slime","floor":7.0,"turns":10.0},{"damage":4.0,"enemies":"3 Louse","floor":12.0,"turns":7.0},{"damage":0.0,"enemies":"Blue Slaver","floor":13.0,"turns":5.0},{"damage":31.0,"enemies":"Gremlin Nob","floor":14.0,"turns":5.0},{"damage":32.0,"enemies":"Hexaghost","floor":16.0,"turns":16.0},{"damage":15,"enemies":"Spheric Guardian","floor":18,"turns":6},{"damage":16,"enemies":"3 Byrds","floor":20,"turns":5},{"damage":10,"enemies":"Cultist and Chosen","floor":22,"turns":6},{"damage":5,"enemies":"Sentry and Sphere","floor":27,"turns":5},{"damage":37,"enemies":"Slavers","floor":30,"turns":8},{"damage":7,"enemies":"Snecko","floor":31,"turns":3},{"damage":16,"enemies":"Champ","floor":33,"turns":9},{"damage":0,"enemies":"Orb Walker","floor":35,"turns":4},{"damage":3,"enemies":"3 Darklings","floor":37,"turns":5},{"damage":0,"enemies":"Giant Head","floor":40,"turns":6},{"damage":0,"enemies":"Maw","floor":44,"turns":6},{"damage":2,"enemies":"2 Orb Walkers","floor":45,"turns":5},{"damage":0,"enemies":"Writhing Mass","floor":48,"turns":5},{"damage":27,"enemies":"Awakened One","floor":50,"turns":10}],"seed_played":"3800545413753987243","potions_obtained":[{"floor":2.0,"key":"Dexterity Potion"},{"floor":13.0,"key":"Fire Potion"},{"floor":16.0,"key":"Explosive Potion"},{"floor":27,"key":"EssenceOfSteel"},{"floor":30,"key":"BloodPotion"},{"floor":33,"key":"PowerPotion"},{"floor":40,"key":"Block Potion"},{"floor":44,"key":"Poison Potion"}],"is_trial":false,"path_per_floor":["M","M","M","?","$","R","M","R","T","R","$","M","M","?","R","B",null,"M","?","M","?","M","R","?","R","T","M","?","?","E","M","R","B",null,"M","?","M","T","$","E","?","R","T","M","?","?","R","M","R","B",null],"character_chosen":"IRONCLAD","items_purchased":["Shrug It Off","True Grit","Metallicize","Calipers","Dexterity Potion"],"campfire_rested":3,"item_purchase_floors":[5,5,11,39,39],"current_hp_per_floor":[75,75,80,80,80,80,71,71,71,71,71,73,79,54,54,28,67,58,58,48,48,44,44,44,68,68,69,69,69,38,57,80,70,78,80,80,80,80,80,80,80,80,80,80,94,94,94,94,94,67],"gold":76,"neow_bonus":"HUNDRED_GOLD","is_prod":false,"is_daily":false,"chose_seed":false,"campfire_upgraded":6,"win_rate":0,"timestamp":1565680700,"path_taken":["M","M","M","?","$","R","M","R","T","R","?","M","?","?","R","BOSS","M","?","M","?","M","R","?","R","T","M","?","?","E","M","R","BOSS","M","?","M","?","$","E","?","R","T","M","?","?","R","M","R","BOSS"],"build_version":"2019-07-17","purchased_purges":1,"victory":true,"max_hp_per_floor":[80,80,80,80,80,80,80,80,80,80,80,80,80,80,80,80,80,80,80,80,80,80,80,80,80,80,80,80,80,80,80,80,80,80,80,80,80,80,80,80,80,80,80,80,94,94,94,94,94,94],"card_choices":[{"not_picked":["Havoc","Body Slam"],"picked":"Iron Wave","floor":1.0},{"not_picked":["Pommel Strike","Bloodletting"],"picked":"Armaments","floor":2.0},{"not_picked":["Sword Boomerang","Corruption","Pommel Strike"],"picked":"SKIP","floor":3.0},{"not_picked":["Battle Trance","Body Slam"],"picked":"Uppercut","floor":7.0},{"not_picked":["Havoc","Flex"],"picked":"Impervious","floor":12.0},{"not_picked":["Clash","Perfected Strike"],"picked":"Feel No Pain","floor":13.0},{"not_picked":["Dropkick","Combust"],"picked":"Clothesline","floor":14.0},{"not_picked":["Double Tap","Juggernaut"],"picked":"Demon Form","floor":16.0},{"not_picked":["Anger","Flex"],"picked":"Heavy Blade","floor":18},{"not_picked":["Havoc","Twin Strike+1","Body Slam+1"],"picked":"SKIP","floor":20},{"not_picked":["Anger","Shrug It Off+1","Spot Weakness"],"picked":"SKIP","floor":22},{"not_picked":["Flex+1","Fire Breathing","Armaments+1"],"picked":"SKIP","floor":27},{"not_picked":["Body Slam","Armaments+1"],"picked":"Bludgeon","floor":30},{"not_picked":["Clash+1","Warcry+1"],"picked":"Evolve","floor":31},{"not_picked":["Brutality","Double Tap+1"],"picked":"Reaper","floor":33},{"not_picked":["Havoc+1","Power Through+1"],"picked":"Clothesline","floor":35},{"not_picked":["Warcry+1","Sword Boomerang+1","Dropkick"],"picked":"SKIP","floor":37},{"not_picked":["Rage+1","Wild Strike"],"picked":"Power Through+1","floor":40},{"not_picked":["Heavy Blade","Second Wind+1"],"picked":"Bludgeon","floor":44},{"not_picked":["Wild Strike","Iron Wave","Sword Boomerang+1"],"picked":"SKIP","floor":48}],"player_experience":2201304,"relics_obtained":[{"floor":9.0,"key":"War Paint"},{"floor":14.0,"key":"Juzu Bracelet"},{"floor":26,"key":"Toxic Egg 2"},{"floor":30,"key":"Dodecahedron"},{"floor":38,"key":"Ornamental Fan"},{"floor":40,"key":"The Courier"},{"floor":43,"key":"Darkstone Periapt"},{"floor":45,"key":"Mango"}],"event_choices":[{"cards_removed":["Strike_R"],"damage_healed":0.0,"max_hp_gain":0.0,"max_hp_loss":0.0,"gold_gain":0.0,"event_name":"Purifier","player_choice":"Purged","floor":4.0,"gold_loss":0.0,"damage_taken":0.0},{"damage_healed":0.0,"max_hp_gain":0.0,"max_hp_loss":0.0,"gold_gain":30.0,"event_name":"Dead Adventurer","player_choice":"Searched \u00272\u0027 times","floor":14.0,"gold_loss":0.0,"damage_taken":0.0},{"damage_healed":0,"gold_gain":0,"player_choice":"Simplicity","damage_taken":0,"max_hp_gain":0,"max_hp_loss":0,"event_name":"Back to Basics","floor":19,"gold_loss":0,"cards_upgraded":["Strike_R","Strike_R","Strike_R","Strike_R","Defend_R"]},{"damage_healed":0,"gold_gain":0,"cards_transformed":["Strike_R","Strike_R"],"player_choice":"Became Test Subject","damage_taken":0,"max_hp_gain":0,"max_hp_loss":0,"event_name":"Drug Dealer","floor":21,"gold_loss":0,"cards_obtained":["Flame Barrier","Power Through"]},{"cards_removed":["Defend_R"],"damage_healed":0,"gold_gain":0,"player_choice":"Gave Gold","damage_taken":0,"max_hp_gain":0,"max_hp_loss":0,"event_name":"Beggar","floor":24,"gold_loss":75},{"damage_healed":0,"gold_gain":0,"player_choice":"Ignored","damage_taken":0,"max_hp_gain":0,"max_hp_loss":0,"event_name":"Vampires","floor":28,"gold_loss":0},{"damage_healed":0,"gold_gain":0,"player_choice":"Opened","damage_taken":0,"relics_obtained":["Orichalcum"],"max_hp_gain":0,"max_hp_loss":0,"event_name":"The Mausoleum","floor":29,"gold_loss":0},{"cards_removed":["Power Through"],"damage_healed":0,"gold_gain":0,"player_choice":"Removed Skill","damage_taken":0,"max_hp_gain":0,"max_hp_loss":0,"event_name":"Falling","floor":36,"gold_loss":0},{"damage_healed":0,"gold_gain":0,"player_choice":"Paid","damage_taken":0,"relics_obtained":["Red Mask"],"max_hp_gain":0,"max_hp_loss":0,"event_name":"Tomb of Lord Red Mask","floor":41,"gold_loss":39},{"damage_healed":0,"gold_gain":0,"player_choice":"Fight","damage_taken":0,"max_hp_gain":0,"max_hp_loss":0,"event_name":"Mysterious Sphere","floor":45,"gold_loss":0},{"damage_healed":0,"gold_gain":0,"player_choice":"Upgrade","damage_taken":0,"relics_obtained":["Mark of the Bloom"],"max_hp_gain":0,"max_hp_loss":0,"event_name":"MindBloom","floor":46,"gold_loss":0,"cards_upgraded":["Iron Wave","Shrug It Off","Metallicize","Impervious","Feel No Pain","Clothesline","Flame Barrier","Bludgeon","Evolve","Reaper","Clothesline","Bludgeon"]}],"is_beta":false,"boss_relics":[{"not_picked":["Fusion Hammer","Eternal Feather"],"picked":"Snecko Eye"},{"not_picked":["Lizard Tail","Sozu"],"picked":"Velvet Choker"}],"items_purged_floors":[5],"is_endless":false,"potions_floor_spawned":[2,13,16,27,30,33,40,44],"ascension_level":9}