{"gold_per_floor":[13,30,30,105,105,105,120,120,144,165,340,356,356,425,425,544,544,559,328,288,311,361,83,83],"floor_reached":24,"playtime":640,"items_purged":["Strike_B"],"score":184,"play_id":"1924df19-21c3-4ae4-9e0f-eab1aa23ab01","local_time":"20190821140757","is_ascension_mode":false,"campfire_choices":[{"data":"Doom and Gloom","floor":6,"key":"SMITH"},{"data":"Darkness","floor":8,"key":"SMITH"},{"data":"Dualcast","floor":13,"key":"SMITH"},{"floor":15,"key":"REST"}],"neow_cost":"NO_GOLD","seed_source_timestamp":82313351041721,"circlet_count":0,"master_deck":["Strike_B+1","Strike_B","Strike_B","Defend_B","Defend_B","Defend_B","Defend_B","Zap+1","Dualcast+1","Skim","Doom and Gloom+1","Darkness+1","Beam Cell","Doubt","Creative AI+1","Steam","Echo Form","Hologram","Capacitor","Capacitor"],"relics":["Cracked Core","Gambling Chip","Golden Idol","Juzu Bracelet","Black Star","DollysMirror"],"potions_floor_usage":[16,24],"damage_taken":[{"damage":0,"enemies":"Cultist","floor":1,"turns":3},{"damage":0,"enemies":"Jaw Worm","floor":2,"turns":5},{"damage":3,"enemies":"Small Slimes","floor":7,"turns":2},{"damage":5,"enemies":"Red Slaver","floor":10,"turns":4},{"damage":0,"enemies":"Large Slime","floor":12,"turns":5},{"damage":29,"enemies":"The Guardian","floor":16,"turns":10},{"damage":32,"enemies":"Shell Parasite","floor":18,"turns":5},{"damage":24,"enemies":"Chosen","floor":21,"turns":5},{"damage":24,"enemies":"3 Cultists","floor":24,"turns":3}],"seed_played":"-7773146740964291073","potions_obtained":[{"floor":1,"key":"Fire Potion"},{"floor":2,"key":"SkillPotion"},{"floor":7,"key":"FairyPotion"}],"is_trial":false,"path_per_floor":["M","M","?","?","?","R","M","R","T","M","?","M","R","?","R","B",null,"M","$","?","M","?","$","M"],"character_chosen":"DEFECT","items_purchased":["Echo Form","Capacitor","DollysMirror"],"campfire_rested":1,"item_purchase_floors":[19,23,23],"current_hp_per_floor":[75,75,69,58,58,58,55,55,55,50,50,50,50,50,69,40,69,37,37,37,13,13,13,0],"gold":83,"neow_bonus":"ONE_RARE_RELIC","is_prod":false,"is_daily":false,"chose_seed":false,"campfire_upgraded":3,"win_rate":0,"timestamp":1566367677,"path_taken":["M","M","?","?","?","R","M","R","T","M","?","M","R","?","R","BOSS","M","$","?","M","?","$","M"],"build_version":"2019-07-17","purchased_purges":1,"victory":false,"max_hp_per_floor":[75,75,69,69,69,69,69,69,69,69,69,69,69,69,69,69,69,69,69,69,69,69,69,69],"card_choices":[{"not_picked":["Tempest","Rebound"],"picked":"Skim","floor":1},{"not_picked":["Cold Snap","Blizzard"],"picked":"Doom and Gloom","floor":2},{"not_picked":["BootSequence","Streamline"],"picked":"Darkness","floor":7},{"not_picked":["Turbo","Steam Power"],"picked":"Beam Cell","floor":10},{"not_picked":["Streamline","Skim","Compile Driver"],"picked":"SKIP","floor":12},{"not_picked":["Buffer","Core Surge"],"picked":"Creative AI","floor":16},{"not_picked":["Cold Snap","Conserve Battery"],"picked":"Steam","floor":18},{"not_picked":["Barrage+1","Sweeping Beam"],"picked":"Hologram","floor":21}],"player_experience":238294,"relics_obtained":[{"floor":9,"key":"Juzu Bracelet"}],"event_choices":[{"damage_healed":0,"gold_gain":0,"player_choice":"Lose Max HP","damage_taken":0,"relics_obtained":["Golden Idol"],"max_hp_gain":0,"max_hp_loss":6,"event_name":"Golden Idol","floor":3,"gold_loss":0},{"damage_healed":0,"gold_gain":75,"player_choice":"Gather Gold","damage_taken":11,"max_hp_gain":0,"max_hp_loss":0,"event_name":"World of Goop","floor":4,"gold_loss":0},{"damage_healed":0,"gold_gain":0,"player_choice":"Upgraded","damage_taken":0,"max_hp_gain":0,"max_hp_loss":0,"event_name":"Upgrade Shrine","floor":5,"gold_loss":0,"cards_upgraded":["Zap"]},{"damage_healed":0,"gold_gain":175,"player_choice":"AGREE","damage_taken":0,"max_hp_gain":0,"max_hp_loss":0,"event_name":"Liars Game","floor":11,"gold_loss":0,"cards_obtained":["Doubt"]},{"damage_healed":0,"gold_gain":69,"player_choice":"Gained Gold","damage_taken":0,"max_hp_gain":0,"max_hp_loss":0,"event_name":"Golden Wing","floor":14,"gold_loss":0},{"damage_healed":0,"gold_gain":0,"player_choice":"Upgraded Two","damage_taken":0,"max_hp_gain":0,"max_hp_loss":0,"event_name":"Designer","floor":20,"gold_loss":40,"cards_upgraded":["Creative AI","Strike_B"]},{"damage_healed":0,"gold_gain":100,"player_choice":"Bet on Murderer","damage_taken":0,"max_hp_gain":0,"max_hp_loss":0,"event_name":"The Joust","floor":22,"gold_loss":50}],"is_beta":false,"boss_relics":[{"not_picked":["Snecko Eye","Ectoplasm"],"picked":"Black Star"}],"items_purged_floors":[19],"is_endless":false,"potions_floor_spawned":[1,2,7,12],"killed_by":"3 Cultists","ascension_level":0}