{"gold_per_floor":[210,210,285,304,45,45,58,58,135,148,165,185,185,61,61,158,158,174,192,87,99,99,99,112,112,194,229,247,40,40,53,53,148,148,167,167,167,183,196,228,228,242,290,290],"floor_reached":44,"playtime":1596,"items_purged":[],"score":507,"play_id":"5f6a002b-2913-46fd-94d3-b9bc05e05a75","local_time":"20190815083215","is_ascension_mode":false,"campfire_choices":[{"floor":6,"key":"REST"},{"data":"Night Terror","floor":8,"key":"SMITH"},{"data":"Cloak And Dagger","floor":13,"key":"SMITH"},{"data":"Accuracy","floor":15,"key":"SMITH"},{"data":"A Thousand Cuts","floor":23,"key":"SMITH"},{"data":"Blade Dance","floor":25,"key":"SMITH"},{"floor":30,"key":"REST"},{"floor":32,"key":"REST"},{"data":"Adrenaline","floor":41,"key":"SMITH"}],"neow_cost":"NONE","seed_source_timestamp":9104395205755,"circlet_count":0,"master_deck":["Strike_G+1","Strike_G","Strike_G+1","Defend_G","Defend_G","Defend_G","Defend_G","Defend_G","Survivor","Neutralize","Acrobatics","PiercingWail","Night Terror+1","Cloak And Dagger+1","PiercingWail","Finisher","Bandage Up","Accuracy+1","A Thousand Cuts+1","Blade Dance+1","Backflip","Well Laid Plans","Catalyst","Cloak And Dagger+1","Blur+1","Backstab","Blade Dance+1","Adrenaline+1","Accuracy+1","Parasite","Footwork+1","Blade Dance+1"],"relics":["Ring of the Snake","Shuriken","Ninja Scroll","Empty Cage","Ornamental Fan","Red Mask","Toolbox","Sozu","The Courier","Happy Flower"],"potions_floor_usage":[21,21,31,31,33],"damage_taken":[{"damage":0,"enemies":"Jaw Worm","floor":1,"turns":5},{"damage":0,"enemies":"Small Slimes","floor":4,"turns":3},{"damage":0,"enemies":"Cultist","floor":7,"turns":4},{"damage":0,"enemies":"Looter","floor":10,"turns":3},{"damage":0,"enemies":"2 Fungi Beasts","floor":11,"turns":2},{"damage":1,"enemies":"Large Slime","floor":12,"turns":6},{"damage":0,"enemies":"Slime Boss","floor":16,"turns":4},{"damage":0,"enemies":"3 Byrds","floor":18,"turns":5},{"damage":0,"enemies":"Chosen","floor":19,"turns":5},{"damage":4,"enemies":"Snake Plant","floor":21,"turns":3},{"damage":13,"enemies":"Cultist and Chosen","floor":24,"turns":5},{"damage":28,"enemies":"Masked Bandits","floor":27,"turns":6},{"damage":1,"enemies":"Centurion and Healer","floor":28,"turns":5},{"damage":16,"enemies":"Snecko","floor":31,"turns":4},{"damage":36,"enemies":"Champ","floor":33,"turns":9},{"damage":8,"enemies":"3 Darklings","floor":35,"turns":5},{"damage":0,"enemies":"Orb Walker","floor":38,"turns":1},{"damage":34,"enemies":"Writhing Mass","floor":39,"turns":5},{"damage":0,"enemies":"Giant Head","floor":40,"turns":5},{"damage":38,"enemies":"Transient","floor":42,"turns":5},{"damage":17,"enemies":"3 Darklings","floor":44,"turns":2}],"seed_played":"-1080809802890620737","potions_obtained":[{"floor":7,"key":"SmokeBomb"},{"floor":11,"key":"Block Potion"},{"floor":16,"key":"Poison Potion"},{"floor":19,"key":"LiquidBronze"},{"floor":21,"key":"Fire Potion"},{"floor":27,"key":"Explosive Potion"},{"floor":28,"key":"SkillPotion"}],"is_trial":false,"path_per_floor":["M","?","?","M","$","R","M","R","T","M","M","M","R","$","R","B",null,"M","M","$","M","?","R","M","R","T","?","M","$","R","M","R","B",null,"M","?","$","M","M","E","R","M","T","M"],"character_chosen":"THE_SILENT","items_purchased":["Shuriken","Bandage Up","Accuracy","Backflip","Well Laid Plans","Toolbox"],"campfire_rested":3,"item_purchase_floors":[5,14,14,20,20,29],"current_hp_per_floor":[70,56,49,49,49,70,70,70,70,70,70,69,69,69,69,70,70,70,70,70,70,57,57,48,48,48,24,27,27,49,33,55,23,75,71,71,71,71,41,45,45,11,11,0],"gold":290,"neow_bonus":"HUNDRED_GOLD","is_prod":false,"is_daily":false,"chose_seed":false,"campfire_upgraded":6,"win_rate":0,"timestamp":1565829135,"path_taken":["M","?","?","M","$","R","M","R","T","?","M","M","R","$","R","BOSS","M","M","$","M","?","R","M","R","T","?","M","$","R","M","R","BOSS","M","?","$","M","M","E","R","M","T","M"],"build_version":"2019-07-17","purchased_purges":0,"victory":false,"max_hp_per_floor":[70,70,70,70,70,70,70,70,70,70,70,70,70,70,70,70,70,70,70,70,70,75,75,75,75,75,75,75,75,75,75,75,75,75,75,75,75,75,75,75,75,75,75,75],"card_choices":[{"not_picked":["Poisoned Stab","Skewer"],"picked":"Acrobatics","floor":1},{"not_picked":["Tactician","Deflect"],"picked":"PiercingWail","floor":4},{"not_picked":["All Out Attack","Poisoned Stab"],"picked":"Night Terror","floor":7},{"not_picked":["Heel Hook","Dagger Spray"],"picked":"Cloak And Dagger","floor":10},{"not_picked":["Escape Plan","Poisoned Stab"],"picked":"PiercingWail","floor":11},{"not_picked":["Bouncing Flask","PiercingWail"],"picked":"Finisher","floor":12},{"not_picked":["Unload","Night Terror"],"picked":"A Thousand Cuts","floor":16},{"not_picked":["Dodge and Roll","Flying Knee"],"picked":"Blade Dance","floor":18},{"not_picked":["Choke","Quick Slash+1","Dagger Throw"],"picked":"SKIP","floor":19},{"not_picked":["Dodge and Roll","Sucker Punch"],"picked":"Catalyst","floor":21},{"not_picked":["Riddle With Holes+1","Dagger Spray"],"picked":"Cloak And Dagger+1","floor":24},{"not_picked":["Blade Dance","Prepared"],"picked":"Blur+1","floor":27},{"not_picked":["Caltrops+1","Deflect"],"picked":"Backstab","floor":28},{"not_picked":["Setup","Choke"],"picked":"Blade Dance+1","floor":31},{"not_picked":["Grand Finale","Envenom"],"picked":"Adrenaline","floor":33},{"not_picked":["Expertise","PiercingWail","Flying Knee"],"picked":"SKIP","floor":35},{"not_picked":["Sucker Punch","Tactician","Dagger Spray+1"],"picked":"SKIP","floor":38},{"not_picked":["Quick Slash+1","Deflect+1"],"picked":"Footwork+1","floor":39},{"not_picked":["Underhanded Strike+1","Dodge and Roll"],"picked":"Blade Dance+1","floor":40},{"not_picked":["Finisher+1","Blur","Footwork"],"picked":"SKIP","floor":42}],"player_experience":205746,"relics_obtained":[{"floor":9,"key":"Ninja Scroll"},{"floor":26,"key":"Ornamental Fan"},{"floor":27,"key":"Red Mask"},{"floor":40,"key":"The Courier"},{"floor":43,"key":"Happy Flower"}],"event_choices":[{"damage_healed":0,"gold_gain":0,"player_choice":"Entered Light","damage_taken":14,"max_hp_gain":0,"max_hp_loss":0,"event_name":"Shining Light","floor":2,"gold_loss":0,"cards_upgraded":["Strike_G","Strike_G"]},{"damage_healed":0,"gold_gain":75,"player_choice":"Touch","damage_taken":7,"max_hp_gain":0,"max_hp_loss":0,"event_name":"FaceTrader","floor":3,"gold_loss":0},{"damage_healed":0,"gold_gain":0,"player_choice":"Shed Blood","damage_taken":18,"max_hp_gain":5,"max_hp_loss":0,"event_name":"Forgotten Altar","floor":22,"gold_loss":0},{"damage_healed":0,"gold_gain":0,"player_choice":"Fought Bandits","damage_taken":0,"max_hp_gain":0,"max_hp_loss":0,"event_name":"Masked Bandits","floor":27,"gold_loss":0},{"damage_healed":0,"gold_gain":0,"player_choice":"Copied","damage_taken":0,"max_hp_gain":0,"max_hp_loss":0,"event_name":"Duplicator","floor":36,"gold_loss":0,"cards_obtained":["Accuracy"]}],"is_beta":false,"boss_relics":[{"not_picked":["White Beast Statue","Fusion Hammer"],"picked":"Empty Cage"},{"not_picked":["Coffee Dripper","Snecko Eye"],"picked":"Sozu"}],"items_purged_floors":[],"is_endless":false,"potions_floor_spawned":[7,11,16,19,21,27,28,35,40],"killed_by":"3 Darklings","ascension_level":0}