{"gold_per_floor":[119,119,137,147,147,147,73,106,132,144],"floor_reached":10,"playtime":344,"items_purged":[],"score":132,"play_id":"1c9a08e1-5f74-478c-8931-b39f160adcc2","local_time":"20190728161142","is_ascension_mode":true,"campfire_choices":[{"data":"Cloak And Dagger","floor":6,"key":"SMITH"}],"neow_cost":"NONE","seed_source_timestamp":1096397953521887,"circlet_count":0,"master_deck":["AscendersBane","Strike_G","Strike_G","Strike_G","Strike_G","Defend_G","Defend_G","Defend_G","Defend_G","Defend_G","Survivor","Neutralize","Infinite Blades","Cloak And Dagger+1","Footwork","Dash","Blur"],"relics":["WristBlade","Anchor","Omamori","MawBank"],"potions_floor_usage":[8,8],"damage_taken":[{"damage":24,"enemies":"Jaw Worm","floor":1,"turns":7},{"damage":1,"enemies":"Cultist","floor":3,"turns":4},{"damage":0,"enemies":"Small Slimes","floor":4,"turns":4},{"damage":32,"enemies":"Gremlin Nob","floor":8,"turns":5},{"damage":5,"enemies":"Exordium Thugs","floor":10,"turns":3}],"seed_played":"7395456792255793844","potions_obtained":[{"floor":1,"key":"PowerPotion"},{"floor":4,"key":"FearPotion"}],"is_trial":false,"path_per_floor":["M","?","M","M","?","R","$","E","T","M"],"character_chosen":"THE_SILENT","items_purchased":["Dash"],"campfire_rested":0,"item_purchase_floors":[7],"current_hp_per_floor":[35,35,34,34,34,34,34,2,2,0],"gold":144,"neow_bonus":"BOSS_RELIC","is_prod":false,"is_daily":false,"chose_seed":false,"campfire_upgraded":1,"win_rate":0,"timestamp":1564297902,"path_taken":["M","?","?","M","?","R","?","E","T","M"],"build_version":"2019-07-17","purchased_purges":0,"victory":false,"max_hp_per_floor":[66,66,66,66,66,66,66,66,66,66],"card_choices":[{"not_picked":["Sucker Punch","Heel Hook"],"picked":"Infinite Blades","floor":1},{"not_picked":["Skewer","Poisoned Stab"],"picked":"Cloak And Dagger","floor":3},{"not_picked":["All Out Attack","PiercingWail"],"picked":"Footwork","floor":4},{"not_picked":["Expertise","Deadly Poison"],"picked":"Blur","floor":8}],"player_experience":580399,"relics_obtained":[{"floor":2,"key":"Anchor"},{"floor":8,"key":"Omamori"},{"floor":9,"key":"MawBank"}],"event_choices":[{"damage_healed":0,"gold_gain":0,"player_choice":"Relic","damage_taken":0,"max_hp_gain":0,"max_hp_loss":0,"event_name":"Wheel of Change","floor":2,"gold_loss":0},{"cards_removed":["Strike_G"],"damage_healed":0,"gold_gain":0,"player_choice":"Offered Basic","damage_taken":0,"max_hp_gain":0,"max_hp_loss":0,"event_name":"Bonfire Elementals","floor":5,"gold_loss":0}],"is_beta":false,"boss_relics":[],"items_purged_floors":[],"is_endless":false,"potions_floor_spawned":[1,4],"killed_by":"Exordium Thugs","ascension_level":20}