{"gold_per_floor":[117,117,5,17,17,17,17,29,29,47,47,62,62,92,92,191,191,202,117,117,136,61,61,161,161,185,205,13,13,13,13,13,13],"floor_reached":33,"playtime":1713,"items_purged":["Strike_G"],"score":241,"play_id":"7b957c3c-b23f-422c-97e4-d04b2c046aa2","local_time":"20190819185155","is_ascension_mode":false,"campfire_choices":[{"data":"Backflip","floor":6,"key":"SMITH"},{"data":"Terror","floor":11,"key":"SMITH"},{"data":"Leg Sweep","floor":13,"key":"SMITH"},{"floor":15,"key":"REST"},{"floor":23,"key":"REST"},{"data":"Corpse Explosion","floor":25,"key":"SMITH"},{"data":"Panache","floor":32,"key":"SMITH"}],"neow_cost":"NONE","seed_source_timestamp":391792142192356,"circlet_count":0,"master_deck":["Strike_G","Strike_G","Strike_G","Strike_G","Defend_G","Defend_G","Defend_G","Defend_G","Survivor","Neutralize","Terror+1","Leg Sweep+1","Backflip+1","Catalyst","Prepared","Finisher+1","Sucker Punch+1","Corpse Explosion+1","Deflect","Sucker Punch+1","Catalyst+1","Panache+1"],"relics":["Ring of the Snake","Molten Egg 2","Juzu Bracelet","Philosopher\u0027s Stone","Oddly Smooth Stone","Orichalcum"],"potions_floor_usage":[16,16,21,33,33],"damage_taken":[{"damage":0,"enemies":"Small Slimes","floor":1,"turns":4},{"damage":0,"enemies":"Cultist","floor":4,"turns":4},{"damage":2,"enemies":"Jaw Worm","floor":8,"turns":4},{"damage":0,"enemies":"Blue Slaver","floor":10,"turns":7},{"damage":2,"enemies":"Exordium Thugs","floor":12,"turns":7},{"damage":16,"enemies":"Gremlin Nob","floor":14,"turns":5},{"damage":7,"enemies":"The Guardian","floor":16,"turns":16},{"damage":40,"enemies":"3 Byrds","floor":18,"turns":4},{"damage":0,"enemies":"Chosen","floor":21,"turns":4},{"damage":0,"enemies":"Centurion and Healer","floor":27,"turns":4},{"damage":74,"enemies":"Automaton","floor":33,"turns":12}],"seed_played":"5607899322410442718","potions_obtained":[{"floor":4,"key":"Dexterity Potion"},{"floor":8,"key":"AttackPotion"},{"floor":16,"key":"Weak Potion"},{"floor":18,"key":"Weak Potion"},{"floor":21,"key":"EssenceOfSteel"}],"is_trial":false,"path_per_floor":["M","?","$","M","?","R","$","M","T","M","R","M","R","E","R","B",null,"M","?","?","M","$","R","?","R","T","M","$","?","?","$","R","B"],"character_chosen":"THE_SILENT","items_purchased":["Terror","Leg Sweep","Panache"],"campfire_rested":2,"item_purchase_floors":[3,3,28],"current_hp_per_floor":[77,77,77,77,77,77,77,75,75,75,75,73,73,57,77,70,77,37,37,37,37,37,60,60,60,60,60,60,60,60,60,60,0],"gold":13,"neow_bonus":"TEN_PERCENT_HP_BONUS","is_prod":false,"is_daily":false,"chose_seed":false,"campfire_upgraded":5,"win_rate":0,"timestamp":1566211915,"path_taken":["M","?","$","?","?","R","$","M","T","?","R","M","R","E","R","BOSS","M","?","?","M","$","R","?","R","T","M","$","?","?","?","R","BOSS"],"build_version":"2019-07-17","purchased_purges":1,"victory":false,"max_hp_per_floor":[77,77,77,77,77,77,77,77,77,77,77,77,77,77,77,77,77,77,77,77,77,77,77,77,77,77,77,77,77,77,77,77,77],"card_choices":[{"not_picked":["Poisoned Stab","Underhanded Strike"],"picked":"Bane","floor":1},{"not_picked":["Expertise","Escape Plan"],"picked":"Backflip","floor":4},{"not_picked":["Flying Knee","Backflip"],"picked":"Catalyst","floor":8},{"not_picked":["Bane+1","Heel Hook+1"],"picked":"Prepared","floor":10},{"not_picked":["Leg Sweep","Skewer+1"],"picked":"Finisher+1","floor":12},{"not_picked":["Terror","Night Terror"],"picked":"Sucker Punch+1","floor":14},{"not_picked":["A Thousand Cuts","Grand Finale+1"],"picked":"Corpse Explosion","floor":16},{"not_picked":["PiercingWail","Catalyst"],"picked":"Deflect","floor":18},{"not_picked":["Blade Dance+1","Backflip"],"picked":"Sucker Punch+1","floor":21},{"not_picked":["Slice+1","Phantasmal Killer"],"picked":"Catalyst+1","floor":27}],"player_experience":212717,"relics_obtained":[{"floor":9,"key":"Molten Egg 2"},{"floor":14,"key":"Juzu Bracelet"},{"floor":26,"key":"Orichalcum"}],"event_choices":[{"cards_removed":["Bane"],"damage_healed":5,"gold_gain":0,"player_choice":"Offered Common","damage_taken":0,"max_hp_gain":0,"max_hp_loss":0,"event_name":"Bonfire Elementals","floor":2,"gold_loss":0},{"cards_removed":["Bane"],"damage_healed":5,"gold_gain":0,"player_choice":"Offered Special","damage_taken":0,"max_hp_gain":0,"max_hp_loss":0,"event_name":"Bonfire Elementals","floor":2,"gold_loss":0},{"cards_removed":["Defend_G"],"damage_healed":0,"gold_gain":0,"player_choice":"Purged","damage_taken":0,"max_hp_gain":0,"max_hp_loss":0,"event_name":"Purifier","floor":5,"gold_loss":0},{"damage_healed":0,"gold_gain":0,"player_choice":"Obtained Relic","damage_taken":0,"relics_obtained":["Oddly Smooth Stone"],"max_hp_gain":0,"max_hp_loss":0,"event_name":"Addict","floor":19,"gold_loss":85},{"damage_healed":0,"gold_gain":0,"player_choice":"Ignored","damage_taken":0,"max_hp_gain":0,"max_hp_loss":0,"event_name":"Ghosts","floor":20,"gold_loss":0},{"damage_healed":0,"gold_gain":100,"player_choice":"Pray","damage_taken":0,"max_hp_gain":0,"max_hp_loss":0,"event_name":"Golden Shrine","floor":24,"gold_loss":0},{"damage_healed":0,"gold_gain":0,"player_choice":"Ignored","damage_taken":0,"max_hp_gain":0,"max_hp_loss":0,"event_name":"NoteForYourself","floor":29,"gold_loss":0},{"damage_healed":0,"gold_gain":0,"player_choice":"Leave","damage_taken":0,"max_hp_gain":0,"max_hp_loss":0,"event_name":"FaceTrader","floor":30,"gold_loss":0}],"is_beta":false,"boss_relics":[{"not_picked":["Calling Bell","Sozu"],"picked":"Philosopher\u0027s Stone"}],"items_purged_floors":[22],"is_endless":false,"potions_floor_spawned":[4,8,16,18,21],"killed_by":"Automaton","ascension_level":0}