{"path_per_floor":["M","?","M","M","?","E","R","M","T","R","M","E","M","?","R","B",null,"M","?","M","$","?"],"character_chosen":"THE_SILENT","items_purchased":["Whetstone"],"gold_per_floor":[114,114,130,155,155,188,188,202,202,202,222,262,286,286,286,411,411,436,686,700,482,482,482],"floor_reached":23,"campfire_rested":2,"playtime":9587,"current_hp_per_floor":[67,50,50,49,49,43,64,58,58,70,68,68,68,73,73,37,75,75,75,67,67,51,16],"items_purged":["Regret"],"gold":482,"score":201,"play_id":"22c81a26-10c3-401a-8ccd-e85c00c66cf0","local_time":"20180507002629","is_prod":false,"is_daily":false,"chose_seed":false,"is_ascension_mode":false,"campfire_upgraded":1,"timestamp":1525674389,"path_taken":["M","?","M","?","?","E","R","M","T","R","M","E","M","?","R","BOSS","M","?","?","$","?","E"],"build_version":"2018-05-03","seed_source_timestamp":2548283462055362,"purchased_purges":1,"victory":false,"master_deck":["Survivor","Neutralize","Doppelganger","Calculated Gamble","Infinite Blades","Predator+1","Dagger Throw","Leg Sweep+1","Accuracy","Dash","Adrenaline","PiercingWail","Finisher+1","Bouncing Flask","Masterful Stab","Well Laid Plans","Underhanded Strike+1","Outmaneuver","Deflect","Acrobatics","Deadly Poison","Backflip","Backflip"],"max_hp_per_floor":[70,70,70,70,70,70,70,70,70,70,70,70,70,75,75,75,75,75,75,75,75,75,75],"relics":["Ring of the Snake","Golden Idol","Bag of Preparation","Question Card","Calipers","Pandora\u0027s Box","Whetstone","Nilry\u0027s Codex"],"card_choices":[{"not_picked":["Deflect","Deadly Poison"],"picked":"Calculated Gamble","floor":1},{"not_picked":["Slice","Backflip"],"picked":"Infinite Blades","floor":3},{"not_picked":["Acrobatics","Poisoned Stab"],"picked":"Predator","floor":4},{"not_picked":["Catalyst","Endless Agony"],"picked":"Dagger Throw","floor":8},{"not_picked":["Setup","Crippling Poison","Dagger Spray"],"picked":"Leg Sweep","floor":11},{"not_picked":["PiercingWail","Catalyst","Heel Hook"],"picked":"Accuracy","floor":12},{"not_picked":["Flying Knee","Terror","Catalyst"],"picked":"Dash","floor":13},{"not_picked":["Corpse Explosion","Glass Knife","Burst"],"picked":"Adrenaline","floor":16},{"not_picked":["Outmaneuver","Flying Knee","Poisoned Stab"],"picked":"Backflip","floor":18},{"not_picked":["Riddle With Holes","Outmaneuver","Prepared"],"picked":"Backflip","floor":20}],"player_experience":453051,"potions_floor_usage":[6,8,12,16],"damage_taken":[{"damage":3,"enemies":"Jaw Worm","floor":1,"turns":8},{"damage":0,"enemies":"Small Slimes","floor":3,"turns":5},{"damage":1,"enemies":"2 Louse","floor":4,"turns":3},{"damage":6,"enemies":"3 Sentries","floor":6,"turns":9},{"damage":6,"enemies":"Gremlin Gang","floor":8,"turns":4},{"damage":2,"enemies":"3 Louse","floor":11,"turns":4},{"damage":14,"enemies":"Lagavulin","floor":12,"turns":8},{"damage":0,"enemies":"2 Fungi Beasts","floor":13,"turns":3},{"damage":36,"enemies":"The Guardian","floor":16,"turns":14},{"damage":0,"enemies":"3 Byrds","floor":18,"turns":7},{"damage":8,"enemies":"Chosen","floor":20,"turns":5},{"damage":35,"enemies":"Gremlin Leader","floor":23,"turns":8}],"event_choices":[{"event_name":"Golden Idol","player_choice":"Take Damage","floor":2,"damage_taken":0},{"event_name":"Living Wall","player_choice":"Grow","floor":5,"damage_taken":0},{"event_name":"Big Fish","player_choice":"Donut","floor":14,"damage_taken":0},{"event_name":"Golden Shrine","player_choice":"Desecrate","floor":19,"damage_taken":0},{"event_name":"Cursed Tome","player_choice":"Obtained Book","floor":22,"damage_taken":0}],"boss_relics":[{"not_picked":["Eternal Feather","Sozu"],"picked":"Pandora\u0027s Box"}],"potions_floor_spawned":[1,4,11,12],"seed_played":"5329900726242602096","killed_by":"Gremlin Leader","ascension_level":0,"is_trial":false}