{"gold_per_floor":[115,126,126,126,143,143,155,155,202,237,237],"floor_reached":11,"playtime":678,"items_purged":[],"score":95,"play_id":"5018b30b-df6b-43dd-bbed-2c2f77a9300f","local_time":"20190313201414","is_ascension_mode":true,"campfire_choices":[{"data":"Neutralize","floor":6,"key":"SMITH"},{"data":"Predator","floor":8,"key":"SMITH"}],"neow_cost":"NONE","seed_source_timestamp":5642552878414188,"circlet_count":0,"master_deck":["Defend_G","Defend_G","Defend_G","Defend_G","Defend_G","Strike_G","Strike_G","Strike_G","Strike_G","Survivor","Neutralize+1","Backflip","Terror","Predator+1"],"relics":["Ring of the Snake","NeowsBlessing","GremlinMask","Potion Belt","Omamori"],"potions_floor_usage":[6,11,11,11],"damage_taken":[{"damage":0,"enemies":"Cultist","floor":1,"turns":1},{"damage":0,"enemies":"Small Slimes","floor":2,"turns":1},{"damage":0,"enemies":"Jaw Worm","floor":5,"turns":1},{"damage":8,"enemies":"Looter","floor":7,"turns":4},{"damage":23,"enemies":"Gremlin Nob","floor":10,"turns":4},{"damage":31,"enemies":"Gremlin Gang","floor":11,"turns":3}],"seed_played":"-848377268179454247","potions_obtained":[{"floor":2,"key":"Ancient Potion"},{"floor":5,"key":"Fruit Juice"},{"floor":7,"key":"Weak Potion"},{"floor":10,"key":"PowerPotion"}],"is_trial":false,"path_per_floor":["M","M","?","?","M","R","M","R","T","E","M"],"character_chosen":"THE_SILENT","items_purchased":[],"campfire_rested":0,"item_purchase_floors":[],"current_hp_per_floor":[63,63,56,56,56,61,53,53,53,30,0],"gold":237,"neow_bonus":"THREE_ENEMY_KILL","is_prod":false,"is_daily":false,"chose_seed":false,"campfire_upgraded":2,"win_rate":0,"timestamp":1552529654,"path_taken":["M","M","?","?","?","R","M","R","T","E","?"],"build_version":"2019-01-23","purchased_purges":0,"victory":false,"max_hp_per_floor":[70,70,70,70,70,75,75,75,75,75,75],"card_choices":[{"not_picked":["Outmaneuver","Sucker Punch"],"picked":"Backflip","floor":1},{"not_picked":["Backflip","Dodge and Roll"],"picked":"Terror","floor":2},{"not_picked":["Bane","Masterful Stab","Acrobatics"],"picked":"SKIP","floor":5},{"not_picked":["Catalyst","Slice"],"picked":"Predator","floor":7},{"not_picked":["Heel Hook","Eviscerate","After Image"],"picked":"SKIP","floor":10}],"player_experience":1932564,"relics_obtained":[{"floor":9,"key":"Potion Belt"},{"floor":10,"key":"Omamori"}],"event_choices":[{"cards_removed":["Strike_G"],"damage_healed":0,"gold_gain":0,"player_choice":"Card Removal","damage_taken":7,"max_hp_gain":0,"max_hp_loss":0,"event_name":"Golden Wing","floor":3,"gold_loss":0},{"damage_healed":0,"gold_gain":0,"player_choice":"Trade","damage_taken":0,"relics_obtained":["GremlinMask"],"max_hp_gain":0,"max_hp_loss":0,"event_name":"FaceTrader","floor":4,"gold_loss":0}],"is_beta":false,"boss_relics":[],"items_purged_floors":[],"is_endless":false,"potions_floor_spawned":[2,5,7,10],"killed_by":"Gremlin Gang","ascension_level":6}