{"gold_per_floor":[119,2,2,15,15,15,15,30,57,73,93,106,120,90,90,90],"floor_reached":16,"playtime":839,"items_purged":[],"score":94,"play_id":"32201783-961f-4831-a203-32c30951c7cf","local_time":"20190807195504","is_ascension_mode":false,"campfire_choices":[{"data":"Footwork","floor":6,"key":"SMITH"},{"floor":15,"key":"REST"}],"neow_cost":"NONE","seed_source_timestamp":224396856218252,"circlet_count":0,"master_deck":["Strike_G","Strike_G","Strike_G","Strike_G","Strike_G","Defend_G","Defend_G","Defend_G","Defend_G","Defend_G","Survivor","Neutralize","Blade Dance","Footwork+1","Blur","Outmaneuver","Reflex","Acrobatics","Tactician","Calculated Gamble"],"relics":["Ring of the Snake","Omamori","The Courier","Bronze Scales"],"potions_floor_usage":[12,16,16],"damage_taken":[{"damage":2,"enemies":"Small Slimes","floor":1,"turns":5},{"damage":1,"enemies":"Jaw Worm","floor":4,"turns":7},{"damage":0,"enemies":"2 Louse","floor":8,"turns":5},{"damage":7,"enemies":"Large Slime","floor":10,"turns":11},{"damage":4,"enemies":"Blue Slaver","floor":11,"turns":6},{"damage":16,"enemies":"Exordium Thugs","floor":12,"turns":6},{"damage":12,"enemies":"Large Slime","floor":13,"turns":8},{"damage":2,"enemies":"Looter","floor":14,"turns":4},{"damage":48,"enemies":"The Guardian","floor":16,"turns":22}],"seed_played":"-601567838793694024","potions_obtained":[{"floor":4,"key":"Explosive Potion"},{"floor":11,"key":"EntropicBrew"}],"is_trial":false,"path_per_floor":["M","$","?","M","$","R","?","M","T","M","M","M","M","M","R","B"],"character_chosen":"THE_SILENT","items_purchased":["Footwork","Blur"],"campfire_rested":1,"item_purchase_floors":[2,2],"current_hp_per_floor":[68,68,68,67,67,67,64,64,64,57,53,37,25,23,44,0],"gold":90,"neow_bonus":"RANDOM_COMMON_RELIC","is_prod":false,"is_daily":false,"chose_seed":false,"campfire_upgraded":1,"win_rate":0,"timestamp":1565178904,"path_taken":["M","$","?","M","$","R","?","M","T","M","M","M","M","M","R","BOSS"],"build_version":"2019-07-17","purchased_purges":0,"victory":false,"max_hp_per_floor":[70,70,70,70,70,70,70,70,70,70,70,70,70,70,70,70],"card_choices":[{"not_picked":["Dodge and Roll","Terror"],"picked":"Blade Dance","floor":1},{"not_picked":["Skewer","Dagger Throw"],"picked":"Outmaneuver","floor":4},{"not_picked":["Prepared","Dodge and Roll"],"picked":"Reflex","floor":8},{"not_picked":["Prepared","Skewer"],"picked":"Acrobatics","floor":10},{"not_picked":["Heel Hook","Blade Dance"],"picked":"Tactician","floor":11},{"not_picked":["Skewer","Dash"],"picked":"Calculated Gamble","floor":12},{"not_picked":["Caltrops","Deadly Poison","Night Terror"],"picked":"SKIP","floor":13},{"not_picked":["Flechettes","Outmaneuver","Flying Knee"],"picked":"SKIP","floor":14}],"player_experience":120134,"relics_obtained":[{"floor":9,"key":"Bronze Scales"}],"event_choices":[{"damage_healed":0,"gold_gain":0,"player_choice":"Ignored","damage_taken":0,"max_hp_gain":0,"max_hp_loss":0,"event_name":"Golden Idol","floor":3,"gold_loss":0},{"damage_healed":0,"gold_gain":0,"player_choice":"Success","damage_taken":3,"relics_obtained":["The Courier"],"max_hp_gain":0,"max_hp_loss":0,"event_name":"Scrap Ooze","floor":7,"gold_loss":0}],"is_beta":false,"boss_relics":[],"items_purged_floors":[],"is_endless":false,"potions_floor_spawned":[4,11],"killed_by":"The Guardian","ascension_level":0}