{"gold_per_floor":[117,117,117,136,96,134,134,172,184,196,224,261,273,285,297,435,447,474,486,516,528,165,206,226,226,226,226,242,242,278,278,278,399,462,482,495,520,535,97,141,141,210,210,210,210,226,3,3,3,3,3,3,3,41,41],"floor_reached":56,"playtime":22897,"items_purged":["Strike_R","Strike_R","Parasite"],"score":1278,"play_id":"bfbd04fe-5148-4c75-8c95-4998f7105f2d","local_time":"20181222184350","is_ascension_mode":false,"campfire_choices":[{"data":"Body Slam","floor":7.0,"key":"SMITH"},{"data":"Pommel Strike","floor":10.0,"key":"SMITH"},{"data":"Iron Wave","floor":15.0,"key":"SMITH"},{"data":"Metallicize","floor":25.0,"key":"SMITH"},{"data":"Shrug It Off","floor":27.0,"key":"SMITH"},{"data":"Bash","floor":29.0,"key":"SMITH"},{"floor":32.0,"key":"REST"},{"data":"Barricade","floor":41,"key":"SMITH"},{"floor":45,"key":"RECALL"},{"data":"Feel No Pain","floor":49,"key":"SMITH"},{"data":"Defend_R","floor":52,"key":"SMITH"}],"neow_cost":"NONE","seed_source_timestamp":0,"circlet_count":0,"master_deck":["Strike_R","Defend_R","Defend_R","Defend_R","Defend_R+1","Bash+1","Iron Wave+1","Body Slam+1","Pommel Strike+1","Shrug It Off+1","Uppercut+1","True Grit+1","Fiend Fire+1","Entrench+1","True Grit+1","Shrug It Off+1","Metallicize+1","Flame Barrier+1","Barricade+1","Feel No Pain+1","Warcry+1","Disarm+1","Shockwave+1","Warcry+1","Body Slam+1"],"special_seed":0,"relics":["Burning Blood","NeowsBlessing","Golden Idol","Gremlin Horn","MawBank","Toxic Egg 2","Mark of Pain","Pantograph","The Courier","Question Card","Anchor","Tiny House","OrangePellets","Bottled Lightning","Bottled Flame","Bird Faced Urn","PreservedInsect","Centennial Puzzle"],"potions_floor_usage":[42,55,55,55],"damage_taken":[{"damage":0.0,"enemies":"Small Slimes","floor":1.0,"turns":1.0},{"damage":0.0,"enemies":"Cultist","floor":4.0,"turns":1.0},{"damage":0.0,"enemies":"Gremlin Nob","floor":6.0,"turns":1.0},{"damage":33.0,"enemies":"3 Sentries","floor":8.0,"turns":9.0},{"damage":0.0,"enemies":"Jaw Worm","floor":11.0,"turns":4.0},{"damage":2.0,"enemies":"Large Slime","floor":12.0,"turns":6.0},{"damage":16.0,"enemies":"The Guardian","floor":16.0,"turns":13.0},{"damage":0.0,"enemies":"Chosen","floor":18.0,"turns":4.0},{"damage":7.0,"enemies":"2 Thieves","floor":20.0,"turns":4.0},{"damage":0.0,"enemies":"Shelled Parasite and Fungi","floor":21.0,"turns":2.0},{"damage":23.0,"enemies":"Slavers","floor":23.0,"turns":5.0},{"damage":0.0,"enemies":"Snake Plant","floor":24.0,"turns":4.0},{"damage":19.0,"enemies":"Snecko","floor":28.0,"turns":5.0},{"damage":28.0,"enemies":"Gremlin Leader","floor":30.0,"turns":7.0},{"damage":28,"enemies":"Automaton","floor":33,"turns":14},{"damage":0,"enemies":"Orb Walker","floor":35,"turns":2},{"damage":3,"enemies":"3 Shapes","floor":36,"turns":11},{"damage":20,"enemies":"Maw","floor":37,"turns":9},{"damage":18,"enemies":"Transient","floor":38,"turns":5},{"damage":0,"enemies":"Giant Head","floor":40,"turns":8},{"damage":14,"enemies":"2 Orb Walkers","floor":42,"turns":7},{"damage":11,"enemies":"Writhing Mass","floor":46,"turns":6},{"damage":13,"enemies":"Awakened One","floor":50,"turns":13},{"damage":22,"enemies":"Shield and Spear","floor":54,"turns":10},{"damage":14,"enemies":"The Heart","floor":55,"turns":13}],"seed_played":"-5828557121084444124","potions_obtained":[{"floor":4.0,"key":"LiquidBronze"},{"floor":5.0,"key":"SmokeBomb"},{"floor":5.0,"key":"Swift Potion"},{"floor":8.0,"key":"Weak Potion"},{"floor":12.0,"key":"EssenceOfSteel"},{"floor":16.0,"key":"Regen Potion"},{"floor":24.0,"key":"Dexterity Potion"},{"floor":28.0,"key":"AttackPotion"},{"floor":33,"key":"Regen Potion"},{"floor":34,"key":"LiquidBronze"},{"floor":42,"key":"Ancient Potion"}],"is_trial":false,"path_per_floor":["M","?","?","M","?","E","R","E","T","R","M","M","?","?","R","B",null,"M","?","M","M","$","E","M","R","T","R","M","R","E","?","R","B",null,"M","M","M","M","$","E","R","?","T","?","R","M","$","?","R","B",null,"R","$","E","B",null],"character_chosen":"IRONCLAD","items_purchased":["Shrug It Off+1","Pantograph","OrangePellets","Bottled Lightning","PreservedInsect"],"campfire_rested":1,"item_purchase_floors":[22,22,39,39,47],"current_hp_per_floor":[80,74,79,79,79,79,79,52,52,52,58,62,55,55,55,45,79,79,79,78,79,79,74,79,79,79,79,66,66,44,44,67,57,84,84,84,70,58,58,64,64,71,71,71,71,72,72,72,72,73,77,77,77,63,71],"gold":41,"neow_bonus":"THREE_ENEMY_KILL","is_prod":false,"is_daily":false,"chose_seed":false,"campfire_upgraded":9,"win_rate":0,"timestamp":1545529430,"path_taken":["M","?","?","M","?","E","R","E","T","R","M","?","?","?","R","BOSS","M","?","?","M","$","E","M","R","T","R","M","R","E","?","R","BOSS","M","M","M","M","$","E","R","?","T","?","R","M","$","?","R","BOSS","R","$","E","BOSS"],"build_version":"2018-12-20","purchased_purges":3,"victory":true,"max_hp_per_floor":[80,74,79,79,79,79,79,79,79,79,79,79,79,79,79,79,79,79,79,79,79,79,79,79,79,79,79,79,79,79,79,79,79,84,84,84,84,84,84,84,84,84,84,80,80,80,77,77,77,77,77,77,77,77,77],"card_choices":[{"not_picked":["Flex","Heavy Blade"],"picked":"Iron Wave","floor":1.0},{"not_picked":["Entrench","Sword Boomerang"],"picked":"Body Slam","floor":4.0},{"not_picked":["Thunderclap","Wild Strike"],"picked":"Pommel Strike","floor":6.0},{"not_picked":["Double Tap","Havoc"],"picked":"Shrug It Off","floor":8.0},{"not_picked":["Hemokinesis","Pummel"],"picked":"Uppercut","floor":11.0},{"not_picked":["Warcry+1","Twin Strike"],"picked":"True Grit+1","floor":12.0},{"not_picked":["Dark Embrace","Immolate"],"picked":"Fiend Fire","floor":16.0},{"not_picked":["Anger","Twin Strike"],"picked":"Spot Weakness+1","floor":18.0},{"not_picked":["Perfected Strike","Clothesline"],"picked":"True Grit+1","floor":20.0},{"not_picked":["Wild Strike","Pommel Strike+1"],"picked":"Metallicize","floor":23.0},{"not_picked":["Clash","True Grit+1","Thunderclap"],"picked":"SKIP","floor":24.0},{"not_picked":["Clash","True Grit+1","Thunderclap"],"picked":"SKIP","floor":24.0},{"not_picked":["Flex+1","Rage+1","Rampage"],"picked":"Flame Barrier+1","floor":28.0},{"not_picked":["Burning Pact+1","Twin Strike+1","Clothesline","Sword Boomerang+1"],"picked":"SKIP","floor":30.0},{"not_picked":["Berserk","Limit Break+1","Fiend Fire"],"picked":"Barricade","floor":33},{"not_picked":["Cleave","Carnage+1","Perfected Strike"],"picked":"Feel No Pain","floor":34},{"not_picked":["Headbutt","Anger","Heavy Blade"],"picked":"Warcry+1","floor":35},{"not_picked":["Cleave+1","Sword Boomerang","Fiend Fire","Rage+1"],"picked":"SKIP","floor":36},{"not_picked":["Heavy Blade+1","Flex+1","Twin Strike+1"],"picked":"Disarm+1","floor":37},{"not_picked":["True Grit+1","Blood for Blood+1","Seeing Red+1"],"picked":"Shockwave+1","floor":38},{"not_picked":["Flame Barrier+1","Rampage+1","Immolate"],"picked":"Warcry+1","floor":40},{"not_picked":["Rupture","Pommel Strike","Heavy Blade","Twin Strike+1"],"picked":"SKIP","floor":46},{"not_picked":["Twin Strike+1","Dropkick+1","Thunderclap+1"],"picked":"Body Slam+1","floor":54}],"player_experience":1565270,"relics_obtained":[{"floor":6.0,"key":"Gremlin Horn"},{"floor":8.0,"key":"MawBank"},{"floor":9.0,"key":"Toxic Egg 2"},{"floor":23.0,"key":"The Courier"},{"floor":26.0,"key":"Question Card"},{"floor":30.0,"key":"Anchor"},{"floor":40,"key":"Bottled Flame"},{"floor":42,"key":"Bird Faced Urn"},{"floor":54,"key":"Centennial Puzzle"}],"event_choices":[{"damage_healed":0.0,"max_hp_gain":0.0,"max_hp_loss":6.0,"gold_gain":0.0,"event_name":"Golden Idol","player_choice":"Lose Max HP","floor":2.0,"gold_loss":0.0,"damage_taken":0.0,"relics_obtained":["Golden Idol"]},{"damage_healed":0.0,"max_hp_gain":5.0,"max_hp_loss":0.0,"gold_gain":0.0,"event_name":"Big Fish","player_choice":"Donut","floor":3.0,"gold_loss":0.0,"damage_taken":0.0},{"damage_healed":0.0,"max_hp_gain":0.0,"max_hp_loss":0.0,"gold_gain":0.0,"event_name":"The Woman in Blue","player_choice":"Bought 3 Potions","floor":5.0,"gold_loss":0.0,"damage_taken":0.0},{"cards_removed":["Strike_R"],"damage_healed":0.0,"max_hp_gain":0.0,"max_hp_loss":0.0,"gold_gain":0.0,"event_name":"Golden Wing","player_choice":"Card Removal","floor":13.0,"gold_loss":0.0,"damage_taken":7.0},{"damage_healed":0.0,"max_hp_gain":0.0,"max_hp_loss":0.0,"gold_gain":0.0,"event_name":"Living Wall","player_choice":"Grow","floor":14.0,"gold_loss":0.0,"damage_taken":0.0,"cards_upgraded":["Uppercut"]},{"damage_healed":0.0,"max_hp_gain":0.0,"max_hp_loss":0.0,"gold_gain":0.0,"cards_transformed":["Strike_R"],"event_name":"Transmorgrifier","player_choice":"Transformed","floor":19.0,"gold_loss":0.0,"damage_taken":0.0,"cards_obtained":["Entrench"]},{"damage_healed":0.0,"max_hp_gain":0.0,"max_hp_loss":0.0,"gold_gain":0.0,"event_name":"Ghosts","player_choice":"Ignored","floor":31.0,"gold_loss":0.0,"damage_taken":0.0},{"damage_healed":0,"gold_gain":0,"player_choice":"Fight","damage_taken":0,"max_hp_gain":0,"max_hp_loss":0,"event_name":"Mysterious Sphere","floor":42,"gold_loss":0},{"damage_healed":0,"gold_gain":0,"player_choice":"Max HP","damage_taken":0,"max_hp_gain":0,"max_hp_loss":4,"event_name":"Winding Halls","floor":44,"gold_loss":0},{"cards_removed":["Spot Weakness"],"damage_healed":0,"gold_gain":0,"player_choice":"Removed Skill","damage_taken":0,"max_hp_gain":0,"max_hp_loss":0,"event_name":"Falling","floor":48,"gold_loss":0}],"is_beta":false,"boss_relics":[{"not_picked":["Runic Pyramid","Calling Bell"],"picked":"Mark of Pain"},{"not_picked":["Fusion Hammer","Orrery"],"picked":"Tiny House"}],"items_purged_floors":[22,39,47],"is_endless":false,"potions_floor_spawned":[4,8,12,16,21,24,28,33,37,42,46],"ascension_level":0}