{"gold_per_floor":[110,122,23,39,39,39,55,89,160,180,180,192,192,210,210,310,310,330,330,245,293,306,306,323,17,17,34,47,47],"floor_reached":29,"playtime":1112,"items_purged":["Strike_G"],"score":229,"play_id":"aa8b40bb-026e-4c40-bfc2-464c5202341d","local_time":"20190808174045","is_ascension_mode":false,"campfire_choices":[{"data":"Noxious Fumes","floor":6,"key":"SMITH"},{"floor":11,"key":"REST"},{"floor":15,"key":"REST"},{"floor":23,"key":"REST"}],"neow_cost":"NONE","seed_source_timestamp":302474105852315,"circlet_count":0,"master_deck":["Strike_G","Strike_G","Strike_G","Strike_G","Defend_G+1","Defend_G","Defend_G","Defend_G","Defend_G","Survivor+1","Neutralize","Noxious Fumes+1","Slice","Outmaneuver","Tactician","Slice","Footwork","Deflect","Footwork","Noxious Fumes","Blur","Deflect","Cloak And Dagger","Blur"],"relics":["Ring of the Snake","Ancient Tea Set","Nunchaku","Bottled Tornado","Orichalcum","Orrery","Torii","War Paint","Pantograph","Matryoshka"],"potions_floor_usage":[8,10,10,16,16,22,29,29],"damage_taken":[{"damage":0,"enemies":"Jaw Worm","floor":1,"turns":7},{"damage":1,"enemies":"Cultist","floor":2,"turns":4},{"damage":0,"enemies":"2 Louse","floor":4,"turns":4},{"damage":4,"enemies":"Red Slaver","floor":7,"turns":5},{"damage":53,"enemies":"Gremlin Nob","floor":8,"turns":6},{"damage":3,"enemies":"Exordium Thugs","floor":10,"turns":5},{"damage":0,"enemies":"Looter","floor":12,"turns":3},{"damage":12,"enemies":"Exordium Wildlife","floor":14,"turns":6},{"damage":21,"enemies":"The Guardian","floor":16,"turns":14},{"damage":11,"enemies":"Shell Parasite","floor":18,"turns":7},{"damage":27,"enemies":"Chosen","floor":22,"turns":7},{"damage":23,"enemies":"Snake Plant","floor":24,"turns":6},{"damage":17,"enemies":"Centurion and Healer","floor":27,"turns":8},{"damage":12,"enemies":"Snecko","floor":28,"turns":7},{"damage":8,"enemies":"Slavers","floor":29,"turns":2}],"seed_played":"7174179918239005986","potions_obtained":[{"floor":1,"key":"SpeedPotion"},{"floor":8,"key":"EntropicBrew"},{"floor":12,"key":"Swift Potion"},{"floor":18,"key":"GamblersBrew"},{"floor":27,"key":"AttackPotion"}],"is_trial":false,"path_per_floor":["M","M","$","M","?","R","M","E","T","M","R","M","?","M","R","B",null,"M","$","?","T","M","R","M","$","T","M","M","E"],"character_chosen":"THE_SILENT","items_purchased":["Outmaneuver","Pantograph","Deflect"],"campfire_rested":3,"item_purchase_floors":[3,25,25],"current_hp_per_floor":[70,69,69,69,74,74,70,17,17,14,36,36,29,17,39,18,75,64,64,64,64,37,59,36,36,36,19,7,0],"gold":47,"neow_bonus":"RANDOM_COMMON_RELIC","is_prod":false,"is_daily":false,"chose_seed":false,"campfire_upgraded":1,"win_rate":0,"timestamp":1565257245,"path_taken":["M","M","$","M","?","R","M","E","T","M","R","M","?","M","R","BOSS","M","$","?","?","M","R","?","$","T","M","M","E"],"build_version":"2019-07-17","purchased_purges":1,"victory":false,"max_hp_per_floor":[70,70,70,70,75,75,75,75,75,75,75,75,75,75,75,75,75,75,75,75,75,75,75,75,75,75,75,75,75],"card_choices":[{"not_picked":["Catalyst","Outmaneuver"],"picked":"Noxious Fumes","floor":1},{"not_picked":["Poisoned Stab","Bane"],"picked":"Slice","floor":2},{"not_picked":["Underhanded Strike","Eviscerate"],"picked":"Tactician","floor":4},{"not_picked":["Flying Knee","Catalyst"],"picked":"Slice","floor":7},{"not_picked":["Skewer","Outmaneuver","Riddle With Holes"],"picked":"SKIP","floor":8},{"not_picked":["Outmaneuver","Dash"],"picked":"Footwork","floor":10},{"not_picked":["Heel Hook","Outmaneuver"],"picked":"Deflect","floor":12},{"not_picked":["Flying Knee","Leg Sweep","Catalyst"],"picked":"SKIP","floor":14},{"not_picked":["Dodge and Roll","Sucker Punch"],"picked":"Footwork","floor":17},{"not_picked":["Poisoned Stab","Flying Knee"],"picked":"Noxious Fumes","floor":17},{"not_picked":["Sucker Punch","Flechettes+1","Crippling Poison"],"picked":"SKIP","floor":18},{"not_picked":["Setup+1","Bane","Sucker Punch"],"picked":"SKIP","floor":22},{"not_picked":["Eviscerate+1","Finisher"],"picked":"Blur","floor":24},{"not_picked":["Distraction","Choke+1"],"picked":"Cloak And Dagger","floor":27},{"not_picked":["Underhanded Strike","Heel Hook"],"picked":"Blur","floor":28}],"player_experience":146288,"relics_obtained":[{"floor":8,"key":"Nunchaku"},{"floor":9,"key":"Bottled Tornado"},{"floor":21,"key":"War Paint"},{"floor":26,"key":"Matryoshka"}],"event_choices":[{"damage_healed":0,"gold_gain":0,"player_choice":"Donut","damage_taken":0,"max_hp_gain":5,"max_hp_loss":0,"event_name":"Big Fish","floor":5,"gold_loss":0},{"damage_healed":0,"gold_gain":0,"player_choice":"Success","damage_taken":7,"relics_obtained":["Orichalcum"],"max_hp_gain":0,"max_hp_loss":0,"event_name":"Scrap Ooze","floor":13,"gold_loss":0},{"damage_healed":0,"gold_gain":0,"player_choice":"Obtained Relic","damage_taken":0,"relics_obtained":["Torii"],"max_hp_gain":0,"max_hp_loss":0,"event_name":"Addict","floor":20,"gold_loss":85}],"is_beta":false,"boss_relics":[{"not_picked":["Runic Dome","Coffee Dripper"],"picked":"Orrery"}],"items_purged_floors":[3],"is_endless":false,"potions_floor_spawned":[1,8,12,18,27],"killed_by":"Slavers","ascension_level":0}