{"gold_per_floor":[113,129,142,142,142,173,196,219,243,10,10,10,23,38,38,167,167,190,209,209,225,250,250,285,285,309,353,374,394,394],"floor_reached":30,"playtime":2097,"items_purged":[],"score":373,"play_id":"ea199302-5251-4be4-89c0-96da375785f1","local_time":"20181222161225","is_ascension_mode":true,"campfire_choices":[{"data":"Self Repair","floor":15.0,"key":"SMITH"},{"data":"Leap","floor":23,"key":"SMITH"},{"floor":25,"key":"REST"}],"neow_cost":"NONE","seed_source_timestamp":0,"circlet_count":0,"master_deck":["Strike_B","Strike_B","Strike_B","Strike_B","Defend_B","Defend_B","Defend_B","Defend_B","Zap","Dualcast","Go for the Eyes","Capacitor","Echo Form+1","Stack","Leap","Ball Lightning","Self Repair+1","Barrage","Leap+1","Core Surge","Hologram","Ball Lightning+1","Electrodynamics","Hologram+1"],"special_seed":0,"relics":["Cracked Core","NeowsBlessing","Golden Idol","Pen Nib","Oddly Smooth Stone","Busted Crown","Nloth\u0027s Gift","DataDisk","PreservedInsect","Lantern"],"potions_floor_usage":[16,16,19,21,22,22,24,24,24,29],"damage_taken":[{"damage":0.0,"enemies":"Cultist","floor":1.0,"turns":1.0},{"damage":0.0,"enemies":"Small Slimes","floor":2.0,"turns":1.0},{"damage":0.0,"enemies":"Jaw Worm","floor":3.0,"turns":1.0},{"damage":20.0,"enemies":"Lagavulin","floor":6.0,"turns":6.0},{"damage":23.0,"enemies":"Large Slime","floor":7.0,"turns":7.0},{"damage":5.0,"enemies":"Red Slaver","floor":8.0,"turns":5.0},{"damage":3.0,"enemies":"Exordium Wildlife","floor":13.0,"turns":2.0},{"damage":9.0,"enemies":"3 Louse","floor":14.0,"turns":4.0},{"damage":12,"enemies":"Slime Boss","floor":16,"turns":6},{"damage":22,"enemies":"Spheric Guardian","floor":18,"turns":5},{"damage":21,"enemies":"3 Byrds","floor":19,"turns":6},{"damage":6,"enemies":"Cultist and Chosen","floor":21,"turns":5},{"damage":10,"enemies":"Centurion and Healer","floor":22,"turns":7},{"damage":40,"enemies":"Book of Stabbing","floor":24,"turns":7},{"damage":35,"enemies":"Slavers","floor":27,"turns":4},{"damage":0,"enemies":"3 Cultists","floor":28,"turns":3},{"damage":9,"enemies":"Snake Plant","floor":29,"turns":4},{"damage":25,"enemies":"Centurion and Healer","floor":30,"turns":4}],"seed_played":"-8045599995731864760","potions_obtained":[{"floor":3.0,"key":"Strength Potion"},{"floor":7.0,"key":"LiquidBronze"},{"floor":8.0,"key":"EntropicBrew"},{"floor":13.0,"key":"Explosive Potion"},{"floor":14.0,"key":"FearPotion"},{"floor":18,"key":"GamblersBrew"},{"floor":19,"key":"EntropicBrew"},{"floor":22,"key":"FearPotion"},{"floor":28,"key":"Ancient Potion"}],"is_trial":false,"path_per_floor":["M","M","M","?","?","E","M","M","T","$","?","$","M","M","R","B",null,"M","M","?","M","M","R","E","R","T","E","M","M","M"],"character_chosen":"DEFECT","items_purchased":["Oddly Smooth Stone","Self Repair"],"campfire_rested":1,"item_purchase_floors":[10,10],"current_hp_per_floor":[68,68,68,50,50,30,7,2,2,2,27,27,38,36,36,34,65,63,52,52,46,46,46,16,38,38,13,13,14,0],"gold":394,"neow_bonus":"THREE_ENEMY_KILL","is_prod":false,"is_daily":false,"chose_seed":false,"campfire_upgraded":2,"win_rate":0,"timestamp":1545523945,"path_taken":["M","?","M","?","?","E","M","M","T","$","?","$","M","M","R","BOSS","M","M","?","?","M","R","E","R","T","E","M","M","M"],"build_version":"2018-12-20","purchased_purges":0,"victory":false,"max_hp_per_floor":[75,75,75,75,75,75,75,75,75,75,75,75,75,75,75,75,75,75,75,75,75,75,75,75,75,75,75,75,75,75],"card_choices":[{"not_picked":["Scrape","Hologram"],"picked":"Go for the Eyes","floor":1.0},{"not_picked":["Turbo","Undo"],"picked":"Capacitor","floor":2.0},{"not_picked":["Recycle","Streamline"],"picked":"Echo Form","floor":3.0},{"not_picked":["Go for the Eyes","Darkness"],"picked":"Stack","floor":6.0},{"not_picked":["Compile Driver","Go for the Eyes"],"picked":"Leap","floor":7.0},{"not_picked":["Hyperbeam","Streamline"],"picked":"Ball Lightning","floor":8.0},{"not_picked":["Blizzard","Gash"],"picked":"Barrage","floor":13.0},{"not_picked":["Force Field","Lockon"],"picked":"Leap","floor":14.0},{"not_picked":["Seek","Machine Learning"],"picked":"Core Surge","floor":16},{"not_picked":[],"picked":"Hologram","floor":18},{"not_picked":[],"picked":"Ball Lightning+1","floor":19},{"not_picked":["Gash"],"picked":"SKIP","floor":21},{"not_picked":["Gash"],"picked":"SKIP","floor":22},{"not_picked":[],"picked":"Electrodynamics","floor":24},{"not_picked":["Rebound"],"picked":"SKIP","floor":27},{"not_picked":["Gash"],"picked":"SKIP","floor":28},{"not_picked":[],"picked":"Hologram+1","floor":29}],"player_experience":443037,"relics_obtained":[{"floor":6.0,"key":"Pen Nib"},{"floor":9.0,"key":"Anchor"},{"floor":24,"key":"DataDisk"},{"floor":26,"key":"PreservedInsect"},{"floor":27,"key":"Lantern"}],"event_choices":[{"damage_healed":0.0,"max_hp_gain":0.0,"max_hp_loss":0.0,"gold_gain":0.0,"event_name":"Golden Idol","player_choice":"Take Damage","floor":4.0,"gold_loss":0.0,"damage_taken":18.0,"relics_obtained":["Golden Idol"]},{"damage_healed":0.0,"max_hp_gain":0.0,"max_hp_loss":0.0,"gold_gain":0.0,"event_name":"Living Wall","player_choice":"Grow","floor":5.0,"gold_loss":0.0,"damage_taken":0.0,"cards_upgraded":["Echo Form"]},{"damage_healed":25.0,"max_hp_gain":0.0,"max_hp_loss":0.0,"gold_gain":0.0,"event_name":"Big Fish","player_choice":"Banana","floor":11.0,"gold_loss":0.0,"damage_taken":0.0},{"damage_healed":0,"gold_gain":0,"player_choice":"Traded Relic","damage_taken":0,"relics_obtained":["Nloth\u0027s Gift"],"max_hp_gain":0,"max_hp_loss":0,"event_name":"N\u0027loth","floor":20,"relics_lost":["Anchor"],"gold_loss":0}],"is_beta":false,"boss_relics":[{"not_picked":["Eternal Feather","Runic Dome"],"picked":"Busted Crown"}],"items_purged_floors":[],"is_endless":false,"potions_floor_spawned":[3,7,8,13,14,18,19,22,28],"killed_by":"Centurion and Healer","ascension_level":7}