{"gold_per_floor":[118,51,51,66,66,99,99,60,60,123,142,152,172,9,9,111,111,130,130,150,167,167,167,167,167,192,209,10,10,44,44],"floor_reached":31,"playtime":1029,"items_purged":[],"score":288,"play_id":"875c9fdc-7b93-46d6-a616-13ab91f81535","local_time":"20190812121115","is_ascension_mode":false,"campfire_choices":[{"floor":7,"key":"REST"},{"floor":15,"key":"REST"},{"floor":23,"key":"REST"},{"data":"Envenom","floor":25,"key":"SMITH"}],"neow_cost":"NONE","seed_source_timestamp":628420997483810,"circlet_count":0,"master_deck":["Defend_G","Defend_G","Defend_G","Defend_G","Survivor","Neutralize+1","Endless Agony+1","Bullet Time+1","Endless Agony+1","Prepared","Infinite Blades+1","Outmaneuver","Poisoned Stab","Blade Dance","Cloak And Dagger","Noxious Fumes","Deflect","Panache","Envenom+1","Tactician","Acrobatics","Backstab","Bite","Bite","Bite","Bite","Bite","Backflip","Cloak And Dagger"],"relics":["Astrolabe","Happy Flower","Gremlin Horn","Tiny Chest","Lizard Tail","Bag of Marbles","Vajra","PreservedInsect","Question Card"],"potions_floor_usage":[10,13,18,20],"damage_taken":[{"damage":0,"enemies":"2 Louse","floor":1,"turns":4},{"damage":6,"enemies":"Jaw Worm","floor":4,"turns":4},{"damage":28,"enemies":"3 Sentries","floor":6,"turns":8},{"damage":29,"enemies":"Lagavulin","floor":10,"turns":9},{"damage":0,"enemies":"Cultist","floor":11,"turns":4},{"damage":0,"enemies":"Blue Slaver","floor":12,"turns":4},{"damage":2,"enemies":"Looter","floor":13,"turns":3},{"damage":10,"enemies":"Hexaghost","floor":16,"turns":9},{"damage":25,"enemies":"Spheric Guardian","floor":18,"turns":6},{"damage":25,"enemies":"2 Thieves","floor":20,"turns":4},{"damage":44,"enemies":"3 Cultists","floor":21,"turns":6},{"damage":12,"enemies":"Snecko","floor":27,"turns":4},{"damage":19,"enemies":"Gremlin Leader","floor":30,"turns":4},{"damage":15,"enemies":"Snake Plant","floor":31,"turns":1}],"seed_played":"4166131301773440201","potions_obtained":[{"floor":4,"key":"AttackPotion"},{"floor":11,"key":"GamblersBrew"},{"floor":16,"key":"Block Potion"},{"floor":18,"key":"Weak Potion"},{"floor":27,"key":"FearPotion"}],"is_trial":false,"path_per_floor":["M","$","?","M","?","E","R","?","T","E","M","M","M","$","R","B",null,"M","?","M","M","?","R","?","R","T","M","$","$","E","M"],"character_chosen":"THE_SILENT","items_purchased":["Infinite Blades","Panache","PreservedInsect","Cloak And Dagger"],"campfire_rested":3,"item_purchase_floors":[2,14,28,28],"current_hp_per_floor":[70,70,70,64,50,22,43,43,43,14,14,14,12,12,33,23,70,45,45,20,16,16,30,30,30,30,24,24,24,9,0],"gold":44,"neow_bonus":"BOSS_RELIC","is_prod":false,"is_daily":false,"chose_seed":false,"campfire_upgraded":1,"win_rate":0,"timestamp":1565583075,"path_taken":["M","$","?","M","?","E","R","?","T","E","M","M","M","$","R","BOSS","M","?","M","?","?","R","?","R","T","M","?","$","E","M"],"build_version":"2019-07-17","purchased_purges":0,"victory":false,"max_hp_per_floor":[70,70,70,70,70,70,70,70,70,70,70,70,70,70,70,70,70,70,70,70,70,49,49,49,49,49,49,49,49,49,49],"card_choices":[{"not_picked":["Poisoned Stab","Riddle With Holes"],"picked":"Prepared","floor":1},{"not_picked":["Dagger Throw","Acrobatics"],"picked":"Outmaneuver","floor":4},{"not_picked":["Sucker Punch","Underhanded Strike"],"picked":"Poisoned Stab","floor":6},{"not_picked":["Tools of the Trade","Skewer"],"picked":"Blade Dance","floor":10},{"not_picked":["Eviscerate","PiercingWail"],"picked":"Cloak And Dagger","floor":11},{"not_picked":["Expertise","Prepared"],"picked":"Noxious Fumes","floor":12},{"not_picked":["Flechettes","Dodge and Roll"],"picked":"Deflect","floor":13},{"not_picked":["Night Terror","Die Die Die"],"picked":"Envenom","floor":16},{"not_picked":["Predator","Backflip"],"picked":"Tactician","floor":18},{"not_picked":["Tactician","Blade Dance"],"picked":"Acrobatics","floor":20},{"not_picked":["Grand Finale","Masterful Stab+1"],"picked":"Backstab","floor":21},{"not_picked":["Catalyst","Cloak And Dagger"],"picked":"Backflip","floor":27},{"not_picked":["Predator","Underhanded Strike+1","Prepared"],"picked":"SKIP","floor":30}],"player_experience":180531,"relics_obtained":[{"floor":6,"key":"Happy Flower"},{"floor":9,"key":"Gremlin Horn"},{"floor":10,"key":"Tiny Chest"},{"floor":26,"key":"Vajra"},{"floor":30,"key":"Question Card"}],"event_choices":[{"damage_healed":0,"gold_gain":0,"player_choice":"Ignored","damage_taken":0,"max_hp_gain":0,"max_hp_loss":0,"event_name":"Golden Wing","floor":3,"gold_loss":0},{"damage_healed":0,"gold_gain":0,"player_choice":"Entered Light","damage_taken":14,"max_hp_gain":0,"max_hp_loss":0,"event_name":"Shining Light","floor":5,"gold_loss":0,"cards_upgraded":["Infinite Blades","Neutralize"]},{"damage_healed":0,"gold_gain":0,"player_choice":"Left Gold","damage_taken":0,"max_hp_gain":0,"max_hp_loss":0,"event_name":"World of Goop","floor":8,"gold_loss":39},{"cards_removed":["Strike_G"],"damage_healed":0,"gold_gain":0,"player_choice":"Offered Basic","damage_taken":0,"max_hp_gain":0,"max_hp_loss":0,"event_name":"Bonfire Elementals","floor":19,"gold_loss":0},{"damage_healed":0,"gold_gain":0,"player_choice":"Became a vampire","damage_taken":0,"max_hp_gain":0,"max_hp_loss":21,"event_name":"Vampires","floor":22,"gold_loss":0,"cards_obtained":["Bite","Bite","Bite","Bite","Bite"]},{"damage_healed":0,"gold_gain":0,"player_choice":"Opened","damage_taken":0,"relics_obtained":["Bag of Marbles"],"max_hp_gain":0,"max_hp_loss":0,"event_name":"The Mausoleum","floor":24,"gold_loss":0}],"is_beta":false,"boss_relics":[{"not_picked":["Eternal Feather","Busted Crown"],"picked":"Lizard Tail"}],"items_purged_floors":[],"is_endless":false,"potions_floor_spawned":[4,11,16,18,27],"killed_by":"Snake Plant","ascension_level":0}