{"gold_per_floor":[113,132,62,79,79,79,79,93,93,82,7,32,32,59,59,59],"floor_reached":16,"playtime":749,"items_purged":["Strike_R"],"score":116,"play_id":"79863ce9-a962-461f-a1de-5fc83d71fbda","local_time":"20190515120707","is_ascension_mode":true,"campfire_choices":[{"data":"Armaments","floor":6,"key":"SMITH"},{"data":"Body Slam","floor":15,"key":"SMITH"}],"neow_cost":"NONE","seed_source_timestamp":434053712315168,"circlet_count":0,"master_deck":["Strike_R","Strike_R","Strike_R","Defend_R","Defend_R","Defend_R","Defend_R","Bash","Shrug It Off","Shrug It Off","Armaments+1","True Grit","Pummel","Body Slam+1","Spot Weakness"],"relics":["Burning Blood","NeowsBlessing","Kunai","Mummified Hand","Torii","Dream Catcher"],"potions_floor_usage":[8,10,12],"damage_taken":[{"damage":0,"enemies":"Small Slimes","floor":1,"turns":1},{"damage":0,"enemies":"Cultist","floor":2,"turns":1},{"damage":0,"enemies":"Jaw Worm","floor":4,"turns":1},{"damage":12,"enemies":"Blue Slaver","floor":8,"turns":4},{"damage":1,"enemies":"Exordium Thugs","floor":10,"turns":4},{"damage":20,"enemies":"Gremlin Nob","floor":12,"turns":5},{"damage":22,"enemies":"3 Sentries","floor":14,"turns":18},{"damage":50,"enemies":"Slime Boss","floor":16,"turns":8}],"seed_played":"-1998758696196767445","potions_obtained":[{"floor":1,"key":"Weak Potion"},{"floor":4,"key":"Regen Potion"},{"floor":8,"key":"BloodPotion"}],"is_trial":false,"path_per_floor":["M","M","$","M","?","R","?","M","T","M","$","E","$","E","R","B"],"character_chosen":"IRONCLAD","items_purchased":["Armaments","True Grit"],"campfire_rested":0,"item_purchase_floors":[3,3],"current_hp_per_floor":[80,80,80,80,47,47,47,53,53,66,66,52,52,36,36,0],"gold":59,"neow_bonus":"THREE_ENEMY_KILL","is_prod":false,"is_daily":false,"chose_seed":false,"campfire_upgraded":2,"win_rate":0,"timestamp":1557893227,"path_taken":["M","M","$","M","?","R","?","M","T","?","$","E","?","E","R","BOSS"],"build_version":"2019-01-23","purchased_purges":1,"victory":false,"max_hp_per_floor":[80,80,80,80,80,80,80,80,80,80,80,80,80,80,80,80],"card_choices":[{"not_picked":["Corruption","Warcry"],"picked":"Shrug It Off","floor":1},{"not_picked":["Corruption","Bloodletting"],"picked":"Shrug It Off","floor":2},{"not_picked":["Perfected Strike","Warcry"],"picked":"Pummel","floor":4},{"not_picked":["Evolve","Iron Wave"],"picked":"Body Slam","floor":8},{"not_picked":["Dropkick","Havoc","Headbutt"],"picked":"SKIP","floor":10},{"not_picked":["Infernal Blade","Armaments","Flex"],"picked":"SKIP","floor":12},{"not_picked":["Impervious","Twin Strike"],"picked":"Spot Weakness","floor":14}],"player_experience":90034,"relics_obtained":[{"floor":9,"key":"Mummified Hand"},{"floor":12,"key":"Torii"},{"floor":14,"key":"Dream Catcher"}],"event_choices":[{"damage_healed":0,"gold_gain":0,"player_choice":"Success","damage_taken":33,"relics_obtained":["Kunai"],"max_hp_gain":0,"max_hp_loss":0,"event_name":"Scrap Ooze","floor":5,"gold_loss":0},{"cards_removed":["Strike_R"],"damage_healed":0,"gold_gain":0,"player_choice":"Purged","damage_taken":0,"max_hp_gain":0,"max_hp_loss":0,"event_name":"Purifier","floor":7,"gold_loss":0}],"is_beta":false,"boss_relics":[],"items_purged_floors":[11],"is_endless":false,"potions_floor_spawned":[1,4,8],"killed_by":"Slime Boss","ascension_level":1}