{"gold_per_floor":[113,288,213,213,129,129,142,142,210,224,285,303,314,326,326,421,421,436,452,40,40,40,40,60,60,60,60],"floor_reached":27,"playtime":728,"items_purged":["Doubt","Strike_R"],"score":213,"play_id":"d83f75b9-74b8-4ee6-ac1b-a63f90175ac0","local_time":"20190825082623","is_ascension_mode":false,"campfire_choices":[{"floor":6,"key":"RECALL"},{"data":"Armaments","floor":8,"key":"SMITH"},{"data":"Feel No Pain","floor":15,"key":"SMITH"},{"data":"Barricade","floor":23,"key":"SMITH"}],"neow_cost":"NONE","seed_source_timestamp":407350290098878,"circlet_count":0,"master_deck":["Strike_R","Strike_R","Strike_R","Strike_R+1","Defend_R+1","Defend_R","Defend_R","Defend_R","Bash","Flex","Rampage","Armaments+1","Feel No Pain+1","Anger","Heavy Blade","Feel No Pain","Barricade+1","Anger+1","Body Slam","Flame Barrier+1"],"relics":["Burning Blood","Bag of Marbles","Mercury Hourglass","Tiny Chest","Mark of Pain","Singing Bowl"],"potions_floor_usage":[11,16],"damage_taken":[{"damage":3,"enemies":"2 Louse","floor":1,"turns":3},{"damage":2,"enemies":"Jaw Worm","floor":7,"turns":4},{"damage":0,"enemies":"Cultist","floor":10,"turns":3},{"damage":30,"enemies":"3 Sentries","floor":11,"turns":7},{"damage":2,"enemies":"Blue Slaver","floor":12,"turns":3},{"damage":0,"enemies":"2 Fungi Beasts","floor":13,"turns":3},{"damage":0,"enemies":"3 Louse","floor":14,"turns":3},{"damage":45,"enemies":"Slime Boss","floor":16,"turns":10},{"damage":46,"enemies":"3 Byrds","floor":18,"turns":6},{"damage":5,"enemies":"Chosen","floor":19,"turns":4},{"damage":15,"enemies":"Snecko","floor":24,"turns":6},{"damage":34,"enemies":"3 Cultists","floor":27,"turns":4}],"seed_played":"2164454416383137730","potions_obtained":[{"floor":1,"key":"Regen Potion"},{"floor":10,"key":"BloodPotion"},{"floor":11,"key":"Poison Potion"},{"floor":14,"key":"SpeedPotion"}],"is_trial":false,"path_per_floor":["M","?","$","?","$","R","M","R","T","M","E","M","M","M","R","B",null,"M","M","$","?","?","R","M","?","T","M"],"character_chosen":"IRONCLAD","items_purchased":["Rampage","Armaments","Singing Bowl","PowerPotion"],"campfire_rested":0,"item_purchase_floors":[5,5,20,20],"current_hp_per_floor":[80,80,80,64,64,64,68,68,68,74,64,68,74,80,80,41,80,40,41,41,41,41,41,34,34,34,0],"gold":60,"neow_bonus":"RANDOM_COMMON_RELIC","is_prod":false,"is_daily":false,"chose_seed":false,"campfire_upgraded":3,"win_rate":0,"timestamp":1566692783,"path_taken":["M","?","$","?","?","R","M","R","T","M","E","?","?","M","R","BOSS","M","M","$","?","?","R","M","?","T","M"],"build_version":"2019-07-17","purchased_purges":2,"victory":false,"max_hp_per_floor":[80,80,80,80,80,80,80,80,80,80,80,80,80,80,80,80,80,80,80,80,80,80,80,82,82,82,82],"card_choices":[{"not_picked":["Ghostly Armor","Armaments"],"picked":"Flex","floor":1},{"not_picked":["Armaments","Sever Soul","Blood for Blood"],"picked":"SKIP","floor":7},{"not_picked":["Shockwave","Clothesline"],"picked":"Feel No Pain","floor":10},{"not_picked":["Headbutt","Blood for Blood"],"picked":"Anger","floor":11},{"not_picked":["Twin Strike","Whirlwind","Hemokinesis"],"picked":"SKIP","floor":12},{"not_picked":["Entrench","Perfected Strike"],"picked":"Heavy Blade","floor":13},{"not_picked":["Rage","Clash"],"picked":"Feel No Pain","floor":14},{"not_picked":["Exhume","Limit Break"],"picked":"Barricade","floor":16},{"not_picked":["Heavy Blade","Armaments+1"],"picked":"Anger+1","floor":18},{"not_picked":["Headbutt","Rupture"],"picked":"Body Slam","floor":19},{"not_picked":["Headbutt","Whirlwind","Power Through+1"],"picked":"Singing Bowl","floor":24}],"player_experience":251144,"relics_obtained":[{"floor":9,"key":"Mercury Hourglass"},{"floor":11,"key":"Tiny Chest"}],"event_choices":[{"damage_healed":0,"gold_gain":175,"player_choice":"AGREE","damage_taken":0,"max_hp_gain":0,"max_hp_loss":0,"event_name":"Liars Game","floor":2,"gold_loss":0,"cards_obtained":["Doubt"]},{"damage_healed":0,"gold_gain":0,"player_choice":"Entered Light","damage_taken":16,"max_hp_gain":0,"max_hp_loss":0,"event_name":"Shining Light","floor":4,"gold_loss":0,"cards_upgraded":["Strike_R","Defend_R"]},{"damage_healed":0,"gold_gain":0,"player_choice":"Read","damage_taken":0,"max_hp_gain":0,"max_hp_loss":0,"event_name":"The Library","floor":21,"gold_loss":0,"cards_obtained":["Flame Barrier"]},{"damage_healed":0,"gold_gain":0,"player_choice":"Ignored","damage_taken":0,"max_hp_gain":0,"max_hp_loss":0,"event_name":"Cursed Tome","floor":22,"gold_loss":0},{"damage_healed":0,"gold_gain":0,"player_choice":"Upgraded","damage_taken":0,"max_hp_gain":0,"max_hp_loss":0,"event_name":"Upgrade Shrine","floor":25,"gold_loss":0,"cards_upgraded":["Flame Barrier"]}],"is_beta":false,"boss_relics":[{"not_picked":["Busted Crown","Black Blood"],"picked":"Mark of Pain"}],"items_purged_floors":[3,20],"is_endless":false,"potions_floor_spawned":[1,10,11,14,24],"killed_by":"3 Cultists","ascension_level":0}