{"gold_per_floor":[112,131,4,16,16,16,31,49,49,49,8,32,32,52,52,177,177,197,24,24,37,61,77,77,176,176,176,187,198,198,225,225,225],"floor_reached":33,"playtime":3394,"items_purged":["Injury"],"score":392,"play_id":"23c54414-0ba5-4760-9104-49250568d2e0","local_time":"20190815203312","is_ascension_mode":true,"campfire_choices":[{"data":"Neutralize","floor":6.0,"key":"SMITH"},{"floor":15.0,"key":"REST"},{"data":"Bouncing Flask","floor":24.0,"key":"SMITH"},{"floor":30.0,"key":"REST"},{"floor":32,"key":"REST"}],"neow_cost":"NONE","seed_source_timestamp":0,"circlet_count":0,"master_deck":["AscendersBane","Strike_G","Strike_G","Strike_G","Strike_G","Strike_G","Defend_G","Defend_G","Defend_G","Defend_G","Defend_G","Survivor","Neutralize+1","After Image","Backflip","Deadly Poison","Noxious Fumes","PiercingWail","Dodge and Roll","Backflip","Well Laid Plans","Blur","Adrenaline","Bane","Sucker Punch","Bouncing Flask+1","Leg Sweep","Blur","Bane+1","PiercingWail","Acrobatics","Dash+1"],"special_seed":0,"relics":["Ring of the Snake","Ninja Scroll","Snake Skull","Bloody Idol","Sozu","Matryoshka","Ancient Tea Set"],"potions_floor_usage":[],"damage_taken":[{"damage":15.0,"enemies":"Cultist","floor":1.0,"turns":8.0},{"damage":3.0,"enemies":"Jaw Worm","floor":2.0,"turns":7.0},{"damage":2.0,"enemies":"2 Louse","floor":4.0,"turns":4.0},{"damage":7.0,"enemies":"2 Fungi Beasts","floor":7.0,"turns":5.0},{"damage":0.0,"enemies":"Blue Slaver","floor":8.0,"turns":5.0},{"damage":6.0,"enemies":"Exordium Wildlife","floor":12.0,"turns":6.0},{"damage":3.0,"enemies":"3 Louse","floor":14.0,"turns":3.0},{"damage":3.0,"enemies":"The Guardian","floor":16.0,"turns":12.0},{"damage":1.0,"enemies":"Spheric Guardian","floor":18.0,"turns":5.0},{"damage":4.0,"enemies":"Shell Parasite","floor":21.0,"turns":5.0},{"damage":14.0,"enemies":"Centurion and Healer","floor":22.0,"turns":7.0},{"damage":3.0,"enemies":"Chosen and Byrds","floor":23.0,"turns":7.0},{"damage":21.0,"enemies":"Snecko","floor":28.0,"turns":6.0},{"damage":6.0,"enemies":"Snake Plant","floor":29.0,"turns":4.0},{"damage":41.0,"enemies":"Slavers","floor":31.0,"turns":6.0},{"damage":31,"enemies":"Champ","floor":33,"turns":10}],"seed_played":"-6774710715768701377","potions_obtained":[{"floor":7.0,"key":"Weak Potion"},{"floor":12.0,"key":"Fire Potion"},{"floor":16.0,"key":"Weak Potion"}],"is_trial":false,"path_per_floor":["M","M","$","M","T","R","M","M","T","?","?","M","$","M","R","B",null,"M","$","?","M","M","M","R","?","T","?","M","M","R","E","R","B"],"character_chosen":"THE_SILENT","items_purchased":["Noxious Fumes","PiercingWail","Sucker Punch","Bouncing Flask"],"campfire_rested":3,"item_purchase_floors":[3,3,19,19],"current_hp_per_floor":[48,45,45,43,43,43,36,36,36,36,36,30,30,27,48,45,64,63,63,63,59,45,42,42,42,42,42,26,25,46,10,31,0],"gold":225,"neow_bonus":"ONE_RANDOM_RARE_CARD","is_prod":false,"is_daily":false,"chose_seed":false,"campfire_upgraded":2,"win_rate":0,"timestamp":1565922792,"path_taken":["M","M","?","M","?","R","M","M","T","?","?","M","$","M","R","BOSS","M","$","?","M","M","M","R","?","T","?","M","M","R","E","R","BOSS"],"build_version":"2019-07-17","purchased_purges":1,"victory":false,"max_hp_per_floor":[70,70,70,70,70,70,70,70,70,70,70,70,70,70,70,70,70,70,70,70,70,70,70,70,70,70,70,70,70,70,70,70,70],"card_choices":[{"not_picked":["Deflect","Blade Dance"],"picked":"Backflip","floor":1.0},{"not_picked":["Heel Hook","Slice"],"picked":"Deadly Poison","floor":2.0},{"not_picked":["Concentrate","Riddle With Holes"],"picked":"Dodge and Roll","floor":4.0},{"not_picked":["Prepared","Deflect"],"picked":"Backflip","floor":7.0},{"not_picked":["Dagger Throw","Noxious Fumes"],"picked":"Well Laid Plans","floor":8.0},{"not_picked":["Blade Dance","Dagger Throw"],"picked":"Blur","floor":12.0},{"not_picked":["Distraction","Heel Hook","Masterful Stab"],"picked":"SKIP","floor":14.0},{"not_picked":["Venomology","Doppelganger"],"picked":"Adrenaline","floor":16.0},{"not_picked":["Well Laid Plans","Deflect"],"picked":"Bane","floor":18.0},{"not_picked":["Bouncing Flask","Slice"],"picked":"Blur","floor":21.0},{"not_picked":["Blur","Poisoned Stab"],"picked":"Bane+1","floor":22.0},{"not_picked":["Poisoned Stab","Cloak And Dagger"],"picked":"PiercingWail","floor":23.0},{"not_picked":["Tactician","Prepared"],"picked":"Acrobatics","floor":28.0},{"not_picked":["Leg Sweep","Sucker Punch"],"picked":"Dash+1","floor":29.0},{"not_picked":["Bane+1","Acrobatics","Endless Agony"],"picked":"SKIP","floor":31.0}],"player_experience":2211013,"relics_obtained":[{"floor":5.0,"key":"Ninja Scroll"},{"floor":9.0,"key":"Snake Skull"},{"floor":26.0,"key":"Matryoshka"},{"floor":31.0,"key":"Ancient Tea Set"}],"event_choices":[{"damage_healed":0.0,"max_hp_gain":0.0,"max_hp_loss":0.0,"gold_gain":0.0,"event_name":"Golden Idol","player_choice":"Take Wound","floor":10.0,"gold_loss":0.0,"damage_taken":0.0,"relics_obtained":["Golden Idol"],"cards_obtained":["Injury"]},{"damage_healed":0.0,"max_hp_gain":0.0,"max_hp_loss":0.0,"gold_gain":0.0,"event_name":"World of Goop","player_choice":"Left Gold","floor":11.0,"gold_loss":41.0,"damage_taken":0.0},{"damage_healed":0.0,"max_hp_gain":0.0,"max_hp_loss":0.0,"gold_gain":0.0,"event_name":"The Library","player_choice":"Read","floor":20.0,"gold_loss":0.0,"damage_taken":0.0,"cards_obtained":["Leg Sweep"]},{"damage_healed":0.0,"max_hp_gain":0.0,"max_hp_loss":0.0,"gold_gain":99.0,"event_name":"Nest","player_choice":"Stole From Cult","floor":25.0,"gold_loss":0.0,"damage_taken":0.0},{"damage_healed":0.0,"max_hp_gain":0.0,"max_hp_loss":0.0,"gold_gain":0.0,"event_name":"Forgotten Altar","player_choice":"Gave Idol","floor":27.0,"relics_lost":["Golden Idol"],"gold_loss":0.0,"damage_taken":0.0,"relics_obtained":["Bloody Idol"]}],"is_beta":false,"boss_relics":[{"not_picked":["Cursed Key","WristBlade"],"picked":"Sozu"}],"items_purged_floors":[19],"is_endless":false,"potions_floor_spawned":[7,12,16,21,31],"killed_by":"Champ","ascension_level":10}