{"gold_per_floor":[116,191,202,216,216,216,235,235,235,251,251,176,188,200,200,272,272,282,298,26,37,37],"floor_reached":22,"playtime":1537,"items_purged":["Strike_G"],"score":385,"play_id":"c7185cbd-0078-4e0a-bdb8-ad5a74c0a8b6","local_time":"20190822210530","is_ascension_mode":true,"campfire_choices":[{"floor":6,"key":"REST"},{"data":"Skewer","floor":8,"key":"SMITH"},{"floor":15,"key":"REST"}],"neow_cost":"NONE","seed_source_timestamp":84541072251993,"circlet_count":0,"master_deck":["AscendersBane","Strike_G","Strike_G","Strike_G","Strike_G","Defend_G","Defend_G","Defend_G","Defend_G","Defend_G","Survivor","Neutralize","Dagger Spray+1","Leg Sweep","Skewer+1","Tools of the Trade","Terror","Adrenaline","Well Laid Plans","Catalyst","Backflip"],"relics":["Calling Bell","Regal Pillow","Singing Bowl","Mango","Blue Candle","Cursed Key","Membership Card"],"potions_floor_usage":[10,16,22],"damage_taken":[{"damage":24,"enemies":"Jaw Worm","floor":1,"turns":9},{"damage":9,"enemies":"Small Slimes","floor":3,"turns":5},{"damage":25,"enemies":"Cultist","floor":4,"turns":5},{"damage":10,"enemies":"2 Fungi Beasts","floor":7,"turns":4},{"damage":3,"enemies":"Lots of Slimes","floor":10,"turns":2},{"damage":0,"enemies":"Looter","floor":13,"turns":3},{"damage":5,"enemies":"Large Slime","floor":14,"turns":8},{"damage":9,"enemies":"The Guardian","floor":16,"turns":10},{"damage":15,"enemies":"Shell Parasite","floor":18,"turns":6},{"damage":6,"enemies":"3 Byrds","floor":19,"turns":7},{"damage":35,"enemies":"Snake Plant","floor":21,"turns":6},{"damage":24,"enemies":"Cultist and Chosen","floor":22,"turns":5}],"seed_played":"2090984751186086563","potions_obtained":[{"floor":1,"key":"Strength Potion"},{"floor":4,"key":"GamblersBrew"},{"floor":13,"key":"SkillPotion"},{"floor":19,"key":"PowerPotion"}],"is_trial":false,"path_per_floor":["M","?","M","M","?","R","M","R","T","M","?","$","M","M","R","B",null,"M","M","$","M","M"],"character_chosen":"THE_SILENT","items_purchased":["Membership Card","Catalyst"],"campfire_rested":2,"item_purchase_floors":[20,20],"current_hp_per_floor":[49,38,29,6,6,45,35,35,35,34,34,34,34,29,69,60,78,65,59,59,24,0],"gold":37,"neow_bonus":"BOSS_RELIC","is_prod":false,"is_daily":false,"chose_seed":false,"campfire_upgraded":1,"win_rate":0,"timestamp":1566475530,"path_taken":["M","?","M","M","?","R","M","R","T","?","?","$","?","M","R","BOSS","M","M","$","M","M"],"build_version":"2019-07-17","purchased_purges":1,"victory":false,"max_hp_per_floor":[80,80,80,82,82,82,82,82,82,84,84,84,84,84,84,84,84,86,86,86,86,86],"card_choices":[{"not_picked":["Slice","Sucker Punch"],"picked":"Dagger Spray","floor":1},{"not_picked":["PiercingWail","Terror"],"picked":"Leg Sweep","floor":3},{"not_picked":["Blade Dance","Setup","Night Terror"],"picked":"Singing Bowl","floor":4},{"not_picked":["Acrobatics","Backflip"],"picked":"Skewer","floor":7},{"not_picked":["Outmaneuver","Acrobatics","Quick Slash"],"picked":"Singing Bowl","floor":10},{"not_picked":["Dagger Spray","Quick Slash"],"picked":"Tools of the Trade","floor":13},{"not_picked":["Dodge and Roll","Underhanded Strike"],"picked":"Terror","floor":14},{"not_picked":["Unload","Bullet Time"],"picked":"Adrenaline","floor":16},{"not_picked":["Setup","Slice","Poisoned Stab"],"picked":"Singing Bowl","floor":18},{"not_picked":["All Out Attack","Eviscerate"],"picked":"Well Laid Plans","floor":19},{"not_picked":["Flying Knee+1","Leg Sweep"],"picked":"Backflip","floor":21}],"player_experience":588292,"relics_obtained":[{"floor":0,"key":"Regal Pillow"},{"floor":0,"key":"Singing Bowl"},{"floor":0,"key":"Mango"},{"floor":9,"key":"Blue Candle"}],"event_choices":[{"damage_healed":0,"gold_gain":75,"player_choice":"Gather Gold","damage_taken":11,"max_hp_gain":0,"max_hp_loss":0,"event_name":"World of Goop","floor":2,"gold_loss":0},{"damage_healed":0,"gold_gain":0,"player_choice":"Upgraded","damage_taken":0,"max_hp_gain":0,"max_hp_loss":0,"event_name":"Upgrade Shrine","floor":5,"gold_loss":0,"cards_upgraded":["Dagger Spray"]},{"cards_removed":["Shame","Pain","Injury"],"damage_healed":0,"gold_gain":0,"player_choice":"Removed Curses","damage_taken":0,"max_hp_gain":0,"max_hp_loss":0,"event_name":"Fountain of Cleansing","floor":11,"gold_loss":0}],"is_beta":false,"boss_relics":[{"not_picked":["Eternal Feather","Empty Cage"],"picked":"Cursed Key"}],"items_purged_floors":[12],"is_endless":false,"potions_floor_spawned":[1,4,7,13,19],"killed_by":"Cultist and Chosen","ascension_level":20}