{"gold_per_floor":[10,20,37,51,64,91,105,123,146,162,87,87,87,65,65,164,164,178,277,277,288,303,303,6,6,30,50,50,50,50,69,69,164,164,182,193,14,14,29,29,43,43],"floor_reached":42,"playtime":3353,"items_purged":["Strike_G","Strike_G","Strike_G"],"score":404,"play_id":"fe2fd829-e430-4f27-9a65-61706d098936","local_time":"20181001170327","is_ascension_mode":false,"campfire_choices":[{"floor":13,"key":"REST"},{"data":"Crippling Poison","floor":15,"key":"SMITH"},{"data":"Poisoned Stab","floor":23,"key":"SMITH"},{"data":"Poisoned Stab","floor":25,"key":"SMITH"},{"floor":30,"key":"REST"},{"floor":32,"key":"REST"},{"floor":40,"key":"REST"}],"neow_cost":"NO_GOLD","seed_source_timestamp":0,"circlet_count":0,"master_deck":["Defend_G","Defend_G","Defend_G","Defend_G","Defend_G","Survivor","Neutralize","Sucker Punch","Dash","Flying Knee","Blade Dance","Quick Slash","PiercingWail","Infinite Blades","Crippling Poison+1","Poisoned Stab+1","Poisoned Stab+1","Die Die Die","Catalyst+1","Deadly Poison","Poisoned Stab","PiercingWail+1","Bullet Time","Bane","Mayhem","Well Laid Plans"],"special_seed":0,"relics":["Ring of the Snake","Calipers","Mummified Hand","Lantern","Empty Cage","Strange Spoon","Bronze Scales","Sundial","Busted Crown"],"potions_floor_usage":[16,18,31,31,33,42,42,42],"damage_taken":[{"damage":4.0,"enemies":"Cultist","floor":1.0,"turns":4.0},{"damage":0.0,"enemies":"Small Slimes","floor":2.0,"turns":4.0},{"damage":0.0,"enemies":"Jaw Worm","floor":3.0,"turns":4.0},{"damage":0.0,"enemies":"2 Fungi Beasts","floor":4.0,"turns":4.0},{"damage":0.0,"enemies":"Exordium Wildlife","floor":5.0,"turns":5.0},{"damage":17.0,"enemies":"Lagavulin","floor":6.0,"turns":8.0},{"damage":4.0,"enemies":"Exordium Thugs","floor":7.0,"turns":5.0},{"damage":0.0,"enemies":"Gremlin Gang","floor":8.0,"turns":2.0},{"damage":0.0,"enemies":"3 Louse","floor":10.0,"turns":3.0},{"damage":40,"enemies":"Hexaghost","floor":16,"turns":10},{"damage":4,"enemies":"2 Thieves","floor":18,"turns":4},{"damage":1,"enemies":"Chosen","floor":21,"turns":5},{"damage":12,"enemies":"Snecko","floor":22,"turns":5},{"damage":17,"enemies":"Snake Plant","floor":27,"turns":4},{"damage":0,"enemies":"3 Cultists","floor":31,"turns":3},{"damage":57,"enemies":"Automaton","floor":33,"turns":9},{"damage":1,"enemies":"3 Darklings","floor":35,"turns":4},{"damage":3,"enemies":"Orb Walker","floor":36,"turns":3},{"damage":23,"enemies":"Spire Growth","floor":39,"turns":5},{"damage":17,"enemies":"4 Shapes","floor":41,"turns":4},{"damage":51,"enemies":"Nemesis","floor":42,"turns":4}],"seed_played":"-3539998762872657106","potions_obtained":[{"floor":3.0,"key":"Weak Potion"},{"floor":4.0,"key":"Explosive Potion"},{"floor":6.0,"key":"Explosive Potion"},{"floor":8.0,"key":"FearPotion"},{"floor":10.0,"key":"SpeedPotion"},{"floor":18,"key":"SkillPotion"},{"floor":27,"key":"Explosive Potion"},{"floor":33,"key":"Weak Potion"},{"floor":35,"key":"AttackPotion"},{"floor":39,"key":"SpeedPotion"}],"is_trial":false,"path_per_floor":["M","M","M","M","M","E","M","M","T","M","$","?","R","$","R","B",null,"M","?","?","M","M","R","$","R","T","M","T","$","R","M","R","B",null,"M","M","$","?","M","R","M"],"character_chosen":"THE_SILENT","items_purchased":["Poisoned Stab","Strange Spoon","Bane"],"campfire_rested":4,"item_purchase_floors":[14,24,37],"current_hp_per_floor":[66,66,66,66,66,49,45,45,45,45,45,45,66,66,66,26,70,66,66,66,65,53,53,53,53,53,36,36,36,57,57,70,13,70,69,66,66,66,43,64,47,0],"gold":43,"neow_bonus":"ONE_RARE_RELIC","is_prod":false,"is_daily":false,"chose_seed":false,"campfire_upgraded":3,"win_rate":0,"timestamp":1538438607,"path_taken":["M","M","M","M","M","E","M","M","T","M","?","?","R","$","R","BOSS","M","?","?","M","?","R","$","R","T","M","?","$","R","M","R","BOSS","M","M","?","?","M","R","?","E"],"build_version":"2018-09-27","purchased_purges":3,"victory":false,"max_hp_per_floor":[70,70,70,70,70,70,70,70,70,70,70,70,70,70,70,70,70,70,70,70,70,70,70,70,70,70,70,70,70,70,70,70,70,70,70,70,70,70,70,70,70,70],"card_choices":[{"not_picked":["Expertise","Eviscerate"],"picked":"Sucker Punch","floor":1.0},{"not_picked":["Escape Plan","Accuracy"],"picked":"Dash","floor":2.0},{"not_picked":["Outmaneuver","All Out Attack"],"picked":"Flying Knee","floor":3.0},{"not_picked":["Masterful Stab","Flying Knee"],"picked":"Blade Dance","floor":4.0},{"not_picked":["Bane","Reflex"],"picked":"Quick Slash","floor":5.0},{"not_picked":["Well Laid Plans","Calculated Gamble"],"picked":"PiercingWail","floor":6.0},{"not_picked":["Reflex","Dagger Throw"],"picked":"Infinite Blades","floor":7.0},{"not_picked":["Riddle With Holes","Leg Sweep"],"picked":"Crippling Poison","floor":8.0},{"not_picked":["Distraction","Backflip"],"picked":"Poisoned Stab","floor":10.0},{"not_picked":["Venomology","Malaise"],"picked":"Die Die Die","floor":16},{"not_picked":["Deflect+1","Dash"],"picked":"Catalyst","floor":18},{"not_picked":["Dash","Backflip"],"picked":"Deadly Poison","floor":21},{"not_picked":["Accuracy","Blade Dance+1"],"picked":"Poisoned Stab","floor":22},{"not_picked":["Outmaneuver","Deadly Poison"],"picked":"PiercingWail+1","floor":27},{"not_picked":["Dagger Throw","Finisher","Cloak And Dagger+1"],"picked":"SKIP","floor":31},{"not_picked":["Doppelganger","Glass Knife"],"picked":"Bullet Time","floor":33},{"not_picked":["Expertise"],"picked":"SKIP","floor":35},{"not_picked":["Infinite Blades+1"],"picked":"SKIP","floor":36},{"not_picked":[],"picked":"Mayhem","floor":38},{"not_picked":["PiercingWail+1"],"picked":"SKIP","floor":39},{"not_picked":[],"picked":"Well Laid Plans","floor":41}],"player_experience":95917,"relics_obtained":[{"floor":6.0,"key":"Mummified Hand"},{"floor":9.0,"key":"Lantern"},{"floor":26,"key":"Bronze Scales"},{"floor":28,"key":"Sundial"}],"event_choices":[{"event_name":"Match and Keep!","player_choice":"0 cards matched","floor":12,"damage_taken":0},{"event_name":"Nest","player_choice":"Stole From Cult","floor":19,"damage_taken":0},{"event_name":"Upgrade Shrine","player_choice":"Upgraded","floor":20,"damage_taken":0},{"event_name":"SensoryStone","player_choice":"Memory 1","floor":38,"damage_taken":0}],"is_beta":false,"boss_relics":[{"not_picked":["Cursed Key","Tiny House"],"picked":"Empty Cage"},{"not_picked":["Philosopher\u0027s Stone","Velvet Choker"],"picked":"Busted Crown"}],"items_purged_floors":[11,24,37],"is_endless":false,"potions_floor_spawned":[3,4,6,8,10,18,27,33,35,39],"killed_by":"Nemesis","ascension_level":0}