{"gold_per_floor":[119,135,49,68,37,37,68,68,138,150,180,195,195],"floor_reached":13,"playtime":341,"items_purged":[],"score":89,"play_id":"fbfccb91-436c-4a40-b013-edfc725e68b2","local_time":"20190418182904","is_ascension_mode":true,"campfire_choices":[{"data":"Creative AI","floor":6,"key":"SMITH"}],"neow_cost":"NONE","seed_source_timestamp":201139055447909,"circlet_count":0,"master_deck":["Strike_B+1","Strike_B+1","Strike_B","Defend_B","Defend_B","Defend_B","Defend_B","Zap","Dualcast","Conserve Battery","Gash","FTL","Conserve Battery","Creative AI+1","FTL","White Noise","Force Field"],"relics":["Cracked Core","Whetstone","Bag of Marbles","Matryoshka","Tiny Chest","Ornamental Fan"],"potions_floor_usage":[],"damage_taken":[{"damage":0,"enemies":"Small Slimes","floor":1,"turns":3},{"damage":0,"enemies":"Jaw Worm","floor":2,"turns":4},{"damage":0,"enemies":"Cultist","floor":4,"turns":3},{"damage":25,"enemies":"Gremlin Nob","floor":7,"turns":4},{"damage":35,"enemies":"Exordium Thugs","floor":10,"turns":5},{"damage":0,"enemies":"Exordium Wildlife","floor":12,"turns":3},{"damage":9,"enemies":"Red Slaver","floor":13,"turns":1}],"seed_played":"3773717812508091087","potions_obtained":[{"floor":10,"key":"Dexterity Potion"}],"is_trial":false,"path_per_floor":["M","M","$","M","?","R","E","?","T","M","T","M","M"],"character_chosen":"DEFECT","items_purchased":["FTL","Conserve Battery"],"campfire_rested":0,"item_purchase_floors":[3,3],"current_hp_per_floor":[75,75,75,75,75,75,50,43,43,8,8,8,0],"gold":195,"neow_bonus":"REMOVE_CARD","is_prod":false,"is_daily":false,"chose_seed":false,"campfire_upgraded":1,"win_rate":0,"timestamp":1555583344,"path_taken":["M","M","$","M","?","R","E","?","T","M","?","M","M"],"build_version":"2019-01-23","purchased_purges":0,"victory":false,"max_hp_per_floor":[75,75,75,75,75,75,75,75,75,75,75,75,75],"card_choices":[{"not_picked":["Beam Cell","Coolheaded"],"picked":"Conserve Battery","floor":1},{"not_picked":["Steam","Go for the Eyes"],"picked":"Gash","floor":2},{"not_picked":["Redo","Streamline"],"picked":"Creative AI","floor":4},{"not_picked":["Amplify","Conserve Battery"],"picked":"FTL","floor":7},{"not_picked":["Gash","Sweeping Beam"],"picked":"White Noise","floor":10},{"not_picked":["Turbo","Undo"],"picked":"Force Field","floor":12}],"player_experience":68820,"relics_obtained":[{"floor":7,"key":"Whetstone"},{"floor":9,"key":"Matryoshka"},{"floor":11,"key":"Tiny Chest"},{"floor":11,"key":"Ornamental Fan"}],"event_choices":[{"damage_healed":0,"gold_gain":0,"player_choice":"Left Gold","damage_taken":0,"max_hp_gain":0,"max_hp_loss":0,"event_name":"World of Goop","floor":5,"gold_loss":31},{"damage_healed":0,"gold_gain":0,"player_choice":"Success","damage_taken":7,"relics_obtained":["Bag of Marbles"],"max_hp_gain":0,"max_hp_loss":0,"event_name":"Scrap Ooze","floor":8,"gold_loss":0}],"is_beta":false,"boss_relics":[],"items_purged_floors":[],"is_endless":false,"potions_floor_spawned":[10],"killed_by":"Red Slaver","ascension_level":1}