{"gold_per_floor":[119,132,132,307,10,10,25,25,49,49,18,18,37,52,52,153,153,172,172,48,68,68,68,86,104,104,114,128,43,78,95,95,198,198,214,214,214,226,242,242,254,269,347,379,379,379,379,398,398,398],"floor_reached":51,"playtime":7342,"items_purged":["Decay"],"score":830,"play_id":"56ec641c-7e33-417b-b28e-a07fbed50c69","local_time":"20181103215047","is_ascension_mode":true,"campfire_choices":[{"data":"Footwork","floor":6,"key":"SMITH"},{"data":"Leg Sweep","floor":12,"key":"SMITH"},{"data":"Acrobatics","floor":15,"key":"SMITH"},{"data":"After Image","floor":23,"key":"SMITH"},{"data":"Predator","floor":32,"key":"SMITH"},{"data":"Outmaneuver","floor":40,"key":"SMITH"},{"data":"Dagger Spray","floor":45,"key":"SMITH"},{"data":"Backflip","floor":49,"key":"SMITH"}],"neow_cost":"NONE","seed_source_timestamp":6898992286679272,"circlet_count":0,"master_deck":["Defend_G","Defend_G","Defend_G","Defend_G","Defend_G","Strike_G","Strike_G","Strike_G","Strike_G","Strike_G","Survivor","Neutralize+1","Dagger Spray+1","Footwork+1","Leg Sweep+1","Acrobatics+1","Terror","After Image+1","Outmaneuver+1","Escape Plan","Dash+1","Predator+1","Underhanded Strike+1","Noxious Fumes+1","Backflip+1","Doubt"],"relics":["Coffee Dripper","Paper Crane","Smiling Mask","Eternal Feather","Torii","Pocketwatch","Question Card","Happy Flower","Black Star","Bottled Lightning","Strawberry","Bag of Marbles","Shuriken"],"potions_floor_usage":[16,21,27,33,33,35,39,42,50,50,50],"damage_taken":[{"damage":0,"enemies":"Small Slimes","floor":1,"turns":4},{"damage":0,"enemies":"2 Louse","floor":2,"turns":2},{"damage":0,"enemies":"Jaw Worm","floor":7,"turns":5},{"damage":0,"enemies":"Gremlin Gang","floor":13,"turns":5},{"damage":3,"enemies":"Looter","floor":14,"turns":4},{"damage":23,"enemies":"Slime Boss","floor":16,"turns":18},{"damage":7,"enemies":"Spheric Guardian","floor":18,"turns":10},{"damage":0,"enemies":"3 Byrds","floor":21,"turns":4},{"damage":0,"enemies":"Snecko","floor":24,"turns":7},{"damage":10,"enemies":"Centurion and Healer","floor":25,"turns":12},{"damage":1,"enemies":"Cultist and Chosen","floor":27,"turns":10},{"damage":9,"enemies":"Sentry and Sphere","floor":28,"turns":12},{"damage":1,"enemies":"Book of Stabbing","floor":30,"turns":8},{"damage":2,"enemies":"Centurion and Healer","floor":31,"turns":9},{"damage":8,"enemies":"Automaton","floor":33,"turns":13},{"damage":13,"enemies":"3 Shapes","floor":35,"turns":5},{"damage":15,"enemies":"3 Darklings","floor":38,"turns":7},{"damage":24,"enemies":"Jaw Worm Horde","floor":39,"turns":6},{"damage":14,"enemies":"Transient","floor":41,"turns":5},{"damage":0,"enemies":"Spire Growth","floor":42,"turns":6},{"damage":25,"enemies":"Giant Head","floor":44,"turns":13},{"damage":1,"enemies":"Writhing Mass","floor":48,"turns":11},{"damage":3,"enemies":"Awakened One","floor":50,"turns":24}],"seed_played":"5167527982110217358","potions_obtained":[{"floor":13,"key":"Swift Potion"},{"floor":24,"key":"Swift Potion"},{"floor":25,"key":"SneckoOil"},{"floor":27,"key":"Strength Potion"},{"floor":31,"key":"Weak Potion"},{"floor":33,"key":"Strength Potion"},{"floor":35,"key":"Dexterity Potion"},{"floor":37,"key":"EssenceOfSteel"},{"floor":41,"key":"Regen Potion"},{"floor":44,"key":"LiquidBronze"}],"is_trial":false,"path_per_floor":["M","M","?","?","$","R","M","?","T","$","?","R","M","M","R","B",null,"M","?","$","M","T","R","M","M","T","M","M","?","E","M","R","B",null,"M","?","?","M","M","R","M","M","T","E","R","?","T","M","R","B",null],"character_chosen":"THE_SILENT","items_purchased":["Footwork","Paper Crane","LiquidBronze"],"campfire_rested":0,"item_purchase_floors":[5,5,20],"current_hp_per_floor":[70,70,70,70,70,70,70,63,63,63,63,63,63,60,60,37,70,63,63,63,63,63,70,70,60,60,59,50,50,49,47,59,51,70,57,57,57,42,18,33,19,34,34,16,31,77,77,76,77,74],"gold":398,"neow_bonus":"BOSS_RELIC","is_prod":false,"is_daily":false,"chose_seed":false,"campfire_upgraded":8,"win_rate":0,"timestamp":1541303447,"path_taken":["M","M","?","?","?","R","?","?","T","?","?","R","M","M","R","BOSS","M","?","$","M","?","R","M","M","T","M","?","?","E","M","R","BOSS","M","?","?","M","?","R","M","M","T","E","R","?","?","?","R","BOSS"],"build_version":"2018-11-01","purchased_purges":1,"victory":true,"max_hp_per_floor":[70,70,70,70,70,70,70,70,70,70,70,70,70,70,70,70,70,70,70,70,70,70,70,70,70,70,70,70,70,70,70,70,70,70,70,70,70,70,70,70,70,70,70,77,77,77,77,77,77,77],"card_choices":[{"not_picked":["Outmaneuver","Infinite Blades"],"picked":"Dagger Spray","floor":1},{"not_picked":["Deflect","Flying Knee","Backstab"],"picked":"SKIP","floor":2},{"not_picked":["Quick Slash","Backstab"],"picked":"Leg Sweep","floor":7},{"not_picked":["Deadly Poison","Crippling Poison"],"picked":"Acrobatics","floor":13},{"not_picked":["Riddle With Holes","Bane"],"picked":"Terror","floor":14},{"not_picked":["Unload","Die Die Die"],"picked":"After Image","floor":16},{"not_picked":["Deadly Poison","Acrobatics"],"picked":"Outmaneuver","floor":18},{"not_picked":["Flying Knee","Reflex","Bouncing Flask"],"picked":"SKIP","floor":21},{"not_picked":["Tools of the Trade","Crippling Poison"],"picked":"Escape Plan","floor":24},{"not_picked":["Concentrate","Prepared"],"picked":"Dash+1","floor":25},{"not_picked":["Leg Sweep","Reflex","Flying Knee+1"],"picked":"SKIP","floor":27},{"not_picked":["Blur","Masterful Stab"],"picked":"Predator","floor":28},{"not_picked":["Bouncing Flask+1","PiercingWail","Masterful Stab","Predator"],"picked":"SKIP","floor":30},{"not_picked":["Blade Dance+1","Deadly Poison","Terror","Bouncing Flask+1"],"picked":"SKIP","floor":31},{"not_picked":["Riddle With Holes","Distraction","Masterful Stab+1"],"picked":"Underhanded Strike+1","floor":35},{"not_picked":["Dagger Spray+1","Slice","Sucker Punch"],"picked":"Noxious Fumes+1","floor":38},{"not_picked":["Poisoned Stab","Bane","Flechettes"],"picked":"Backflip","floor":39},{"not_picked":["Footwork","Dagger Spray","Accuracy+1","Blade Dance+1"],"picked":"SKIP","floor":41},{"not_picked":["Acrobatics+1","Calculated Gamble+1","Die Die Die","All Out Attack+1"],"picked":"SKIP","floor":42},{"not_picked":["Deadly Poison","Outmaneuver","Dodge and Roll+1","Endless Agony+1"],"picked":"SKIP","floor":44},{"not_picked":["Bane+1","Deadly Poison","Cloak And Dagger","Dagger Throw+1"],"picked":"SKIP","floor":48}],"player_experience":1072278,"relics_obtained":[{"floor":9,"key":"Smiling Mask"},{"floor":22,"key":"Torii"},{"floor":26,"key":"Pocketwatch"},{"floor":30,"key":"Happy Flower"},{"floor":43,"key":"Bottled Lightning"},{"floor":44,"key":"Strawberry"},{"floor":44,"key":"Bag of Marbles"},{"floor":47,"key":"Shuriken"}],"event_choices":[{"damage_healed":0,"gold_gain":0,"player_choice":"Grow","damage_taken":0,"max_hp_gain":0,"max_hp_loss":0,"event_name":"Living Wall","floor":3,"gold_loss":0,"cards_upgraded":["Neutralize"]},{"damage_healed":0,"gold_gain":175,"player_choice":"AGREE","damage_taken":0,"max_hp_gain":0,"max_hp_loss":0,"event_name":"Liars Game","floor":4,"gold_loss":0,"cards_obtained":["Doubt"]},{"cards_removed":["Doubt"],"damage_healed":0,"gold_gain":0,"player_choice":"Card Removal","damage_taken":7,"max_hp_gain":0,"max_hp_loss":0,"event_name":"Golden Wing","floor":8,"gold_loss":0},{"damage_healed":0,"gold_gain":0,"player_choice":"Left Gold","damage_taken":0,"max_hp_gain":0,"max_hp_loss":0,"event_name":"World of Goop","floor":11,"gold_loss":31},{"damage_healed":0,"gold_gain":0,"player_choice":"Smashed Altar","damage_taken":0,"max_hp_gain":0,"max_hp_loss":0,"event_name":"Forgotten Altar","floor":19,"gold_loss":0,"cards_obtained":["Decay"]},{"damage_healed":0,"gold_gain":0,"player_choice":"Obtained Relic","damage_taken":0,"relics_obtained":["Question Card"],"max_hp_gain":0,"max_hp_loss":0,"event_name":"Addict","floor":29,"gold_loss":85},{"damage_healed":0,"gold_gain":0,"player_choice":"Memory 1","damage_taken":0,"max_hp_gain":0,"max_hp_loss":0,"event_name":"SensoryStone","floor":36,"gold_loss":0},{"damage_healed":0,"gold_gain":0,"player_choice":"Got Potions","damage_taken":0,"max_hp_gain":0,"max_hp_loss":0,"event_name":"Lab","floor":37,"gold_loss":0},{"damage_healed":46,"gold_gain":0,"player_choice":"Heal","damage_taken":0,"max_hp_gain":0,"max_hp_loss":0,"event_name":"MindBloom","floor":46,"gold_loss":0,"cards_obtained":["Doubt"]}],"is_beta":false,"boss_relics":[{"not_picked":["Busted Crown","Sozu"],"picked":"Eternal Feather"},{"not_picked":["HoveringKite","Runic Dome"],"picked":"Black Star"}],"items_purged_floors":[20],"is_endless":false,"potions_floor_spawned":[13,24,25,27,31,33,35,38,41,44],"ascension_level":2}