{"gold_per_floor":[113,38,55,72,72,72,72,72,98,109,125,125,141,153,153,257,257,277,277,295,310,185,185,185,185,265,265],"floor_reached":27,"playtime":1266,"items_purged":["Strike_R","Strike_R"],"score":205,"play_id":"f25f5b15-32cc-460d-a2ca-1d16cbafcb2e","local_time":"20190411131116","is_ascension_mode":false,"campfire_choices":[{"data":"Shrug It Off","floor":6.0,"key":"SMITH"},{"data":"True Grit","floor":8.0,"key":"SMITH"},{"data":"Rampage","floor":15.0,"key":"SMITH"},{"floor":23.0,"key":"REST"},{"floor":25.0,"key":"REST"}],"neow_cost":"NONE","seed_source_timestamp":0,"circlet_count":0,"master_deck":["Defend_R","Defend_R","Defend_R","Defend_R","Bash","Shrug It Off+1","True Grit+1","Battle Trance","Rampage+1","Body Slam","Dark Embrace","Heavy Blade","Shrug It Off"],"special_seed":0,"relics":["Burning Blood","Red Skull","Busted Crown","Toxic Egg 2"],"potions_floor_usage":[],"damage_taken":[{"damage":15.0,"enemies":"Jaw Worm","floor":1.0,"turns":4.0},{"damage":22.0,"enemies":"Cultist","floor":3.0,"turns":7.0},{"damage":0.0,"enemies":"Small Slimes","floor":4.0,"turns":5.0},{"damage":1.0,"enemies":"Looter","floor":10.0,"turns":5.0},{"damage":5.0,"enemies":"Blue Slaver","floor":11.0,"turns":6.0},{"damage":7.0,"enemies":"Large Slime","floor":13.0,"turns":9.0},{"damage":17.0,"enemies":"Lots of Slimes","floor":14.0,"turns":6.0},{"damage":17.0,"enemies":"Hexaghost","floor":16.0,"turns":9.0},{"damage":5.0,"enemies":"Shell Parasite","floor":18.0,"turns":7.0},{"damage":15.0,"enemies":"Spheric Guardian","floor":20.0,"turns":6.0},{"damage":40.0,"enemies":"Chosen and Byrds","floor":21.0,"turns":7.0},{"damage":0,"enemies":"3 Cultists","floor":27,"turns":1}],"seed_played":"-2061857245247552885","potions_obtained":[{"floor":3.0,"key":"Explosive Potion"},{"floor":4.0,"key":"Regen Potion"},{"floor":14.0,"key":"Swift Potion"},{"floor":16.0,"key":"FairyPotion"},{"floor":21.0,"key":"EssenceOfSteel"}],"is_trial":false,"path_per_floor":["M","$","M","M","?","R","$","R","T","M","M","?","M","M","R","B",null,"M","?","M","M","$","R","?","R","T","M"],"character_chosen":"IRONCLAD","items_purchased":["Shrug It Off"],"campfire_rested":2,"item_purchase_floors":[22],"current_hp_per_floor":[71,71,55,61,61,61,61,61,61,66,67,67,66,55,55,59,80,80,65,56,22,22,47,47,72,72,72],"gold":265,"neow_bonus":"REMOVE_CARD","is_prod":false,"is_daily":false,"chose_seed":false,"campfire_upgraded":3,"win_rate":0.0,"timestamp":1554959476,"path_taken":["M","$","M","M","?","R","?","R","T","?","M","?","M","M","R","BOSS","M","?","M","M","$","R","?","R","T","M"],"build_version":"2019-01-23","purchased_purges":2,"victory":false,"max_hp_per_floor":[80,80,80,80,80,80,80,80,80,80,80,80,80,80,80,80,80,80,85,85,85,85,85,85,85,85,85],"card_choices":[{"not_picked":["Headbutt","Burning Pact"],"picked":"Shrug It Off","floor":1.0},{"not_picked":["Shockwave","Bloodletting"],"picked":"True Grit","floor":3.0},{"not_picked":["Perfected Strike","Sword Boomerang","Wild Strike"],"picked":"SKIP","floor":4.0},{"not_picked":["Blood for Blood","Disarm"],"picked":"Battle Trance","floor":10.0},{"not_picked":["Searing Blow","Clash","Perfected Strike"],"picked":"SKIP","floor":11.0},{"not_picked":["Iron Wave","Cleave"],"picked":"Rampage","floor":13.0},{"not_picked":["Bloodletting","Clash"],"picked":"Body Slam","floor":14.0},{"not_picked":["Fiend Fire","Reaper"],"picked":"Dark Embrace","floor":16.0},{"not_picked":["Warcry"],"picked":"SKIP","floor":18.0},{"not_picked":[],"picked":"Heavy Blade","floor":20.0},{"not_picked":["Bloodletting"],"picked":"SKIP","floor":21.0}],"player_experience":28845,"relics_obtained":[{"floor":9.0,"key":"Red Skull"},{"floor":26.0,"key":"Toxic Egg 2"}],"event_choices":[{"cards_removed":["Strike_R"],"damage_healed":0.0,"max_hp_gain":0.0,"max_hp_loss":0.0,"gold_gain":0.0,"event_name":"Bonfire Elementals","player_choice":"Offered Basic","floor":5.0,"gold_loss":0.0,"damage_taken":0.0},{"damage_healed":0.0,"max_hp_gain":0.0,"max_hp_loss":0.0,"gold_gain":0.0,"event_name":"Liars Game","player_choice":"Ignored","floor":12.0,"gold_loss":0.0,"damage_taken":0.0},{"damage_healed":0.0,"max_hp_gain":5.0,"max_hp_loss":0.0,"gold_gain":0.0,"event_name":"Forgotten Altar","player_choice":"Shed Blood","floor":19.0,"gold_loss":0.0,"damage_taken":20.0},{"cards_removed":["Strike_R"],"damage_healed":0.0,"max_hp_gain":0.0,"max_hp_loss":0.0,"gold_gain":0.0,"event_name":"Back to Basics","player_choice":"Elegance","floor":24.0,"gold_loss":0.0,"damage_taken":0.0}],"is_beta":false,"boss_relics":[{"not_picked":["Black Star","Runic Dome"],"picked":"Busted Crown"}],"items_purged_floors":[2,22],"is_endless":false,"potions_floor_spawned":[3,4,14,16,21],"killed_by":"3 Cultists","ascension_level":0}