{"gold_per_floor":[111,111,127,127,127,127,167,192,192,12,30,30,30,51,51,175,175,188,188,188,211,224,224,242,255,301,57,77,77,96,196,196,324,324,340,15,15,39,102,102,120,120,202,202,222,238,252,377,377,377],"floor_reached":51,"playtime":4201,"items_purged":["Injury","Strike_R+1"],"score":1052,"play_id":"97fb041b-1624-430d-ae91-90a51f7dc993","local_time":"20190824131356","is_ascension_mode":true,"campfire_choices":[{"data":"Bash","floor":6.0,"key":"SMITH"},{"data":"Clothesline","floor":12.0,"key":"SMITH"},{"data":"Barricade","floor":15.0,"key":"SMITH"},{"data":"Uppercut","floor":23.0,"key":"SMITH"},{"data":"Offering","floor":29.0,"key":"SMITH"},{"data":"Disarm","floor":32.0,"key":"SMITH"},{"data":"Apotheosis","floor":40.0,"key":"SMITH"},{"floor":44.0,"key":"REST"},{"data":"Ghostly Armor","floor":49,"key":"SMITH"}],"neow_cost":"NONE","seed_source_timestamp":0,"circlet_count":0,"master_deck":["AscendersBane","Strike_R+1","Strike_R+1","Strike_R+1","Strike_R+1","Defend_R+1","Defend_R+1","Defend_R+1","Defend_R+1","Bash+1","Shrug It Off","Cleave","Offering+1","Disarm+1","Shrug It Off","Clothesline+1","Barricade+1","Limit Break","Uppercut+1","Disarm","Iron Wave+1","Metallicize","Seeing Red+1","Juggernaut","Body Slam","Battle Trance","Flash of Steel","Apotheosis+1","Finesse","Shrug It Off+1","Ghostly Armor+1","Iron Wave+1"],"special_seed":0,"relics":["Black Blood","NeowsBlessing","Golden Idol","Pear","Matryoshka","Smiling Mask","Kunai","Pen Nib","Bottled Lightning","Sozu","Anchor","Lee\u0027s Waffle","Omamori","Mango","CultistMask","Mummified Hand","Unceasing Top"],"potions_floor_usage":[50],"damage_taken":[{"damage":0.0,"enemies":"Small Slimes","floor":1.0,"turns":1.0},{"damage":0.0,"enemies":"2 Louse","floor":3.0,"turns":1.0},{"damage":0.0,"enemies":"3 Sentries","floor":7.0,"turns":2.0},{"damage":4.0,"enemies":"Jaw Worm","floor":8.0,"turns":5.0},{"damage":6.0,"enemies":"Exordium Wildlife","floor":11.0,"turns":4.0},{"damage":27.0,"enemies":"Exordium Thugs","floor":14.0,"turns":6.0},{"damage":30.0,"enemies":"The Guardian","floor":16.0,"turns":21.0},{"damage":35.0,"enemies":"Spheric Guardian","floor":18.0,"turns":6.0},{"damage":0.0,"enemies":"Chosen","floor":21.0,"turns":7.0},{"damage":25.0,"enemies":"Shelled Parasite and Fungi","floor":22.0,"turns":6.0},{"damage":17.0,"enemies":"Chosen and Byrds","floor":24.0,"turns":8.0},{"damage":7.0,"enemies":"Snake Plant","floor":25.0,"turns":5.0},{"damage":9.0,"enemies":"3 Cultists","floor":28.0,"turns":7.0},{"damage":6.0,"enemies":"Centurion and Healer","floor":30.0,"turns":5.0},{"damage":12.0,"enemies":"Automaton","floor":33.0,"turns":17.0},{"damage":6.0,"enemies":"3 Shapes","floor":35.0,"turns":7.0},{"damage":23.0,"enemies":"Orb Walker","floor":38.0,"turns":4.0},{"damage":32.0,"enemies":"2 Orb Walkers","floor":39.0,"turns":7.0},{"damage":2.0,"enemies":"Maw","floor":41.0,"turns":6.0},{"damage":39.0,"enemies":"Jaw Worm Horde","floor":45.0,"turns":5.0},{"damage":4.0,"enemies":"3 Darklings","floor":46.0,"turns":6.0},{"damage":6.0,"enemies":"Maw","floor":47.0,"turns":7.0},{"damage":6.0,"enemies":"Mind Bloom Boss Battle","floor":48.0,"turns":6.0},{"damage":56,"enemies":"Donu and Deca","floor":50,"turns":11}],"seed_played":"8631770882156478045","potions_obtained":[{"floor":8.0,"key":"Regen Potion"},{"floor":16.0,"key":"Weak Potion"}],"is_trial":false,"path_per_floor":["M","?","M","?","?","R","E","M","T","$","M","R","T","M","R","B",null,"M","?","?","M","M","R","M","M","T","$","M","R","M","?","R","B",null,"M","$","?","M","?","R","M","?","T","R","M","M","M","?","R","B",null],"character_chosen":"IRONCLAD","items_purchased":["Disarm","Shrug It Off","Lee\u0027s Waffle","Body Slam","Battle Trance","Flash of Steel","Omamori"],"campfire_rested":1,"item_purchase_floors":[10,10,27,36,36,36,36],"current_hp_per_floor":[78,78,80,90,83,83,89,90,90,90,90,90,90,84,84,60,83,54,84,84,90,71,71,60,59,59,97,94,94,94,94,94,88,95,97,97,92,79,71,71,79,79,79,111,82,88,92,96,96,50],"gold":377,"neow_bonus":"THREE_ENEMY_KILL","is_prod":false,"is_daily":false,"chose_seed":false,"campfire_upgraded":8,"win_rate":0,"timestamp":1566674036,"path_taken":["M","?","M","?","?","R","E","M","T","$","M","R","?","M","R","BOSS","M","?","?","M","M","R","M","M","T","?","M","R","?","?","R","BOSS","M","$","?","M","?","R","M","?","T","R","M","?","M","?","R","BOSS"],"build_version":"2019-07-17","purchased_purges":2,"victory":true,"max_hp_per_floor":[80,80,80,90,90,90,90,90,90,90,90,90,90,90,90,90,90,90,90,90,90,90,90,90,90,90,97,97,97,97,97,97,97,97,97,97,97,97,111,111,111,111,111,111,111,111,111,111,111,111],"card_choices":[{"not_picked":["Flex","Wild Strike","Perfected Strike"],"picked":"SKIP","floor":1.0},{"not_picked":["Combust","Sword Boomerang"],"picked":"Shrug It Off","floor":3.0},{"not_picked":["Headbutt","Pommel Strike"],"picked":"Cleave","floor":7.0},{"not_picked":["Corruption","Anger"],"picked":"Offering","floor":8.0},{"not_picked":["Heavy Blade","Rupture"],"picked":"Clothesline","floor":11.0},{"not_picked":["Second Wind","Cleave"],"picked":"Barricade","floor":14.0},{"not_picked":["Offering","Juggernaut"],"picked":"Limit Break","floor":16.0},{"not_picked":["Wild Strike+1","Shrug It Off"],"picked":"Uppercut","floor":18.0},{"not_picked":["Sentinel","Cleave","Perfected Strike"],"picked":"SKIP","floor":21.0},{"not_picked":["Flex+1","Clash"],"picked":"Disarm","floor":22.0},{"not_picked":["Armaments","Combust"],"picked":"Iron Wave+1","floor":24.0},{"not_picked":["Uppercut+1","Clothesline"],"picked":"Metallicize","floor":25.0},{"not_picked":["Sentinel","Corruption+1"],"picked":"Seeing Red+1","floor":28.0},{"not_picked":["Pommel Strike","Havoc","Seeing Red"],"picked":"SKIP","floor":30.0},{"not_picked":["Berserk","Dark Embrace"],"picked":"Juggernaut","floor":33.0},{"not_picked":["Metallicize","Headbutt+1","Thunderclap+1"],"picked":"SKIP","floor":35.0},{"not_picked":["Impatience","PanicButton"],"picked":"Apotheosis","floor":37.0},{"not_picked":["Deep Breath","Purity"],"picked":"Finesse","floor":37.0},{"not_picked":["Pommel Strike+1","Twin Strike+1"],"picked":"Shrug It Off+1","floor":38.0},{"not_picked":["Sword Boomerang","Wild Strike+1"],"picked":"Ghostly Armor","floor":39.0},{"not_picked":["Dropkick","Seeing Red"],"picked":"Iron Wave+1","floor":41.0},{"not_picked":["Anger","Perfected Strike","Headbutt+1"],"picked":"SKIP","floor":45.0},{"not_picked":["Reckless Charge+1","Twin Strike","Perfected Strike"],"picked":"SKIP","floor":46.0},{"not_picked":["Flex+1","Perfected Strike+1","Twin Strike"],"picked":"SKIP","floor":47.0}],"player_experience":2258202,"relics_obtained":[{"floor":7.0,"key":"Matryoshka"},{"floor":9.0,"key":"Smiling Mask"},{"floor":9.0,"key":"Kunai"},{"floor":13.0,"key":"Pen Nib"},{"floor":13.0,"key":"Bottled Lightning"},{"floor":26.0,"key":"Anchor"},{"floor":39.0,"key":"Mango"},{"floor":43.0,"key":"Mummified Hand"},{"floor":48.0,"key":"Unceasing Top"}],"event_choices":[{"damage_healed":0.0,"max_hp_gain":0.0,"max_hp_loss":0.0,"gold_gain":0.0,"event_name":"Golden Idol","player_choice":"Take Wound","floor":2.0,"gold_loss":0.0,"damage_taken":0.0,"relics_obtained":["Golden Idol"],"cards_obtained":["Injury"]},{"damage_healed":0.0,"max_hp_gain":0.0,"max_hp_loss":0.0,"gold_gain":0.0,"event_name":"Big Fish","player_choice":"Box","floor":4.0,"gold_loss":0.0,"damage_taken":0.0,"relics_obtained":["Pear"],"cards_obtained":["Regret"]},{"cards_removed":["Regret"],"damage_healed":0.0,"max_hp_gain":0.0,"max_hp_loss":0.0,"gold_gain":0.0,"event_name":"Golden Wing","player_choice":"Card Removal","floor":5.0,"gold_loss":0.0,"damage_taken":7.0},{"damage_healed":30.0,"max_hp_gain":0.0,"max_hp_loss":0.0,"gold_gain":0.0,"event_name":"The Library","player_choice":"Heal","floor":19.0,"gold_loss":0.0,"damage_taken":0.0},{"damage_healed":0.0,"max_hp_gain":0.0,"max_hp_loss":0.0,"gold_gain":0.0,"event_name":"Back to Basics","player_choice":"Simplicity","floor":20.0,"gold_loss":0.0,"damage_taken":0.0,"cards_upgraded":["Strike_R","Strike_R","Strike_R","Strike_R","Strike_R","Defend_R","Defend_R","Defend_R","Defend_R"]},{"damage_healed":0.0,"max_hp_gain":0.0,"max_hp_loss":0.0,"gold_gain":100.0,"event_name":"Golden Shrine","player_choice":"Pray","floor":31.0,"gold_loss":0.0,"damage_taken":0.0},{"damage_healed":0.0,"max_hp_gain":0.0,"max_hp_loss":0.0,"gold_gain":0.0,"event_name":"SensoryStone","player_choice":"Memory 2","floor":37.0,"gold_loss":0.0,"damage_taken":5.0},{"damage_healed":0.0,"max_hp_gain":0.0,"max_hp_loss":0.0,"gold_gain":0.0,"event_name":"Mysterious Sphere","player_choice":"Fight","floor":39.0,"gold_loss":0.0,"damage_taken":0.0},{"damage_healed":0.0,"max_hp_gain":0.0,"max_hp_loss":0.0,"gold_gain":0.0,"event_name":"FaceTrader","player_choice":"Trade","floor":42.0,"gold_loss":0.0,"damage_taken":0.0,"relics_obtained":["CultistMask"]},{"damage_healed":0.0,"max_hp_gain":0.0,"max_hp_loss":0.0,"gold_gain":0.0,"event_name":"MindBloom","player_choice":"Fight","floor":48.0,"gold_loss":0.0,"damage_taken":0.0}],"is_beta":false,"boss_relics":[{"not_picked":["Empty Cage","Eternal Feather"],"picked":"Sozu"},{"not_picked":["Pandora\u0027s Box","Velvet Choker"],"picked":"Black Blood"}],"items_purged_floors":[10,27],"is_endless":false,"potions_floor_spawned":[8,16,18,22,30,33,38,41,45,46,47],"ascension_level":10}