{"gold_per_floor":[117,128,128,141,159,159,172,172,172,44,56,67,22,37,37,37],"floor_reached":16,"playtime":691,"items_purged":["Zap"],"score":96,"play_id":"abdb4bf8-2637-492d-b992-ccded2ff06af","local_time":"20190411002932","is_ascension_mode":false,"campfire_choices":[{"data":"Genetic Algorithm","floor":6,"key":"SMITH"},{"data":"FTL","floor":8,"key":"SMITH"},{"floor":15,"key":"REST"}],"neow_cost":"NONE","seed_source_timestamp":310661259744079,"circlet_count":0,"master_deck":["Strike_B","Strike_B","Strike_B","Strike_B","Defend_B","Defend_B","Defend_B","Defend_B","Dualcast","Genetic Algorithm+1","Streamline","Go for the Eyes","FTL+1","Stack","Genetic Algorithm","Go for the Eyes","Machine Learning"],"relics":["Runic Pyramid","Orichalcum"],"potions_floor_usage":[12,16,16],"damage_taken":[{"damage":0,"enemies":"2 Louse","floor":1,"turns":3},{"damage":3,"enemies":"Cultist","floor":2,"turns":4},{"damage":8,"enemies":"Small Slimes","floor":4,"turns":4},{"damage":14,"enemies":"Exordium Wildlife","floor":5,"turns":4},{"damage":24,"enemies":"Lots of Slimes","floor":7,"turns":5},{"damage":3,"enemies":"Red Slaver","floor":11,"turns":5},{"damage":0,"enemies":"2 Fungi Beasts","floor":12,"turns":4},{"damage":0,"enemies":"Large Slime","floor":14,"turns":5},{"damage":45,"enemies":"Hexaghost","floor":16,"turns":13}],"seed_played":"6654213910869068647","potions_obtained":[{"floor":1,"key":"AttackPotion"},{"floor":4,"key":"Poison Potion"},{"floor":5,"key":"Dexterity Potion"}],"is_trial":false,"path_per_floor":["M","M","?","M","M","R","M","R","T","$","M","M","$","M","R","B"],"character_chosen":"DEFECT","items_purchased":["Stack","Go for the Eyes"],"campfire_rested":1,"item_purchase_floors":[10,13],"current_hp_per_floor":[75,72,72,64,50,50,26,26,26,26,23,23,23,23,45,0],"gold":37,"neow_bonus":"BOSS_RELIC","is_prod":false,"is_daily":false,"chose_seed":false,"campfire_upgraded":2,"win_rate":0.0,"timestamp":1554913772,"path_taken":["M","M","?","M","M","R","M","R","T","$","?","M","$","M","R","BOSS"],"build_version":"2019-01-23","purchased_purges":1,"victory":false,"max_hp_per_floor":[75,75,75,75,75,75,75,75,75,75,75,75,75,75,75,75],"card_choices":[{"not_picked":["Blizzard","Glacier"],"picked":"Genetic Algorithm","floor":1},{"not_picked":["Lockon","Static Discharge"],"picked":"Streamline","floor":2},{"not_picked":["Rip and Tear","Redo"],"picked":"Go for the Eyes","floor":4},{"not_picked":["Barrage","Chaos","Ball Lightning"],"picked":"SKIP","floor":5},{"not_picked":["Hello World","Cold Snap"],"picked":"FTL","floor":7},{"not_picked":["Hologram","Steam Power","Streamline"],"picked":"SKIP","floor":11},{"not_picked":["Lockon","Hologram"],"picked":"Genetic Algorithm","floor":12},{"not_picked":["Consume","Barrage"],"picked":"Machine Learning","floor":14}],"player_experience":15174,"relics_obtained":[{"floor":9,"key":"Orichalcum"}],"event_choices":[{"damage_healed":0,"gold_gain":0,"player_choice":"Bought 0 Potions","damage_taken":0,"max_hp_gain":0,"max_hp_loss":0,"event_name":"The Woman in Blue","floor":3,"gold_loss":0}],"is_beta":false,"boss_relics":[],"items_purged_floors":[10],"is_endless":false,"potions_floor_spawned":[1,4,5,7,12],"killed_by":"Hexaghost","ascension_level":0}