{"path_per_floor":["M","M","M","?","M","R","E","M","T","$","R","?","M","M","R","B",null,"M","?","$","?","$","R","M","?","T","M","$","M","?","M","R","B",null,"M","?","M","M","?","E","R","M","T","$","M","E","$","M","R","B"],"character_chosen":"DEFECT","items_purchased":["Mummified Hand","Double Energy","Static Discharge+1"],"gold_per_floor":[116,128,141,141,153,153,183,202,272,14,14,92,108,122,122,218,218,218,218,111,111,111,111,111,26,26,26,26,26,26,26,26,26,26,26,26,26,26,0,0,0,0,0,0,0,0,0,0,0,0],"floor_reached":51,"campfire_rested":6,"playtime":10054,"item_purchase_floors":[10,20,20],"current_hp_per_floor":[69,68,62,47,40,62,48,48,48,48,70,70,33,29,51,8,75,58,58,58,58,58,58,57,57,57,51,51,33,19,6,45,1,80,80,70,70,42,42,29,68,63,63,63,63,38,38,40,79,41],"items_purged":[],"gold":0,"score":686,"play_id":"842d082e-d639-4ba3-9c64-fbba02c33090","local_time":"20180605004444","is_prod":false,"is_daily":false,"chose_seed":false,"is_ascension_mode":false,"campfire_upgraded":1,"win_rate":0.0,"timestamp":1528181084,"campfire_choices":[{"floor":6,"key":"REST"},{"floor":11,"key":"REST"},{"floor":15,"key":"REST"},{"data":"Chill","floor":23,"key":"SMITH"},{"floor":32,"key":"REST"},{"floor":41,"key":"REST"},{"floor":49,"key":"REST"}],"path_taken":["M","M","M","?","M","R","E","M","T","$","R","?","M","M","R","BOSS","M","?","?","?","$","R","?","?","T","M","?","M","?","M","R","BOSS","M","?","M","M","?","E","R","M","T","?","M","E","$","M","R","BOSS"],"build_version":"2018-05-31","seed_source_timestamp":5054506701825502,"purchased_purges":0,"victory":true,"master_deck":["Strike_B+1","Strike_B+1","Strike_B","Strike_B","Defend_B","Defend_B","Defend_B","Defend_B","Zap","Dualcast","Coolheaded","Melter","Ball Lightning","Coolheaded","Ball Lightning","Skim","Loop+1","Capacitor+1","Echo Form+1","Chill+1","Double Energy","Static Discharge+1","White Noise","Amplify","Barrage+1","Ball Lightning+1","Creative AI+1","Conserve Battery","Dramatic Entrance","Dramatic Entrance","Dramatic Entrance","Cold Snap+1","Leap+1","Consume+1","Double Energy+1"],"max_hp_per_floor":[75,75,75,75,75,75,75,75,75,75,75,75,75,75,75,75,75,75,75,75,75,75,75,75,75,75,75,75,75,80,80,80,80,80,80,80,80,80,80,80,80,80,80,80,80,80,80,82,82,82],"relics":["Cracked Core","Question Card","Frozen Egg 2","Mummified Hand","Ectoplasm","Dead Branch","Regal Pillow","Nuclear Battery","Red Mask","Vajra","Kunai","Singing Bowl"],"card_choices":[{"not_picked":["Redo","Blizzard"],"picked":"Coolheaded","floor":1},{"not_picked":["Coolheaded","FTL"],"picked":"Melter","floor":2},{"not_picked":["Blizzard","Hologram"],"picked":"Ball Lightning","floor":3},{"not_picked":["Barrage","Stack"],"picked":"Coolheaded","floor":5},{"not_picked":["FTL","Genetic Algorithm"],"picked":"Ball Lightning","floor":7},{"not_picked":["Steam","Hologram","Compile Driver"],"picked":"Skim","floor":8},{"not_picked":["Skim","Ball Lightning","Chaos"],"picked":"Loop+1","floor":13},{"not_picked":["Melter","Coolheaded","Force Field"],"picked":"Capacitor+1","floor":14},{"not_picked":["Thunder Strike","Biased Cognition+1","Rainbow"],"picked":"Echo Form+1","floor":16},{"not_picked":["Steam+1","Conserve Battery","Sweeping Beam+1"],"picked":"Chill","floor":18},{"not_picked":["Rebound","Compile Driver","Reinforced Body+1"],"picked":"White Noise","floor":24},{"not_picked":["Gash","Static Discharge+1","Ball Lightning+1"],"picked":"Amplify","floor":27},{"not_picked":["Redo","Hologram","Ball Lightning"],"picked":"Barrage+1","floor":29},{"not_picked":["Lockon","Sweeping Beam","Stack"],"picked":"Ball Lightning+1","floor":31},{"not_picked":["Echo Form+1","All For One","Biased Cognition+1"],"picked":"Creative AI+1","floor":33},{"not_picked":["Hologram","Streamline+1","Fusion+1"],"picked":"Conserve Battery","floor":35},{"not_picked":["Sadistic Nature+1","Bandage Up","Blind"],"picked":"Dramatic Entrance","floor":36},{"not_picked":["Swift Strike","Bandage Up","Purity"],"picked":"Dramatic Entrance","floor":36},{"not_picked":["Madness","Trip","Bandage Up"],"picked":"Dramatic Entrance","floor":36},{"not_picked":["Gash","Conserve Battery","Doom and Gloom"],"picked":"Cold Snap+1","floor":37},{"not_picked":["Compile Driver","Hologram","Go for the Eyes"],"picked":"Leap+1","floor":38},{"not_picked":["Reinforced Body+1","Go for the Eyes","Streamline+1"],"picked":"Consume+1","floor":40},{"not_picked":["Loop+1","Blizzard+1","Compile Driver","Stack"],"picked":"SKIP","floor":42},{"not_picked":["Hologram+1","Lockon+1","Self Repair+1","Ball Lightning+1"],"picked":"SKIP","floor":45},{"not_picked":["Conserve Battery+1","Barrage+1","Seek"],"picked":"Double Energy+1","floor":46},{"not_picked":["Sweeping Beam+1","Beam Cell","Steam","Auto Shields"],"picked":"Singing Bowl","floor":48}],"player_experience":681273,"potions_floor_usage":[7,13,16,31,33,38,40,46,50],"damage_taken":[{"damage":6,"enemies":"Jaw Worm","floor":1,"turns":3},{"damage":1,"enemies":"Small Slimes","floor":2,"turns":3},{"damage":6,"enemies":"Cultist","floor":3,"turns":3},{"damage":7,"enemies":"2 Fungi Beasts","floor":5,"turns":3},{"damage":14,"enemies":"Gremlin Nob","floor":7,"turns":3},{"damage":0,"enemies":"Looter","floor":8,"turns":2},{"damage":37,"enemies":"Exordium Thugs","floor":13,"turns":4},{"damage":4,"enemies":"2 Fungi Beasts","floor":14,"turns":3},{"damage":43,"enemies":"Hexaghost","floor":16,"turns":11},{"damage":17,"enemies":"3 Byrds","floor":18,"turns":5},{"damage":1,"enemies":"Spheric Guardian","floor":24,"turns":3},{"damage":6,"enemies":"Snake Plant","floor":27,"turns":3},{"damage":25,"enemies":"Cultist and Chosen","floor":29,"turns":5},{"damage":13,"enemies":"Snecko","floor":31,"turns":3},{"damage":44,"enemies":"Collector","floor":33,"turns":8},{"damage":0,"enemies":"3 Shapes","floor":35,"turns":5},{"damage":0,"enemies":"Orb Walker","floor":37,"turns":2},{"damage":28,"enemies":"Maw","floor":38,"turns":8},{"damage":13,"enemies":"Nemesis","floor":40,"turns":5},{"damage":5,"enemies":"4 Shapes","floor":42,"turns":3},{"damage":0,"enemies":"3 Darklings","floor":45,"turns":2},{"damage":25,"enemies":"2 Orb Walkers","floor":46,"turns":5},{"damage":0,"enemies":"Maw","floor":48,"turns":7},{"damage":38,"enemies":"Awakened One","floor":50,"turns":12}],"relics_obtained":[{"floor":7,"key":"Question Card"},{"floor":9,"key":"Frozen Egg 2"},{"floor":26,"key":"Regal Pillow"},{"floor":40,"key":"Vajra"},{"floor":43,"key":"Kunai"},{"floor":46,"key":"Singing Bowl"}],"event_choices":[{"event_name":"Shining Light","player_choice":"Entered Light","floor":4,"damage_taken":0},{"event_name":"Golden Wing","player_choice":"Gained Gold","floor":12,"damage_taken":0},{"event_name":"Wheel of Change","player_choice":"Gold","floor":19,"damage_taken":0},{"event_name":"Ghosts","player_choice":"Ignored","floor":21,"damage_taken":0},{"event_name":"Addict","player_choice":"Obtained Relic","floor":25,"damage_taken":0},{"event_name":"Forgotten Altar","player_choice":"Shed Blood","floor":30,"damage_taken":0},{"event_name":"SensoryStone","player_choice":"Memory 3","floor":36,"damage_taken":0},{"event_name":"Tomb of Lord Red Mask","player_choice":"Paid","floor":39,"damage_taken":0}],"boss_relics":[{"not_picked":["Velvet Choker","Sozu"],"picked":"Ectoplasm"},{"not_picked":["Cursed Key","Snecko Eye"],"picked":"Nuclear Battery"}],"items_purged_floors":[],"potions_floor_spawned":[5,8,14,24,31,33,37,40,45,48],"seed_played":"-2624823392347023671","ascension_level":0,"potions_obtained":[{"floor":5,"key":"FearPotion"},{"floor":8,"key":"AttackPotion"},{"floor":14,"key":"Fire Potion"},{"floor":24,"key":"Strength Potion"},{"floor":31,"key":"AttackPotion"},{"floor":33,"key":"AttackPotion"},{"floor":37,"key":"Poison Potion"},{"floor":40,"key":"SteroidPotion"},{"floor":45,"key":"Block Potion"},{"floor":48,"key":"FairyPotion"}],"is_trial":false}