{"gold_per_floor":[115,131,141,156,173,173,192,192,192,222,250,292,304,326,338,446,458,480,503,515],"floor_reached":20,"playtime":1449,"items_purged":[],"score":182,"play_id":"e0bf9c6c-ae46-4a7b-8cc5-d92d08170c48","local_time":"20190411091228","is_ascension_mode":false,"campfire_choices":[{"data":"Headbutt","floor":6,"key":"SMITH"},{"data":"Heavy Blade","floor":8,"key":"SMITH"},{"data":"Flex","floor":13,"key":"SMITH"},{"floor":15,"key":"REST"}],"neow_cost":"NONE","seed_source_timestamp":916538167378,"circlet_count":0,"master_deck":["Strike_R","Strike_R","Strike_R","Strike_R","Strike_R","Defend_R","Defend_R","Defend_R","Defend_R","Bash","Shrug It Off","Metallicize","Entrench","Shrug It Off","Headbutt+1","Heavy Blade+1","Flex+1","Double Tap","Armaments","Shrug It Off","Dark Embrace","Heavy Blade"],"relics":["Black Blood","MawBank","Happy Flower"],"potions_floor_usage":[4,5,16,16],"damage_taken":[{"damage":8,"enemies":"Cultist","floor":1,"turns":6},{"damage":0,"enemies":"Jaw Worm","floor":2,"turns":7},{"damage":1,"enemies":"2 Louse","floor":3,"turns":4},{"damage":57,"enemies":"Exordium Thugs","floor":4,"turns":9},{"damage":1,"enemies":"2 Fungi Beasts","floor":5,"turns":3},{"damage":11,"enemies":"3 Louse","floor":7,"turns":8},{"damage":8,"enemies":"Looter","floor":10,"turns":5},{"damage":14,"enemies":"Blue Slaver","floor":11,"turns":3},{"damage":10,"enemies":"Lagavulin","floor":12,"turns":10},{"damage":10,"enemies":"Red Slaver","floor":14,"turns":3},{"damage":27,"enemies":"Slime Boss","floor":16,"turns":7},{"damage":49,"enemies":"3 Byrds","floor":18,"turns":10},{"damage":29,"enemies":"Shell Parasite","floor":19,"turns":9},{"damage":7,"enemies":"Colosseum Slavers","floor":20,"turns":2}],"seed_played":"392282936055108668","potions_obtained":[{"floor":1,"key":"Energy Potion"},{"floor":4,"key":"Explosive Potion"},{"floor":10,"key":"SneckoOil"},{"floor":12,"key":"Regen Potion"},{"floor":14,"key":"SteroidPotion"}],"is_trial":false,"path_per_floor":["M","M","M","M","M","R","M","R","T","M","M","E","R","M","R","B",null,"M","M","?"],"character_chosen":"IRONCLAD","items_purchased":[],"campfire_rested":1,"item_purchase_floors":[],"current_hp_per_floor":[86,88,88,37,42,42,37,37,37,35,27,23,23,19,45,39,88,49,30,23],"gold":515,"neow_bonus":"TEN_PERCENT_HP_BONUS","is_prod":false,"is_daily":false,"chose_seed":false,"campfire_upgraded":3,"win_rate":0.0,"timestamp":1554945148,"path_taken":["M","M","M","M","M","R","M","R","T","M","M","E","R","M","R","BOSS","M","?","?"],"build_version":"2019-01-23","purchased_purges":0,"victory":false,"max_hp_per_floor":[88,88,88,88,88,88,88,88,88,88,88,88,88,88,88,88,88,88,88,88],"card_choices":[{"not_picked":["Dropkick","Heavy Blade"],"picked":"Shrug It Off","floor":1},{"not_picked":["Wild Strike","Perfected Strike"],"picked":"Metallicize","floor":2},{"not_picked":["Perfected Strike","Clothesline"],"picked":"Entrench","floor":3},{"not_picked":["Pummel","Iron Wave"],"picked":"Shrug It Off","floor":4},{"not_picked":["Flex","Anger"],"picked":"Headbutt","floor":5},{"not_picked":["Rupture","Wild Strike"],"picked":"Heavy Blade","floor":7},{"not_picked":["Reckless Charge","Cleave"],"picked":"Flex","floor":10},{"not_picked":["Flame Barrier","Body Slam"],"picked":"Double Tap","floor":11},{"not_picked":["Reckless Charge","Bloodletting"],"picked":"Armaments","floor":12},{"not_picked":["Clothesline","Body Slam"],"picked":"Shrug It Off","floor":14},{"not_picked":["Brutality","Bludgeon"],"picked":"Dark Embrace","floor":16},{"not_picked":["Clothesline","Clash","Blood for Blood"],"picked":"SKIP","floor":18},{"not_picked":["Thunderclap","Anger"],"picked":"Heavy Blade","floor":19}],"player_experience":20937,"relics_obtained":[{"floor":9,"key":"MawBank"},{"floor":12,"key":"Happy Flower"}],"event_choices":[{"damage_healed":0,"gold_gain":0,"player_choice":"Fight","damage_taken":0,"max_hp_gain":0,"max_hp_loss":0,"event_name":"Colosseum","floor":20,"gold_loss":0}],"is_beta":false,"boss_relics":[{"not_picked":["Fusion Hammer","Black Star"],"picked":"Black Blood"}],"items_purged_floors":[],"is_endless":false,"potions_floor_spawned":[1,4,10,12,14],"killed_by":"Colosseum Slavers","ascension_level":0}