{"gold_per_floor":[117,130,55,17,36,36,51,78,78,78,78,98,125,25,25,124,124,136,51,51,67,67,67,94,94,121,131,131,164,179,189,189,287,287,303,303,354,20,20,20,54,54,54,82,97,97,127,144,144,144],"floor_reached":51,"playtime":8108,"items_purged":["Strike_B","Strike_B","Defend_B"],"score":768,"play_id":"84c26a90-b154-4fcb-a625-885fddd8436d","local_time":"20181101145918","is_ascension_mode":true,"campfire_choices":[{"data":"Ball Lightning","floor":6,"key":"SMITH"},{"data":"Zap","floor":11,"key":"SMITH"},{"floor":15,"key":"REST"},{"data":"Conserve Battery","floor":23,"key":"SMITH"},{"data":"Leap","floor":25,"key":"SMITH"},{"data":"Self Repair","floor":28,"key":"SMITH"},{"data":"Seek","floor":32,"key":"SMITH"},{"data":"Dualcast","floor":40,"key":"SMITH"},{"floor":42,"key":"REST"},{"data":"Cold Snap","floor":49,"key":"SMITH"}],"neow_cost":"PERCENT_DAMAGE","seed_source_timestamp":3895649306117735,"circlet_count":0,"master_deck":["Strike_B","Defend_B","Defend_B","Defend_B","Zap+1","Dualcast+1","Ball Lightning+1","Cold Snap+1","Leap+1","Conserve Battery+1","Coolheaded","Seek+1","Electrodynamics+1","Consume+1","Rebound+1","Machine Learning","Self Repair+1","Chill","Cold Snap+1","Rainbow","BootSequence+1","BootSequence+1"],"relics":["Cracked Core","Turnip","Omamori","Bottled Lightning","Molten Egg 2","Black Star","Orichalcum","Vajra","Pen Nib","Centennial Puzzle","Ice Cream","Dead Branch","Philosopher\u0027s Stone","Bird Faced Urn","Frozen Eye","Du-Vu Doll","Pocketwatch","Bag of Marbles","Cables","Singing Bowl","Smiling Mask","Potion Belt"],"potions_floor_usage":[13,16,29,29,29,41,41,44,48,50,50],"damage_taken":[{"damage":7,"enemies":"Small Slimes","floor":1,"turns":4},{"damage":3,"enemies":"Jaw Worm","floor":2,"turns":3},{"damage":0,"enemies":"Cultist","floor":5,"turns":2},{"damage":0,"enemies":"Exordium Thugs","floor":7,"turns":4},{"damage":13,"enemies":"3 Sentries","floor":8,"turns":7},{"damage":0,"enemies":"2 Fungi Beasts","floor":12,"turns":3},{"damage":11,"enemies":"Gremlin Nob","floor":13,"turns":4},{"damage":14,"enemies":"The Guardian","floor":16,"turns":11},{"damage":15,"enemies":"3 Byrds","floor":18,"turns":2},{"damage":4,"enemies":"Chosen","floor":21,"turns":3},{"damage":29,"enemies":"Gremlin Leader","floor":24,"turns":6},{"damage":0,"enemies":"Snecko","floor":27,"turns":4},{"damage":18,"enemies":"Book of Stabbing","floor":29,"turns":8},{"damage":2,"enemies":"Cultist and Chosen","floor":30,"turns":4},{"damage":0,"enemies":"Centurion and Healer","floor":31,"turns":5},{"damage":21,"enemies":"Automaton","floor":33,"turns":10},{"damage":0,"enemies":"3 Shapes","floor":35,"turns":2},{"damage":54,"enemies":"2 Orb Walkers","floor":37,"turns":5},{"damage":39,"enemies":"Giant Head","floor":41,"turns":10},{"damage":12,"enemies":"Nemesis","floor":44,"turns":9},{"damage":0,"enemies":"3 Darklings","floor":45,"turns":2},{"damage":28,"enemies":"Reptomancer","floor":47,"turns":6},{"damage":2,"enemies":"Spire Growth","floor":48,"turns":6},{"damage":46,"enemies":"Time Eater","floor":50,"turns":12}],"seed_played":"-5548232447856257436","potions_obtained":[{"floor":1,"key":"Weak Potion"},{"floor":8,"key":"Weak Potion"},{"floor":16,"key":"Fruit Juice"},{"floor":24,"key":"Regen Potion"},{"floor":27,"key":"PowerPotion"},{"floor":29,"key":"EssenceOfSteel"},{"floor":31,"key":"Weak Potion"},{"floor":33,"key":"Regen Potion"},{"floor":35,"key":"Ancient Potion"},{"floor":44,"key":"Ancient Potion"},{"floor":45,"key":"Poison Potion"},{"floor":47,"key":"FocusPotion"}],"is_trial":false,"path_per_floor":["M","M","$","?","M","R","M","E","T","$","R","M","E","$","R","B",null,"M","?","?","M","?","R","E","R","T","M","R","E","M","M","R","B",null,"M","?","?","$","?","R","E","R","T","E","M","$","E","M","R","B"],"character_chosen":"DEFECT","items_purchased":["Frozen Eye"],"campfire_rested":2,"item_purchase_floors":[38],"current_hp_per_floor":[47,44,44,44,44,44,44,31,31,31,31,31,20,20,42,33,80,65,65,65,61,61,61,32,32,32,32,32,39,47,57,57,46,80,80,80,36,36,36,36,28,52,52,62,80,80,72,88,88,55],"gold":144,"neow_bonus":"ONE_RARE_RELIC","is_prod":false,"is_daily":false,"chose_seed":false,"campfire_upgraded":8,"win_rate":0,"timestamp":1541109558,"path_taken":["M","M","$","?","M","R","M","E","T","?","R","M","E","$","R","BOSS","M","?","?","M","?","R","E","R","T","M","R","E","M","M","R","BOSS","M","?","?","$","?","R","E","R","T","E","M","?","E","M","R","BOSS"],"build_version":"2018-10-25v2","purchased_purges":3,"victory":true,"max_hp_per_floor":[75,75,75,75,75,75,75,75,75,75,75,75,75,75,75,80,80,80,80,80,80,80,80,80,80,80,80,80,80,80,80,80,80,80,80,80,80,80,80,80,80,80,80,82,84,84,86,88,88,88],"card_choices":[{"not_picked":["Darkness","Go for the Eyes"],"picked":"Ball Lightning","floor":1},{"not_picked":["Gash","Genetic Algorithm"],"picked":"Cold Snap","floor":2},{"not_picked":["Rip and Tear","Compile Driver"],"picked":"Leap","floor":5},{"not_picked":["Turbo","Compile Driver","Steam Power"],"picked":"SKIP","floor":7},{"not_picked":["Reprogram","Machine Learning"],"picked":"Conserve Battery","floor":8},{"not_picked":["Hello World","Compile Driver"],"picked":"Coolheaded","floor":12},{"not_picked":["Barrage","Go for the Eyes"],"picked":"Seek","floor":13},{"not_picked":["Seek","Creative AI"],"picked":"Electrodynamics","floor":16},{"not_picked":["Hologram","Barrage+1"],"picked":"Consume+1","floor":18},{"not_picked":["Redo","Gash+1"],"picked":"Rebound+1","floor":21},{"not_picked":["Beam Cell+1","Darkness"],"picked":"Machine Learning","floor":24},{"not_picked":["Compile Driver+1","Scrape+1"],"picked":"Self Repair","floor":27},{"not_picked":["Capacitor","Undo"],"picked":"Chill","floor":29},{"not_picked":["Leap","Double Energy"],"picked":"Cold Snap+1","floor":30},{"not_picked":["Rebound+1","Redo","Tempest"],"picked":"SKIP","floor":31},{"not_picked":["Meteor Strike+1","Multi-Cast"],"picked":"Rainbow","floor":33},{"not_picked":["Turbo","Cold Snap+1"],"picked":"BootSequence+1","floor":35},{"not_picked":["Sunder+1","Steam Power+1"],"picked":"BootSequence+1","floor":41},{"not_picked":["Sweeping Beam+1","Coolheaded","Fission"],"picked":"Singing Bowl","floor":44},{"not_picked":["Redo+1","FTL+1","Leap"],"picked":"Singing Bowl","floor":45},{"not_picked":["Leap+1","Undo","Rip and Tear+1"],"picked":"Singing Bowl","floor":47},{"not_picked":["Undo+1","Redo","Streamline+1"],"picked":"Singing Bowl","floor":48}],"player_experience":220340,"relics_obtained":[{"floor":8,"key":"Omamori"},{"floor":9,"key":"Bottled Lightning"},{"floor":13,"key":"Molten Egg 2"},{"floor":24,"key":"Vajra"},{"floor":24,"key":"Pen Nib"},{"floor":26,"key":"Centennial Puzzle"},{"floor":29,"key":"Ice Cream"},{"floor":29,"key":"Dead Branch"},{"floor":37,"key":"Bird Faced Urn"},{"floor":41,"key":"Du-Vu Doll"},{"floor":41,"key":"Pocketwatch"},{"floor":43,"key":"Bag of Marbles"},{"floor":44,"key":"Cables"},{"floor":44,"key":"Singing Bowl"},{"floor":47,"key":"Smiling Mask"},{"floor":47,"key":"Potion Belt"}],"event_choices":[{"damage_healed":0,"gold_gain":0,"player_choice":"Left Gold","damage_taken":0,"max_hp_gain":0,"max_hp_loss":0,"event_name":"World of Goop","floor":4,"gold_loss":38},{"damage_healed":0,"gold_gain":0,"player_choice":"Obtained Relic","damage_taken":0,"relics_obtained":["Orichalcum"],"max_hp_gain":0,"max_hp_loss":0,"event_name":"Addict","floor":19,"gold_loss":85},{"damage_healed":0,"gold_gain":0,"player_choice":"Ignored","damage_taken":0,"max_hp_gain":0,"max_hp_loss":0,"event_name":"Vampires","floor":20,"gold_loss":0},{"damage_healed":0,"gold_gain":0,"player_choice":"Forge","damage_taken":0,"max_hp_gain":0,"max_hp_loss":0,"event_name":"Accursed Blacksmith","floor":22,"gold_loss":0,"cards_upgraded":["Electrodynamics"]},{"damage_healed":0,"gold_gain":0,"player_choice":"Ignored","damage_taken":0,"max_hp_gain":0,"max_hp_loss":0,"event_name":"Tomb of Lord Red Mask","floor":36,"gold_loss":0},{"damage_healed":0,"gold_gain":0,"player_choice":"Fight","damage_taken":0,"max_hp_gain":0,"max_hp_loss":0,"event_name":"Mysterious Sphere","floor":37,"gold_loss":0},{"cards_removed":["Strike_B"],"damage_healed":0,"gold_gain":0,"player_choice":"Removed Attack","damage_taken":0,"max_hp_gain":0,"max_hp_loss":0,"event_name":"Falling","floor":39,"gold_loss":0}],"is_beta":false,"boss_relics":[{"not_picked":["Pandora\u0027s Box","Tiny House"],"picked":"Black Star"},{"not_picked":["Coffee Dripper","Fusion Hammer"],"picked":"Philosopher\u0027s Stone"}],"items_purged_floors":[3,14,38],"is_endless":false,"potions_floor_spawned":[1,8,16,24,27,29,31,33,35,44,45,47],"ascension_level":1}