{"gold_per_floor":[118,176,196,207,220,220,234,234,260,185,185,197,197,214,214,318,318,336,336,34,48,75,75,88,88,115,129,143,143,18,34,34,34],"floor_reached":33,"playtime":1580,"items_purged":["Strike_R","Strike_R","Heavy Blade+1"],"score":266,"play_id":"0731d126-e0b5-4ab3-a965-c15651ca2143","local_time":"20190819200117","is_ascension_mode":false,"campfire_choices":[{"data":"Searing Blow","floor":6,"key":"SMITH"},{"data":"Searing Blow+1","floor":8,"key":"SMITH"},{"data":"Searing Blow+2","floor":11,"key":"SMITH"},{"data":"Searing Blow+3","floor":13,"key":"SMITH"},{"data":"Searing Blow+4","floor":15,"key":"SMITH"},{"data":"Searing Blow+5","floor":23,"key":"SMITH"},{"data":"Searing Blow+6","floor":25,"key":"SMITH"},{"floor":32,"key":"REST"}],"neow_cost":"NONE","seed_source_timestamp":73447320104283,"circlet_count":0,"master_deck":["Strike_R","Strike_R","Strike_R","Defend_R","Defend_R","Defend_R","Defend_R","Bash+1","Cleave","Searing Blow+7","Dual Wield","Headbutt+1","Armaments"],"relics":["Burning Blood","Potion Belt","White Beast Statue","MutagenicStrength","Red Skull","Whetstone","Anchor"],"potions_floor_usage":[16,16,16,24,24,27,31,33,33,33],"damage_taken":[{"damage":0,"enemies":"2 Louse","floor":1,"turns":4},{"damage":3,"enemies":"Jaw Worm","floor":3,"turns":4},{"damage":1,"enemies":"Cultist","floor":4,"turns":4},{"damage":10,"enemies":"3 Louse","floor":5,"turns":3},{"damage":15,"enemies":"Looter","floor":7,"turns":3},{"damage":8,"enemies":"2 Fungi Beasts","floor":12,"turns":3},{"damage":2,"enemies":"Large Slime","floor":14,"turns":5},{"damage":30,"enemies":"Hexaghost","floor":16,"turns":8},{"damage":15,"enemies":"2 Thieves","floor":18,"turns":3},{"damage":5,"enemies":"Spheric Guardian","floor":21,"turns":3},{"damage":7,"enemies":"Snake Plant","floor":24,"turns":2},{"damage":51,"enemies":"Cultist and Chosen","floor":27,"turns":7},{"damage":10,"enemies":"Snecko","floor":28,"turns":3},{"damage":1,"enemies":"Snake Plant","floor":31,"turns":2},{"damage":52,"enemies":"Champ","floor":33,"turns":6}],"seed_played":"4241178173784843092","potions_obtained":[{"floor":5,"key":"Dexterity Potion"},{"floor":7,"key":"Poison Potion"},{"floor":12,"key":"SpeedPotion"},{"floor":16,"key":"Explosive Potion"},{"floor":18,"key":"Poison Potion"},{"floor":21,"key":"Dexterity Potion"},{"floor":24,"key":"Dexterity Potion"},{"floor":27,"key":"Swift Potion"},{"floor":28,"key":"GamblersBrew"},{"floor":31,"key":"Swift Potion"}],"is_trial":false,"path_per_floor":["M","?","M","M","M","R","M","R","T","$","R","M","R","M","R","B",null,"M","?","$","M","T","R","M","R","T","M","M","?","$","M","R","B"],"character_chosen":"IRONCLAD","items_purchased":["Armaments","Red Skull"],"campfire_rested":1,"item_purchase_floors":[20,20],"current_hp_per_floor":[80,80,80,80,76,76,67,67,67,67,67,65,65,69,69,45,80,71,71,71,72,72,72,71,71,71,26,22,22,22,27,51,0],"gold":34,"neow_bonus":"UPGRADE_CARD","is_prod":false,"is_daily":false,"chose_seed":false,"campfire_upgraded":7,"win_rate":0.0,"timestamp":1566234077,"path_taken":["M","?","M","M","M","R","M","R","T","$","R","M","R","M","R","BOSS","M","?","$","M","?","R","M","R","T","?","M","?","$","M","R","BOSS"],"build_version":"2019-07-17","purchased_purges":3,"victory":false,"max_hp_per_floor":[80,80,80,80,80,80,80,80,80,80,80,80,80,80,80,80,80,80,80,80,80,80,80,80,80,80,80,80,80,80,80,80,80],"card_choices":[{"not_picked":["Iron Wave","Spot Weakness"],"picked":"Heavy Blade","floor":1},{"not_picked":["Iron Wave","Infernal Blade"],"picked":"Cleave","floor":3},{"not_picked":["Heavy Blade","Sword Boomerang"],"picked":"Searing Blow","floor":4},{"not_picked":["Pommel Strike","Sword Boomerang","Anger"],"picked":"SKIP","floor":5},{"not_picked":["Burning Pact","True Grit"],"picked":"Dual Wield","floor":7},{"not_picked":["True Grit","Second Wind","Berserk"],"picked":"SKIP","floor":12},{"not_picked":["True Grit","Cleave"],"picked":"Headbutt","floor":14},{"not_picked":["Bloodletting","Thunderclap","Perfected Strike"],"picked":"SKIP","floor":18},{"not_picked":["True Grit","Pummel","Bloodletting+1"],"picked":"SKIP","floor":21},{"not_picked":["Pommel Strike","Body Slam","Sever Soul"],"picked":"SKIP","floor":24},{"not_picked":["Shrug It Off","Flame Barrier+1","Armaments"],"picked":"SKIP","floor":27},{"not_picked":["Rampage","Heavy Blade","Thunderclap+1"],"picked":"SKIP","floor":28},{"not_picked":["Twin Strike","Thunderclap","Ghostly Armor"],"picked":"SKIP","floor":31}],"player_experience":40935,"relics_obtained":[{"floor":9,"key":"Potion Belt"},{"floor":22,"key":"Whetstone"},{"floor":26,"key":"Anchor"}],"event_choices":[{"damage_healed":0,"gold_gain":58,"player_choice":"Gained Gold","damage_taken":0,"max_hp_gain":0,"max_hp_loss":0,"event_name":"Golden Wing","floor":2,"gold_loss":0},{"damage_healed":0,"gold_gain":0,"player_choice":"Inject Mutagens","damage_taken":0,"relics_obtained":["MutagenicStrength"],"max_hp_gain":0,"max_hp_loss":0,"event_name":"Drug Dealer","floor":19,"gold_loss":0},{"damage_healed":0,"gold_gain":0,"player_choice":"Ignored","damage_taken":0,"max_hp_gain":0,"max_hp_loss":0,"event_name":"Cursed Tome","floor":29,"gold_loss":0}],"is_beta":false,"boss_relics":[{"not_picked":["Snecko Eye","Ectoplasm"],"picked":"White Beast Statue"}],"items_purged_floors":[10,20,30],"is_endless":false,"potions_floor_spawned":[5,7,12,16,18,21,24,27,28,31],"killed_by":"Champ","ascension_level":0}