{"gold_per_floor":[113,113,113,113,128,158,175,189,189,207,220,284,63,79,79,183,183,156,156],"floor_reached":19,"playtime":675,"items_purged":[],"score":196,"play_id":"93c10c39-186f-4bb3-afa9-9e97add48f25","local_time":"20190812122603","is_ascension_mode":false,"campfire_choices":[{"floor":15,"key":"REST"}],"neow_cost":"NONE","seed_source_timestamp":629663252790250,"circlet_count":0,"master_deck":["Strike_G","Strike_G","Strike_G+1","Strike_G","Defend_G","Defend_G","Defend_G","Defend_G+1","Defend_G+1","Survivor","Neutralize","Blur","Masterful Stab","Dagger Spray+1","Backflip","Cloak And Dagger","Prepared","Blade Dance","Crippling Poison","Infinite Blades","PiercingWail","Adrenaline","Endless Agony+1"],"relics":["Ring of the Snake","NeowsBlessing","Bag of Preparation","Whetstone","Bottled Lightning","PreservedInsect","Runic Pyramid"],"potions_floor_usage":[16,16],"damage_taken":[{"damage":0,"enemies":"Small Slimes","floor":1,"turns":1},{"damage":0,"enemies":"Jaw Worm","floor":5,"turns":1},{"damage":0,"enemies":"Lagavulin","floor":6,"turns":1},{"damage":0,"enemies":"2 Louse","floor":7,"turns":2},{"damage":9,"enemies":"Exordium Thugs","floor":8,"turns":5},{"damage":22,"enemies":"Large Slime","floor":10,"turns":6},{"damage":0,"enemies":"Exordium Wildlife","floor":11,"turns":3},{"damage":13,"enemies":"3 Sentries","floor":12,"turns":7},{"damage":0,"enemies":"2 Fungi Beasts","floor":14,"turns":3},{"damage":19,"enemies":"Hexaghost","floor":16,"turns":16},{"damage":12,"enemies":"2 Thieves","floor":18,"turns":5},{"damage":0,"enemies":"Spheric Guardian","floor":19,"turns":1}],"seed_played":"-8367917405777064918","potions_obtained":[{"floor":6,"key":"Dexterity Potion"},{"floor":7,"key":"FearPotion"},{"floor":8,"key":"Ancient Potion"},{"floor":10,"key":"PowerPotion"},{"floor":18,"key":"GamblersBrew"}],"is_trial":false,"path_per_floor":["M","?","?","?","M","E","M","M","T","M","M","?","$","M","R","B",null,"M","M"],"character_chosen":"THE_SILENT","items_purchased":["PreservedInsect","Infinite Blades"],"campfire_rested":1,"item_purchase_floors":[13,13],"current_hp_per_floor":[70,56,56,56,56,56,56,47,47,25,25,12,12,12,33,14,70,58,58],"gold":156,"neow_bonus":"THREE_ENEMY_KILL","is_prod":false,"is_daily":false,"chose_seed":false,"campfire_upgraded":0,"win_rate":0,"timestamp":1565583963,"path_taken":["M","?","?","?","M","E","M","M","T","?","M","?","?","M","R","BOSS","M","M"],"build_version":"2019-07-17","purchased_purges":0,"victory":false,"max_hp_per_floor":[70,70,70,70,70,70,70,70,70,70,70,70,70,70,70,70,70,70,70],"card_choices":[{"not_picked":["PiercingWail","Acrobatics"],"picked":"Blur","floor":1},{"not_picked":["Sucker Punch","Distraction","Quick Slash"],"picked":"SKIP","floor":5},{"not_picked":["Leg Sweep","Blade Dance"],"picked":"Dagger Spray","floor":6},{"not_picked":["Deflect","Underhanded Strike"],"picked":"Backflip","floor":7},{"not_picked":["Distraction","Quick Slash"],"picked":"Cloak And Dagger","floor":8},{"not_picked":["Bane","Dagger Spray"],"picked":"Prepared","floor":10},{"not_picked":["Riddle With Holes","Unload"],"picked":"Blade Dance","floor":11},{"not_picked":["Prepared","Masterful Stab"],"picked":"Crippling Poison","floor":12},{"not_picked":["Prepared","Dodge and Roll"],"picked":"PiercingWail","floor":14},{"not_picked":["Unload","Wraith Form v2"],"picked":"Adrenaline","floor":16},{"not_picked":["Quick Slash+1","Blade Dance"],"picked":"Endless Agony+1","floor":18}],"player_experience":181738,"relics_obtained":[{"floor":6,"key":"Bag of Preparation"},{"floor":9,"key":"Whetstone"},{"floor":12,"key":"Bottled Lightning"}],"event_choices":[{"damage_healed":0,"gold_gain":0,"player_choice":"Entered Light","damage_taken":14,"max_hp_gain":0,"max_hp_loss":0,"event_name":"Shining Light","floor":2,"gold_loss":0,"cards_upgraded":["Defend_G","Defend_G"]},{"damage_healed":0,"gold_gain":0,"player_choice":"Ignored","damage_taken":0,"max_hp_gain":0,"max_hp_loss":0,"event_name":"Golden Wing","floor":3,"gold_loss":0},{"damage_healed":0,"gold_gain":0,"cards_transformed":["Strike_G"],"player_choice":"Transformed","damage_taken":0,"max_hp_gain":0,"max_hp_loss":0,"event_name":"Transmorgrifier","floor":4,"gold_loss":0,"cards_obtained":["Masterful Stab"]},{"damage_healed":0,"gold_gain":0,"player_choice":"Searched \u00271\u0027 times","damage_taken":0,"max_hp_gain":0,"max_hp_loss":0,"event_name":"Dead Adventurer","floor":12,"gold_loss":0}],"is_beta":false,"boss_relics":[{"not_picked":["Velvet Choker","Lizard Tail"],"picked":"Runic Pyramid"}],"items_purged_floors":[],"is_endless":false,"potions_floor_spawned":[6,7,8,10,11,18],"killed_by":"Spheric Guardian","ascension_level":0}