{"gold_per_floor":[116,116,128,139,139,171,171,181,259,259,294,311,311,327,327,327],"floor_reached":16,"playtime":1165,"items_purged":[],"score":146,"play_id":"49ee07c7-4834-402e-9710-4c2d4dd56a24","local_time":"20190301231823","is_ascension_mode":true,"campfire_choices":[{"floor":7,"key":"REST"},{"data":"Shockwave","floor":10,"key":"SMITH"},{"floor":15,"key":"REST"}],"neow_cost":"NONE","seed_source_timestamp":4619904483907810,"circlet_count":0,"master_deck":["Strike_R","Strike_R","Strike_R","Strike_R","Strike_R","Defend_R","Defend_R","Defend_R","Defend_R","Bash","Shrug It Off","Flame Barrier","True Grit","Thunderclap","Shockwave+1","Feel No Pain","Havoc","Headbutt"],"relics":["Burning Blood","Charon\u0027s Ashes","Omamori","Darkstone Periapt","Vajra","Blue Candle"],"potions_floor_usage":[6,14,16],"damage_taken":[{"damage":10,"enemies":"Small Slimes","floor":1,"turns":5},{"damage":0,"enemies":"Jaw Worm","floor":3,"turns":5},{"damage":2,"enemies":"2 Louse","floor":4,"turns":3},{"damage":70,"enemies":"Gremlin Nob","floor":6,"turns":7},{"damage":4,"enemies":"Red Slaver","floor":8,"turns":7},{"damage":25,"enemies":"3 Sentries","floor":11,"turns":8},{"damage":2,"enemies":"2 Fungi Beasts","floor":12,"turns":5},{"damage":1,"enemies":"Looter","floor":14,"turns":4},{"damage":55,"enemies":"Slime Boss","floor":16,"turns":9}],"seed_played":"-8983491996441779881","potions_obtained":[{"floor":1,"key":"AttackPotion"},{"floor":4,"key":"SneckoOil"},{"floor":12,"key":"Poison Potion"}],"is_trial":false,"path_per_floor":["M","$","M","M","?","E","R","M","T","R","E","M","T","M","R","B"],"character_chosen":"IRONCLAD","items_purchased":[],"campfire_rested":2,"item_purchase_floors":[],"current_hp_per_floor":[68,68,74,78,71,7,31,33,33,33,14,18,18,23,47,0],"gold":327,"neow_bonus":"THREE_CARDS","is_prod":false,"is_daily":false,"chose_seed":false,"campfire_upgraded":1,"win_rate":0,"timestamp":1551507503,"path_taken":["M","$","M","M","?","E","R","M","T","R","E","M","?","M","R","BOSS"],"build_version":"2019-01-23","purchased_purges":0,"victory":false,"max_hp_per_floor":[80,80,80,80,80,80,80,80,80,80,80,80,80,80,80,80],"card_choices":[{"not_picked":["Perfected Strike","Wild Strike"],"picked":"Shrug It Off","floor":0},{"not_picked":["Sever Soul","Blood for Blood"],"picked":"Flame Barrier","floor":1},{"not_picked":["Perfected Strike","Anger"],"picked":"True Grit","floor":3},{"not_picked":["Ghostly Armor","Armaments"],"picked":"Thunderclap","floor":4},{"not_picked":["True Grit","Dark Embrace"],"picked":"Shockwave","floor":6},{"not_picked":["Twin Strike","Dual Wield"],"picked":"Feel No Pain","floor":8},{"not_picked":["Sword Boomerang","Feel No Pain","Cleave"],"picked":"SKIP","floor":11},{"not_picked":["Entrench","Flex"],"picked":"Havoc","floor":12},{"not_picked":["Wild Strike","Heavy Blade"],"picked":"Headbutt","floor":14}],"player_experience":1906505,"relics_obtained":[{"floor":6,"key":"Omamori"},{"floor":9,"key":"Darkstone Periapt"},{"floor":11,"key":"Vajra"},{"floor":13,"key":"Blue Candle"}],"event_choices":[{"damage_healed":0,"gold_gain":0,"player_choice":"Success","damage_taken":7,"relics_obtained":["Charon\u0027s Ashes"],"max_hp_gain":0,"max_hp_loss":0,"event_name":"Scrap Ooze","floor":5,"gold_loss":0}],"is_beta":false,"boss_relics":[],"items_purged_floors":[],"is_endless":false,"potions_floor_spawned":[1,4,12],"killed_by":"Slime Boss","ascension_level":6}