{"gold_per_floor":[115,131,131,81,97,97,27,27,27,47,47,47,47,62,62,62],"floor_reached":16,"playtime":13516,"items_purged":[],"score":122,"play_id":"ff1ac7ad-0c9a-4f47-8c54-ed28f56744b6","local_time":"20190729205914","is_ascension_mode":true,"campfire_choices":[{"floor":6,"key":"DIG"},{"floor":13,"key":"DIG"},{"floor":15,"key":"DIG"}],"neow_cost":"TEN_PERCENT_HP_LOSS","seed_source_timestamp":5713022392650153,"circlet_count":0,"master_deck":["Strike_R+1","Strike_R","Strike_R","Strike_R","Strike_R+1","Defend_R","Defend_R","Defend_R","Defend_R","Bash+1","Shockwave","Cleave+1","Rupture","Pain"],"relics":["Burning Blood","Shovel","Golden Idol","Dream Catcher","Matryoshka","WarpedTongs","Whetstone","Darkstone Periapt"],"potions_floor_usage":[10,16],"damage_taken":[{"damage":7,"enemies":"2 Louse","floor":1,"turns":4},{"damage":0,"enemies":"Small Slimes","floor":2,"turns":3},{"damage":6,"enemies":"Cultist","floor":5,"turns":4},{"damage":7,"enemies":"Exordium Thugs","floor":10,"turns":5},{"damage":22,"enemies":"Lots of Slimes","floor":14,"turns":4},{"damage":50,"enemies":"Slime Boss","floor":16,"turns":9}],"seed_played":"1477409407549782264","potions_obtained":[{"floor":5,"key":"SkillPotion"},{"floor":14,"key":"Dexterity Potion"}],"is_trial":false,"path_per_floor":["M","M","?","?","M","R","$","?","T","M","$","?","R","M","R","B"],"character_chosen":"IRONCLAD","items_purchased":["Rupture"],"campfire_rested":0,"item_purchase_floors":[7],"current_hp_per_floor":[71,72,72,72,72,72,72,58,58,57,57,57,57,41,41,0],"gold":62,"neow_bonus":"ONE_RARE_RELIC","is_prod":false,"is_daily":false,"chose_seed":false,"campfire_upgraded":0,"win_rate":0,"timestamp":1564455554,"path_taken":["M","M","?","?","M","R","$","?","T","M","$","?","R","M","R","BOSS"],"build_version":"2019-07-17","purchased_purges":0,"victory":false,"max_hp_per_floor":[72,72,72,72,72,72,72,72,72,72,72,72,72,72,72,72],"card_choices":[{"not_picked":["Body Slam","Flex"],"picked":"Shockwave","floor":1},{"not_picked":["Entrench","Intimidate","Wild Strike"],"picked":"SKIP","floor":2},{"not_picked":["Sword Boomerang","True Grit"],"picked":"Cleave","floor":5},{"not_picked":["Second Wind","Seeing Red","Intimidate"],"picked":"SKIP","floor":10},{"not_picked":["Body Slam","Havoc","Anger"],"picked":"SKIP","floor":14}],"player_experience":2019369,"relics_obtained":[{"floor":6,"key":"Dream Catcher"},{"floor":9,"key":"Matryoshka"},{"floor":13,"key":"Whetstone"},{"floor":15,"key":"Darkstone Periapt"}],"event_choices":[{"damage_healed":0,"gold_gain":0,"player_choice":"Take Wound","damage_taken":0,"relics_obtained":["Golden Idol"],"max_hp_gain":0,"max_hp_loss":0,"event_name":"Golden Idol","floor":3,"gold_loss":0,"cards_obtained":["Injury"]},{"cards_removed":["Injury"],"damage_healed":0,"gold_gain":0,"player_choice":"Card Removal","damage_taken":0,"max_hp_gain":0,"max_hp_loss":0,"event_name":"The Cleric","floor":4,"gold_loss":50},{"damage_healed":0,"gold_gain":0,"player_choice":"Entered Light","damage_taken":14,"max_hp_gain":0,"max_hp_loss":0,"event_name":"Shining Light","floor":8,"gold_loss":0,"cards_upgraded":["Strike_R","Cleave"]},{"damage_healed":0,"gold_gain":0,"player_choice":"Rummage","damage_taken":0,"relics_obtained":["WarpedTongs"],"max_hp_gain":0,"max_hp_loss":0,"event_name":"Accursed Blacksmith","floor":12,"gold_loss":0,"cards_obtained":["Pain"]}],"is_beta":false,"boss_relics":[],"items_purged_floors":[],"is_endless":false,"potions_floor_spawned":[5,14],"killed_by":"Slime Boss","ascension_level":7}