{"path_per_floor":["M","?","M","M","?","E","$","E","T","M","M","R","$","M","R","B",null,"M","M","?","?","M","E","R"],"character_chosen":"THE_SILENT","items_purchased":["Blur","Blood Vial","Footwork"],"gold_per_floor":[365,365,382,396,356,388,89,115,115,131,141,141,6,25,25,120,150,150,168,168,168,183,211,211,211],"floor_reached":25,"campfire_rested":3,"playtime":7573,"current_hp_per_floor":[61,61,61,61,61,58,58,35,35,37,39,62,62,39,62,36,82,82,68,68,52,27,5,29,0],"items_purged":["Strike_G","Defend_G"],"gold":211,"score":233,"play_id":"22f3efba-50a4-49e6-8e21-d174d4ffccb5","local_time":"20180519122018","is_prod":false,"is_daily":false,"chose_seed":false,"is_ascension_mode":false,"campfire_upgraded":0,"timestamp":1526754018,"campfire_choices":[{"floor":12.0,"key":"REST"},{"floor":15.0,"key":"REST"},{"floor":24,"key":"REST"}],"path_taken":["M","?","M","M","?","E","$","E","T","M","?","R","?","M","R","BOSS","M","M","?","?","M","E","R","E"],"build_version":"2018-05-17","seed_source_timestamp":0,"purchased_purges":2,"victory":false,"master_deck":["Defend_G","Defend_G","Defend_G","Strike_G","Strike_G","Strike_G","Strike_G","Survivor","Neutralize","Dash","A Thousand Cuts","Backflip","Noxious Fumes","Bane","Blur","Crippling Poison","Predator","Footwork","Escape Plan","Adrenaline+1","Backflip+1","Deadly Poison+1","Venomology"],"max_hp_per_floor":[63,63,63,63,63,77,77,77,77,77,77,77,77,77,77,77,82,82,82,82,82,82,82,82,82],"relics":["Ring of the Snake","Mango","Blood Vial","Bottled Flame","Darkstone Periapt","Tiny House","Pantograph","Nilry\u0027s Codex","Mummified Hand"],"card_choices":[{"not_picked":["Underhanded Strike","Flying Knee"],"picked":"Dash","floor":1.0},{"not_picked":["Malaise","Flying Knee"],"picked":"Backflip","floor":3.0},{"not_picked":["Setup","Flying Knee"],"picked":"Noxious Fumes","floor":4.0},{"not_picked":["PiercingWail","Slice"],"picked":"Bane","floor":6.0},{"not_picked":["Envenom","Well Laid Plans"],"picked":"Crippling Poison","floor":8.0},{"not_picked":["Underhanded Strike","Endless Agony"],"picked":"Predator","floor":10.0},{"not_picked":["Finisher","Deadly Poison","Heel Hook"],"picked":"SKIP","floor":11.0},{"not_picked":["Deadly Poison","Quick Slash"],"picked":"Escape Plan","floor":14.0},{"not_picked":["Unload","Grand Finale"],"picked":"Adrenaline","floor":16.0},{"not_picked":["Poisoned Stab","Bouncing Flask+1"],"picked":"Backflip+1","floor":19},{"not_picked":["Flechettes+1","Masterful Stab+1"],"picked":"Deadly Poison+1","floor":22},{"not_picked":["Deflect","Dagger Spray"],"picked":"Venomology","floor":23}],"player_experience":596334,"potions_floor_usage":[18,18,19,25,25],"damage_taken":[{"damage":2.0,"enemies":"Jaw Worm","floor":1.0,"turns":3.0},{"damage":0.0,"enemies":"Cultist","floor":3.0,"turns":4.0},{"damage":0.0,"enemies":"Small Slimes","floor":4.0,"turns":4.0},{"damage":17.0,"enemies":"3 Sentries","floor":6.0,"turns":10.0},{"damage":25.0,"enemies":"Lagavulin","floor":8.0,"turns":7.0},{"damage":0.0,"enemies":"Red Slaver","floor":10.0,"turns":7.0},{"damage":0.0,"enemies":"3 Louse","floor":11.0,"turns":4.0},{"damage":25.0,"enemies":"Gremlin Gang","floor":14.0,"turns":5.0},{"damage":28.0,"enemies":"Slime Boss","floor":16.0,"turns":13.0},{"damage":0,"enemies":"3 Byrds","floor":18,"turns":2},{"damage":14,"enemies":"2 Thieves","floor":19,"turns":4},{"damage":27,"enemies":"Cultist and Chosen","floor":22,"turns":7},{"damage":24,"enemies":"Book of Stabbing","floor":23,"turns":8},{"damage":31,"enemies":"Slavers","floor":25,"turns":4}],"relics_obtained":[{"floor":6.0,"key":"Mango"},{"floor":8.0,"key":"Bottled Flame"},{"floor":9.0,"key":"Darkstone Periapt"},{"floor":21,"key":"Nilry\u0027s Codex"},{"floor":23,"key":"Mummified Hand"}],"event_choices":[{"event_name":"Transmorgrifier","player_choice":"Transform","floor":2.0,"damage_taken":0.0},{"event_name":"The Woman in Blue","player_choice":"Bought 3 Potions","floor":5.0,"damage_taken":0.0},{"event_name":"Wheel of Change","player_choice":"Relic","floor":20,"damage_taken":0},{"event_name":"Cursed Tome","player_choice":"Obtained Book","floor":21,"damage_taken":0}],"boss_relics":[{"not_picked":["Orrery","Velvet Choker"],"picked":"Tiny House"}],"potions_floor_spawned":[1,6,11,16,18,23],"seed_played":"7419336880167176668","killed_by":"Slavers","ascension_level":0,"potions_obtained":[{"floor":1.0,"key":"Ancient Potion"},{"floor":5.0,"key":"GhostInAJar"},{"floor":5.0,"key":"EssenceOfSteel"},{"floor":5.0,"key":"SmokeBomb"},{"floor":11.0,"key":"EssenceOfSteel"},{"floor":16.0,"key":"Explosive Potion"},{"floor":17,"key":"Strength Potion"},{"floor":23,"key":"EssenceOfSteel"}],"is_trial":false}