{"gold_per_floor":[112,112,131,56,56,56,68,98,398,416,428,446,481,164,164,261,261,274,199,216,216,315,315,333,333,333,347,347,347],"floor_reached":29,"playtime":4725,"items_purged":["Regret","Strike_R"],"score":317,"play_id":"dbc51aa0-ad2d-46c4-8607-b5d9832b61a3","local_time":"20190729153635","is_ascension_mode":true,"campfire_choices":[{"data":"Regret","floor":6,"key":"PURGE"},{"data":"Limit Break","floor":15,"key":"SMITH"},{"data":"Metallicize","floor":23,"key":"SMITH"},{"data":"Hemokinesis","floor":25,"key":"SMITH"}],"neow_cost":"CURSE","seed_source_timestamp":5702502565803420,"circlet_count":0,"master_deck":["Strike_R","Defend_R","Defend_R","Defend_R","Bash","Pommel Strike","Hemokinesis+1","True Grit","Shrug It Off","Evolve","Immolate","Iron Wave","Shrug It Off","Limit Break+1","Metallicize+1","Brutality","Ghostly Armor+1","Whirlwind+1","Clothesline+1"],"relics":["Burning Blood","Peace Pipe","Vajra","Old Coin","Molten Egg 2","Eternal Feather","Centennial Puzzle"],"potions_floor_usage":[8,16,16],"damage_taken":[{"damage":6,"enemies":"Cultist","floor":1,"turns":3},{"damage":21,"enemies":"Small Slimes","floor":3,"turns":3},{"damage":4,"enemies":"2 Louse","floor":7,"turns":2},{"damage":13,"enemies":"Gremlin Nob","floor":8,"turns":3},{"damage":5,"enemies":"2 Fungi Beasts","floor":10,"turns":4},{"damage":9,"enemies":"Looter","floor":11,"turns":2},{"damage":0,"enemies":"Exordium Wildlife","floor":12,"turns":1},{"damage":20,"enemies":"3 Sentries","floor":13,"turns":5},{"damage":34,"enemies":"Hexaghost","floor":16,"turns":9},{"damage":33,"enemies":"Chosen","floor":18,"turns":7},{"damage":30,"enemies":"2 Thieves","floor":20,"turns":5},{"damage":20,"enemies":"Snecko","floor":24,"turns":6},{"damage":31,"enemies":"Cultist and Chosen","floor":27,"turns":8},{"damage":20,"enemies":"Centurion and Healer","floor":29,"turns":8}],"seed_played":"1120683792733808143","potions_obtained":[{"floor":1,"key":"Strength Potion"},{"floor":7,"key":"LiquidBronze"},{"floor":11,"key":"Poison Potion"}],"is_trial":false,"path_per_floor":["M","?","M","$","?","R","M","E","T","M","M","M","E","$","R","B",null,"M","?","M","?","?","R","M","R","T","M","?","M"],"character_chosen":"IRONCLAD","items_purchased":["Limit Break","Metallicize"],"campfire_rested":0,"item_purchase_floors":[14,14],"current_hp_per_floor":[72,72,57,57,57,57,59,52,52,53,50,56,42,42,42,14,64,37,37,13,39,39,48,34,43,43,18,18,0],"gold":347,"neow_bonus":"TRANSFORM_TWO_CARDS","is_prod":false,"is_daily":false,"chose_seed":false,"campfire_upgraded":3,"win_rate":0,"timestamp":1564436195,"path_taken":["M","?","M","$","?","R","M","E","T","M","?","?","E","?","R","BOSS","M","?","M","?","?","R","?","R","T","M","?","?"],"build_version":"2019-07-17","purchased_purges":2,"victory":false,"max_hp_per_floor":[80,80,80,80,80,80,80,80,80,80,80,80,80,80,80,80,80,80,80,80,80,80,80,80,80,80,80,80,80],"card_choices":[{"not_picked":["Seeing Red","True Grit","Thunderclap"],"picked":"SKIP","floor":1},{"not_picked":["Sentinel","Bloodletting"],"picked":"True Grit","floor":3},{"not_picked":["Anger","Heavy Blade"],"picked":"Shrug It Off","floor":7},{"not_picked":["Headbutt","Warcry"],"picked":"Evolve","floor":8},{"not_picked":["True Grit","Perfected Strike"],"picked":"Immolate","floor":10},{"not_picked":["Twin Strike","Cleave","Perfected Strike"],"picked":"SKIP","floor":11},{"not_picked":["Cleave","Thunderclap"],"picked":"Iron Wave","floor":12},{"not_picked":["Wild Strike","Blood for Blood"],"picked":"Shrug It Off","floor":13},{"not_picked":["Exhume","Dark Embrace"],"picked":"Brutality","floor":16},{"not_picked":["Armaments","Havoc+1"],"picked":"Ghostly Armor+1","floor":18},{"not_picked":["Clash+1","Flex","Wild Strike+1"],"picked":"SKIP","floor":20},{"not_picked":["Shockwave","Entrench"],"picked":"Whirlwind+1","floor":24},{"not_picked":["Bloodletting","Sword Boomerang+1"],"picked":"Clothesline+1","floor":27}],"player_experience":2014644,"relics_obtained":[{"floor":8,"key":"Vajra"},{"floor":9,"key":"Old Coin"},{"floor":13,"key":"Molten Egg 2"},{"floor":26,"key":"Centennial Puzzle"}],"event_choices":[{"damage_healed":0,"gold_gain":0,"player_choice":"Box","damage_taken":0,"relics_obtained":["Peace Pipe"],"max_hp_gain":0,"max_hp_loss":0,"event_name":"Big Fish","floor":2,"gold_loss":0,"cards_obtained":["Regret"]},{"damage_healed":0,"gold_gain":0,"player_choice":"0 cards matched","damage_taken":0,"max_hp_gain":0,"max_hp_loss":0,"event_name":"Match and Keep!","floor":5,"gold_loss":0,"cards_obtained":[]},{"cards_removed":["Strike_R"],"damage_healed":0,"gold_gain":0,"player_choice":"Gave Gold","damage_taken":0,"max_hp_gain":0,"max_hp_loss":0,"event_name":"Beggar","floor":19,"gold_loss":75},{"damage_healed":26,"gold_gain":0,"player_choice":"Heal","damage_taken":0,"max_hp_gain":0,"max_hp_loss":0,"event_name":"The Library","floor":21,"gold_loss":0},{"damage_healed":0,"gold_gain":99,"player_choice":"Stole From Cult","damage_taken":0,"max_hp_gain":0,"max_hp_loss":0,"event_name":"Nest","floor":22,"gold_loss":0},{"cards_removed":["Strike_R"],"damage_healed":0,"gold_gain":0,"player_choice":"Purged","damage_taken":0,"max_hp_gain":0,"max_hp_loss":0,"event_name":"Purifier","floor":28,"gold_loss":0}],"is_beta":false,"boss_relics":[{"not_picked":["Black Blood","Fusion Hammer"],"picked":"Eternal Feather"}],"items_purged_floors":[4,14],"is_endless":false,"potions_floor_spawned":[1,7,11],"killed_by":"Centurion and Healer","ascension_level":7}