{"gold_per_floor":[118,129,143,18,18,45,45,57,84,84,84,84,119,129,129,226,226,236,335,335,354,49,82,102,120,170,170,203,214,214,214,214,312,312,329,1328,314,332,345,345,345],"floor_reached":41,"playtime":5267,"items_purged":["Strike_B","Writhe","Normality"],"score":466,"play_id":"7b24591b-bb4d-4f8d-ac8e-c2910d6d9a04","local_time":"20181121222733","is_ascension_mode":false,"campfire_choices":[{"data":"Cold Snap","floor":7.0,"key":"SMITH"},{"data":"Dualcast","floor":10.0,"key":"SMITH"},{"floor":12.0,"key":"REST"},{"data":"Redo","floor":15.0,"key":"SMITH"},{"data":"Echo Form","floor":27.0,"key":"SMITH"},{"data":"Go for the Eyes","floor":30.0,"key":"SMITH"},{"floor":32.0,"key":"REST"},{"data":"Reboot","floor":40,"key":"SMITH"}],"neow_cost":"NONE","seed_source_timestamp":0,"circlet_count":0,"master_deck":["Strike_B+1","Strike_B+1","Strike_B+1","Defend_B+1","Defend_B+1","Defend_B+1","Zap+1","Dualcast+1","Cold Snap","Cold Snap+1","Coolheaded","Leap","Auto Shields","Ball Lightning","Redo+1","BootSequence","Echo Form+1","Rebound+1","Gash","Seek","Gash+1","Go for the Eyes+1","Chill+1","Reboot+1","Normality","Finesse","FTL","Violence"],"special_seed":0,"relics":["FrozenCore","Dream Catcher","Strawberry","Bronze Scales","Orichalcum","DataDisk","Anchor","Whetstone","Busted Crown","Frozen Egg 2","Art of War"],"potions_floor_usage":[38,38,41,41],"damage_taken":[{"damage":3.0,"enemies":"Jaw Worm","floor":1.0,"turns":3.0},{"damage":0.0,"enemies":"Small Slimes","floor":2.0,"turns":2.0},{"damage":0.0,"enemies":"2 Louse","floor":3.0,"turns":2.0},{"damage":17.0,"enemies":"Lagavulin","floor":6.0,"turns":7.0},{"damage":8.0,"enemies":"2 Fungi Beasts","floor":8.0,"turns":3.0},{"damage":16.0,"enemies":"Gremlin Nob","floor":13.0,"turns":4.0},{"damage":0.0,"enemies":"Large Slime","floor":14.0,"turns":4.0},{"damage":18.0,"enemies":"Hexaghost","floor":16.0,"turns":8.0},{"damage":0.0,"enemies":"Spheric Guardian","floor":18.0,"turns":5.0},{"damage":0.0,"enemies":"3 Byrds","floor":21.0,"turns":4.0},{"damage":14.0,"enemies":"Book of Stabbing","floor":23.0,"turns":6.0},{"damage":0.0,"enemies":"Centurion and Healer","floor":24.0,"turns":7.0},{"damage":1.0,"enemies":"Chosen and Byrds","floor":25.0,"turns":5.0},{"damage":17.0,"enemies":"Slavers","floor":28.0,"turns":6.0},{"damage":0.0,"enemies":"Cultist and Chosen","floor":29.0,"turns":5.0},{"damage":41.0,"enemies":"Automaton","floor":33.0,"turns":12.0},{"damage":1,"enemies":"Orb Walker","floor":35,"turns":5},{"damage":10,"enemies":"3 Darklings","floor":38,"turns":5},{"damage":12,"enemies":"Transient","floor":39,"turns":5},{"damage":79,"enemies":"Giant Head","floor":41,"turns":11}],"seed_played":"2463271626782894422","potions_obtained":[{"floor":1.0,"key":"FocusPotion"},{"floor":2.0,"key":"PowerPotion"},{"floor":3.0,"key":"SteroidPotion"},{"floor":13.0,"key":"PowerPotion"},{"floor":14.0,"key":"SkillPotion"},{"floor":16.0,"key":"SpeedPotion"},{"floor":18.0,"key":"Ancient Potion"},{"floor":21.0,"key":"PowerPotion"},{"floor":25.0,"key":"PowerPotion"},{"floor":35,"key":"Ancient Potion"},{"floor":38,"key":"PowerPotion"},{"floor":39,"key":"GamblersBrew"}],"is_trial":false,"path_per_floor":["M","M","M","$","?","E","R","M","T","R","?","R","E","M","R","B",null,"M","M","?","?","M","$","E","M","M","T","R","E","M","R","?","R","B",null,"M","?","$","M","M","R","E"],"character_chosen":"DEFECT","items_purchased":["Coolheaded","Seek","Gash","Finesse","Frozen Egg 2","Fruit Juice","FTL","Violence","Art of War","Explosive Potion"],"campfire_rested":2,"item_purchase_floors":[4,22,22,37,37,37,37,37,37,37],"current_hp_per_floor":[72,72,72,72,65,55,55,47,47,47,40,64,48,48,48,30,82,82,82,82,82,82,68,68,67,67,67,50,50,50,50,74,33,82,81,81,81,76,64,64,0],"gold":345,"neow_bonus":"UPGRADE_CARD","is_prod":false,"is_daily":false,"chose_seed":false,"campfire_upgraded":6,"win_rate":0,"timestamp":1542864453,"path_taken":["M","M","M","$","?","E","R","M","T","R","?","R","E","M","R","BOSS","M","?","?","M","$","E","M","M","T","R","E","M","R","?","R","BOSS","M","?","$","M","M","R","E"],"build_version":"2018-11-15","purchased_purges":3,"victory":false,"max_hp_per_floor":[75,75,75,75,75,82,82,82,82,82,82,82,82,82,82,82,82,82,82,82,82,82,82,82,82,82,82,82,82,82,82,82,82,82,82,82,82,87,87,87,87],"card_choices":[{"not_picked":["Capacitor","Chaos"],"picked":"Cold Snap","floor":1.0},{"not_picked":["Ball Lightning","Steam"],"picked":"Cold Snap","floor":2.0},{"not_picked":["Stack","Turbo","Heatsinks"],"picked":"SKIP","floor":3.0},{"not_picked":["Meteor Strike","Stack"],"picked":"Leap","floor":6.0},{"not_picked":["Compile Driver","Blizzard"],"picked":"Auto Shields","floor":8.0},{"not_picked":["Barrage","Reinforced Body"],"picked":"Ball Lightning","floor":12.0},{"not_picked":["Auto Shields","Hologram"],"picked":"Redo","floor":13.0},{"not_picked":["Turbo","Ball Lightning"],"picked":"BootSequence","floor":14.0},{"not_picked":["Machine Learning","Rainbow"],"picked":"Echo Form","floor":16.0},{"not_picked":["Lockon","Turbo+1"],"picked":"Rebound+1","floor":18.0},{"not_picked":["Tempest+1","Barrage"],"picked":"Gash","floor":21.0},{"not_picked":["Streamline","Genetic Algorithm","Sweeping Beam"],"picked":"SKIP","floor":23.0},{"not_picked":["Rainbow","Leap"],"picked":"Go for the Eyes","floor":24.0},{"not_picked":["Streamline+1","Storm","Steam"],"picked":"SKIP","floor":25.0},{"not_picked":["Redo","Doom and Gloom"],"picked":"Chill+1","floor":28.0},{"not_picked":["Rebound","Redo+1","Conserve Battery"],"picked":"SKIP","floor":29.0},{"not_picked":["Buffer","Electrodynamics"],"picked":"Reboot","floor":33.0},{"not_picked":["Stack+1"],"picked":"SKIP","floor":35},{"not_picked":["Leap+1"],"picked":"SKIP","floor":38},{"not_picked":["Stack"],"picked":"SKIP","floor":39}],"player_experience":1278766,"relics_obtained":[{"floor":6.0,"key":"Strawberry"},{"floor":9.0,"key":"Bronze Scales"},{"floor":13.0,"key":"Orichalcum"},{"floor":23.0,"key":"Anchor"},{"floor":28.0,"key":"Whetstone"}],"event_choices":[{"damage_healed":0.0,"max_hp_gain":0.0,"max_hp_loss":0.0,"gold_gain":0.0,"event_name":"Scrap Ooze","player_choice":"Success","floor":5.0,"gold_loss":0.0,"damage_taken":7.0,"relics_obtained":["Dream Catcher"]},{"cards_removed":["Defend_B"],"damage_healed":0.0,"max_hp_gain":0.0,"max_hp_loss":0.0,"gold_gain":0.0,"event_name":"Golden Wing","player_choice":"Card Removal","floor":11.0,"gold_loss":0.0,"damage_taken":7.0},{"damage_healed":0.0,"max_hp_gain":0.0,"max_hp_loss":0.0,"gold_gain":99.0,"event_name":"Nest","player_choice":"Stole From Cult","floor":19.0,"gold_loss":0.0,"damage_taken":0.0},{"damage_healed":0.0,"max_hp_gain":0.0,"max_hp_loss":0.0,"gold_gain":0.0,"event_name":"The Mausoleum","player_choice":"Opened","floor":20.0,"gold_loss":0.0,"damage_taken":0.0,"relics_obtained":["DataDisk"],"cards_obtained":["Writhe"]},{"damage_healed":0.0,"max_hp_gain":0.0,"max_hp_loss":0.0,"gold_gain":0.0,"event_name":"Back to Basics","player_choice":"Simplicity","floor":31.0,"gold_loss":0.0,"damage_taken":0.0,"cards_upgraded":["Strike_B","Strike_B","Defend_B","Defend_B","Defend_B"]},{"damage_healed":0,"gold_gain":999,"player_choice":"Gold","damage_taken":0,"max_hp_gain":0,"max_hp_loss":0,"event_name":"MindBloom","floor":36,"gold_loss":0,"cards_obtained":["Normality","Normality"]}],"is_beta":false,"boss_relics":[{"not_picked":["Sozu","Velvet Choker"],"picked":"FrozenCore"},{"not_picked":["Empty Cage","Runic Pyramid"],"picked":"Busted Crown"}],"items_purged_floors":[4,22,37],"is_endless":false,"potions_floor_spawned":[1,2,3,13,14,16,18,21,25,29,35,38,39],"killed_by":"Giant Head","ascension_level":0}