{"gold_per_floor":[111,123,123,139,155,172,172,190,241,241],"floor_reached":10,"playtime":332,"items_purged":[],"score":62,"play_id":"4869d2b6-29e7-4683-aaaf-457f9040179b","local_time":"20190814181345","is_ascension_mode":false,"campfire_choices":[{"data":"Footwork","floor":7,"key":"SMITH"}],"neow_cost":"NONE","seed_source_timestamp":823689981500918,"circlet_count":0,"master_deck":["Strike_G","Strike_G","Strike_G","Strike_G","Strike_G","Defend_G","Defend_G","Defend_G","Defend_G","Defend_G","Survivor","Neutralize","Acrobatics","Prepared","Footwork+1","Escape Plan"],"relics":["Ring of the Snake","NeowsBlessing","Snake Skull"],"potions_floor_usage":[5,5],"damage_taken":[{"damage":0,"enemies":"2 Louse","floor":1,"turns":1},{"damage":0,"enemies":"Jaw Worm","floor":2,"turns":1},{"damage":0,"enemies":"Cultist","floor":4,"turns":1},{"damage":0,"enemies":"Exordium Thugs","floor":5,"turns":9},{"damage":0,"enemies":"Looter","floor":6,"turns":5},{"damage":0,"enemies":"Red Slaver","floor":8,"turns":5},{"damage":14,"enemies":"Lagavulin","floor":10,"turns":10}],"seed_played":"-7631185215196642403","potions_obtained":[{"floor":1,"key":"FearPotion"},{"floor":2,"key":"GhostInAJar"},{"floor":4,"key":"Weak Potion"}],"is_trial":false,"path_per_floor":["M","M","$","M","M","M","R","M","T","E"],"character_chosen":"THE_SILENT","items_purchased":[],"campfire_rested":0,"item_purchase_floors":[],"current_hp_per_floor":[70,70,70,70,70,70,70,70,70,56],"gold":241,"neow_bonus":"THREE_ENEMY_KILL","is_prod":false,"is_daily":false,"chose_seed":false,"campfire_upgraded":1,"win_rate":0,"timestamp":1565777625,"path_taken":["M","M","$","M","M","M","R","M","T","E"],"build_version":"2019-07-17","purchased_purges":0,"victory":false,"max_hp_per_floor":[70,70,70,70,70,70,70,70,70,70],"card_choices":[{"not_picked":["Bouncing Flask","Sucker Punch","Dagger Throw"],"picked":"SKIP","floor":1},{"not_picked":["Outmaneuver","Quick Slash"],"picked":"Acrobatics","floor":2},{"not_picked":["Underhanded Strike","Poisoned Stab"],"picked":"Prepared","floor":4},{"not_picked":["Bouncing Flask","Bane","Deflect"],"picked":"SKIP","floor":5},{"not_picked":["Bane","Grand Finale"],"picked":"Footwork","floor":6},{"not_picked":["PiercingWail","Underhanded Strike"],"picked":"Escape Plan","floor":8}],"player_experience":199951,"relics_obtained":[{"floor":9,"key":"Snake Skull"}],"event_choices":[],"is_beta":false,"boss_relics":[],"items_purged_floors":[],"is_endless":false,"potions_floor_spawned":[1,2,4],"killed_by":"Lagavulin","ascension_level":0}