{"gold_per_floor":[112,187,7,7,7,7,23,23,23,23,34,52,77,102,102,102],"floor_reached":16,"playtime":461,"items_purged":[],"score":98,"play_id":"dc0525ac-10d2-452d-8af2-97f771d24d5a","local_time":"20190824214547","is_ascension_mode":false,"campfire_choices":[{"floor":6,"key":"REST"},{"floor":8,"key":"RECALL"},{"floor":15,"key":"REST"}],"neow_cost":"NONE","seed_source_timestamp":369178238988150,"circlet_count":0,"master_deck":["Strike_R","Strike_R+1","Strike_R","Strike_R","Defend_R","Defend_R","Defend_R","Defend_R+1","Bash","Shrug It Off","Rampage","Fire Breathing","Evolve","Seeing Red","Body Slam"],"relics":["Burning Blood","NeowsBlessing","PreservedInsect","Blood Vial","Odd Mushroom"],"potions_floor_usage":[16,16],"damage_taken":[{"damage":0,"enemies":"Cultist","floor":1,"turns":1},{"damage":0,"enemies":"Small Slimes","floor":7,"turns":1},{"damage":0,"enemies":"Jaw Worm","floor":11,"turns":1},{"damage":15,"enemies":"Large Slime","floor":12,"turns":9},{"damage":32,"enemies":"3 Sentries","floor":13,"turns":7},{"damage":27,"enemies":"The Mushroom Lair","floor":14,"turns":6},{"damage":55,"enemies":"Hexaghost","floor":16,"turns":11}],"seed_played":"5480844022990798719","potions_obtained":[{"floor":7,"key":"LiquidBronze"},{"floor":14,"key":"Weak Potion"}],"is_trial":false,"path_per_floor":["M","?","$","?","$","R","M","R","T","?","M","M","E","?","R","B"],"character_chosen":"IRONCLAD","items_purchased":["PreservedInsect","Rampage"],"campfire_rested":2,"item_purchase_floors":[3,3],"current_hp_per_floor":[80,69,69,53,53,77,80,80,80,80,80,71,45,26,50,0],"gold":102,"neow_bonus":"THREE_ENEMY_KILL","is_prod":false,"is_daily":false,"chose_seed":false,"campfire_upgraded":0,"win_rate":0,"timestamp":1566654347,"path_taken":["M","?","$","?","?","R","M","R","T","?","?","M","E","?","R","BOSS"],"build_version":"2019-07-17","purchased_purges":0,"victory":false,"max_hp_per_floor":[80,80,80,80,80,80,80,80,80,80,80,80,80,80,80,80],"card_choices":[{"not_picked":["Bloodletting","Sword Boomerang"],"picked":"Shrug It Off","floor":1},{"not_picked":["Corruption","Iron Wave"],"picked":"Fire Breathing","floor":7},{"not_picked":["Cleave","Perfected Strike"],"picked":"Evolve","floor":11},{"not_picked":["Shrug It Off","Warcry"],"picked":"Seeing Red","floor":12},{"not_picked":["Sentinel","Heavy Blade"],"picked":"Body Slam","floor":13}],"player_experience":249615,"relics_obtained":[{"floor":13,"key":"Blood Vial"},{"floor":14,"key":"Odd Mushroom"}],"event_choices":[{"damage_healed":0,"gold_gain":75,"player_choice":"Gather Gold","damage_taken":11,"max_hp_gain":0,"max_hp_loss":0,"event_name":"World of Goop","floor":2,"gold_loss":0},{"damage_healed":0,"gold_gain":0,"player_choice":"Entered Light","damage_taken":16,"max_hp_gain":0,"max_hp_loss":0,"event_name":"Shining Light","floor":4,"gold_loss":0,"cards_upgraded":["Strike_R","Defend_R"]},{"cards_removed":["Strike_R"],"damage_healed":0,"gold_gain":0,"player_choice":"Purged","damage_taken":0,"max_hp_gain":0,"max_hp_loss":0,"event_name":"Purifier","floor":10,"gold_loss":0},{"damage_healed":0,"gold_gain":0,"player_choice":"Fought Mushrooms","damage_taken":0,"max_hp_gain":0,"max_hp_loss":0,"event_name":"Mushrooms","floor":14,"gold_loss":0}],"is_beta":false,"boss_relics":[],"items_purged_floors":[],"is_endless":false,"potions_floor_spawned":[7,14],"killed_by":"Hexaghost","ascension_level":0}