{"gold_per_floor":[109,36,36,36,55,120,133,58,104,4,4],"floor_reached":11,"playtime":214,"items_purged":["Strike_G","Strike_G"],"score":101,"play_id":"d32e142e-0dd5-4933-ac68-e59757c23bbb","local_time":"20190419095644","is_ascension_mode":true,"campfire_choices":[],"neow_cost":"NONE","seed_source_timestamp":256929078267186,"circlet_count":0,"master_deck":["Defend_G","Defend_G","Defend_G","Defend_G","Defend_G","Strike_G","Strike_G","Survivor","Neutralize","Footwork","Distraction"],"relics":["Ring of the Snake","NeowsBlessing","Tiny Chest","Happy Flower"],"potions_floor_usage":[11],"damage_taken":[{"damage":0,"enemies":"2 Louse","floor":1,"turns":1},{"damage":0,"enemies":"Cultist","floor":5,"turns":1},{"damage":0,"enemies":"Lagavulin","floor":6,"turns":1},{"damage":1,"enemies":"Jaw Worm","floor":7,"turns":4},{"damage":57,"enemies":"Gremlin Nob","floor":11,"turns":6}],"seed_played":"-2458871948524802687","potions_obtained":[{"floor":5,"key":"Regen Potion"}],"is_trial":false,"path_per_floor":["M","$","?","?","M","E","M","$","T","$","E"],"character_chosen":"THE_SILENT","items_purchased":["Footwork"],"campfire_rested":0,"item_purchase_floors":[2],"current_hp_per_floor":[70,70,70,70,70,70,69,69,69,69,24],"gold":4,"neow_bonus":"THREE_ENEMY_KILL","is_prod":false,"is_daily":false,"chose_seed":false,"campfire_upgraded":0,"win_rate":0,"timestamp":1555639004,"path_taken":["M","$","?","?","?","E","M","$","T","?","E"],"build_version":"2019-01-23","purchased_purges":2,"victory":false,"max_hp_per_floor":[70,70,70,70,70,70,70,70,70,70,70],"card_choices":[{"not_picked":["Sucker Punch","Finisher","Dodge and Roll"],"picked":"SKIP","floor":1},{"not_picked":["Sucker Punch","Finisher","Dodge and Roll"],"picked":"SKIP","floor":1},{"not_picked":["Underhanded Strike","Dodge and Roll","Heel Hook"],"picked":"SKIP","floor":5},{"not_picked":["Finisher","Flying Knee"],"picked":"Distraction","floor":6},{"not_picked":["Cloak And Dagger","Flying Knee","Dodge and Roll"],"picked":"SKIP","floor":7}],"player_experience":74800,"relics_obtained":[{"floor":6,"key":"Tiny Chest"},{"floor":9,"key":"Happy Flower"}],"event_choices":[{"damage_healed":0,"gold_gain":0,"player_choice":"Ignored","damage_taken":0,"max_hp_gain":0,"max_hp_loss":0,"event_name":"Liars Game","floor":3,"gold_loss":0},{"cards_removed":["Strike_G"],"damage_healed":0,"gold_gain":0,"player_choice":"Purged","damage_taken":0,"max_hp_gain":0,"max_hp_loss":0,"event_name":"Purifier","floor":4,"gold_loss":0}],"is_beta":false,"boss_relics":[],"items_purged_floors":[8,10],"is_endless":false,"potions_floor_spawned":[5],"killed_by":"Gremlin Nob","ascension_level":1}