{"gold_per_floor":[119,135,154,173,173,173,206,206,256,284,315,360,388,575,587,700,712,736,175,194,194,214,214,37,37,37,49,49,67,94,113,113,217,217,236,236,255,273,64,91,91,119,197,47,47,47,47,67,67,67],"floor_reached":51,"playtime":2570,"items_purged":["Doubt","Strike_G","Parasite","Predator+1"],"score":1028,"play_id":"b6e6a902-99a6-408f-9da7-1016587654b9","local_time":"20190825110659","is_ascension_mode":true,"campfire_choices":[{"data":"Neutralize","floor":6.0,"key":"SMITH"},{"data":"Dagger Spray","floor":8.0,"key":"SMITH"},{"floor":15.0,"key":"REST"},{"floor":23.0,"key":"REST"},{"data":"Footwork","floor":28.0,"key":"SMITH"},{"floor":32.0,"key":"REST"},{"floor":41.0,"key":"REST"},{"data":"1","floor":46.0,"key":"LIFT"},{"data":"2","floor":49,"key":"LIFT"}],"neow_cost":"TEN_PERCENT_HP_LOSS","seed_source_timestamp":1607843353445,"circlet_count":0,"master_deck":["Strike_G+1","Defend_G+1","Defend_G+1","Defend_G+1","Defend_G+1","Survivor+1","Neutralize+1","Malaise+1","PiercingWail+1","Dagger Spray+1","Underhanded Strike+1","Flying Knee+1","Backflip+1","Bouncing Flask+1","Deadly Poison+1","Reflex+1","Leg Sweep+1","Adrenaline+1","Grand Finale+1","Tools of the Trade+1","Catalyst+1","Noxious Fumes+1","Bouncing Flask+1","Dodge and Roll+1","Dark Shackles+1","Escape Plan+1","Footwork+1","Footwork+1","Acrobatics+1","Acrobatics+1","Cloak And Dagger+1","Burst+1","Blur+1","Footwork+1","Footwork+1","Backflip+1","Adrenaline+1"],"special_seed":0,"relics":["Ring of the Snake","Toxic Egg 2","Juzu Bracelet","MawBank","Strawberry","Astrolabe","Chemical X","Ancient Tea Set","Girya","HoveringKite","Prayer Wheel","PreservedInsect","Mercury Hourglass","Mark of the Bloom"],"potions_floor_usage":[50],"damage_taken":[{"damage":2.0,"enemies":"Small Slimes","floor":1.0,"turns":4.0},{"damage":0.0,"enemies":"Jaw Worm","floor":2.0,"turns":7.0},{"damage":0.0,"enemies":"2 Louse","floor":3.0,"turns":2.0},{"damage":5.0,"enemies":"2 Fungi Beasts","floor":4.0,"turns":4.0},{"damage":12.0,"enemies":"3 Sentries","floor":7.0,"turns":9.0},{"damage":2.0,"enemies":"Lagavulin","floor":10.0,"turns":9.0},{"damage":7.0,"enemies":"Large Slime","floor":11.0,"turns":6.0},{"damage":33.0,"enemies":"Gremlin Nob","floor":12.0,"turns":5.0},{"damage":0.0,"enemies":"Exordium Wildlife","floor":13.0,"turns":1.0},{"damage":10.0,"enemies":"Hexaghost","floor":16.0,"turns":9.0},{"damage":4.0,"enemies":"3 Byrds","floor":18.0,"turns":5.0},{"damage":11.0,"enemies":"Spheric Guardian","floor":20.0,"turns":3.0},{"damage":6.0,"enemies":"Centurion and Healer","floor":22.0,"turns":6.0},{"damage":14.0,"enemies":"Sentry and Sphere","floor":27.0,"turns":5.0},{"damage":4.0,"enemies":"3 Cultists","floor":29.0,"turns":4.0},{"damage":16.0,"enemies":"Slavers","floor":30.0,"turns":9.0},{"damage":11.0,"enemies":"Centurion and Healer","floor":31.0,"turns":9.0},{"damage":4.0,"enemies":"Collector","floor":33.0,"turns":5.0},{"damage":16.0,"enemies":"3 Darklings","floor":35.0,"turns":15.0},{"damage":0.0,"enemies":"3 Shapes","floor":37.0,"turns":4.0},{"damage":0.0,"enemies":"Writhing Mass","floor":38.0,"turns":5.0},{"damage":8.0,"enemies":"Reptomancer","floor":40.0,"turns":5.0},{"damage":0.0,"enemies":"Nemesis","floor":42.0,"turns":7.0},{"damage":23,"enemies":"Sphere and 2 Shapes","floor":48,"turns":6},{"damage":19,"enemies":"Awakened One","floor":50,"turns":16}],"seed_played":"8243112430056175008","potions_obtained":[{"floor":1.0,"key":"Regen Potion"},{"floor":7.0,"key":"Energy Potion"},{"floor":10.0,"key":"LiquidBronze"},{"floor":11.0,"key":"Explosive Potion"},{"floor":12.0,"key":"Explosive Potion"},{"floor":18.0,"key":"Strength Potion"},{"floor":20.0,"key":"Poison Potion"},{"floor":27.0,"key":"Energy Potion"},{"floor":29.0,"key":"Swift Potion"},{"floor":30.0,"key":"FearPotion"},{"floor":35.0,"key":"Swift Potion"},{"floor":37.0,"key":"LiquidBronze"},{"floor":42.0,"key":"LiquidBronze"}],"is_trial":false,"path_per_floor":["M","M","M","M","?","R","E","R","T","E","M","E","M","?","R","B",null,"M","$","M","?","M","R","$","?","T","M","R","M","E","M","R","B",null,"M","?","M","M","$","E","R","E","T","$","?","R","$","M","R","B",null],"character_chosen":"THE_SILENT","items_purchased":["Chemical X","Noxious Fumes","Bouncing Flask+1","Dodge and Roll+1","Dark Shackles+1","Footwork","Footwork","PowerPotion"],"campfire_rested":4,"item_purchase_floors":[19,19,19,19,19,24,39,39],"current_hp_per_floor":[61,61,61,56,43,43,46,46,46,44,37,11,11,11,32,22,58,54,54,43,43,37,58,58,58,58,44,44,40,24,13,34,30,60,44,44,44,44,44,36,56,56,56,56,56,56,56,33,33,14],"gold":67,"neow_bonus":"THREE_RARE_CARDS","is_prod":false,"is_daily":false,"chose_seed":false,"campfire_upgraded":3,"win_rate":0,"timestamp":1566698819,"path_taken":["M","M","M","M","?","R","E","R","T","E","M","E","M","?","R","BOSS","M","$","M","?","M","R","$","?","T","M","R","M","E","M","R","BOSS","M","?","M","M","$","E","R","E","T","$","?","R","?","M","R","BOSS"],"build_version":"2019-07-17","purchased_purges":4,"victory":true,"max_hp_per_floor":[63,63,63,63,63,63,63,63,63,63,63,70,70,70,70,70,70,70,70,70,70,70,70,70,70,70,70,70,70,70,70,70,70,70,70,70,70,70,67,67,67,67,67,67,67,67,67,67,67,67],"card_choices":[{"not_picked":["Unload","Burst"],"picked":"Malaise","floor":0.0},{"not_picked":["Caltrops","Blade Dance"],"picked":"PiercingWail","floor":1.0},{"not_picked":["Quick Slash","Bouncing Flask"],"picked":"Dagger Spray","floor":2.0},{"not_picked":["Endless Agony","Distraction"],"picked":"Underhanded Strike","floor":3.0},{"not_picked":["Skewer","Finisher"],"picked":"Flying Knee","floor":4.0},{"not_picked":["Concentrate","Glass Knife"],"picked":"Backflip","floor":7.0},{"not_picked":["Slice","Quick Slash"],"picked":"Bouncing Flask+1","floor":10.0},{"not_picked":["Setup+1","Sucker Punch"],"picked":"Deadly Poison+1","floor":11.0},{"not_picked":["Dash","Quick Slash"],"picked":"Reflex+1","floor":12.0},{"not_picked":["Flying Knee","Poisoned Stab"],"picked":"Leg Sweep+1","floor":13.0},{"not_picked":["Glass Knife","Malaise+1"],"picked":"Adrenaline+1","floor":16.0},{"not_picked":["Bane","Quick Slash"],"picked":"Catalyst+1","floor":18.0},{"not_picked":["Choke","Quick Slash"],"picked":"Escape Plan+1","floor":20.0},{"not_picked":["Underhanded Strike+1","Outmaneuver+1","Bane+1"],"picked":"SKIP","floor":22.0},{"not_picked":["Blur+1","Dodge and Roll+1"],"picked":"Acrobatics+1","floor":27.0},{"not_picked":["Deflect+1","Dagger Spray"],"picked":"Acrobatics+1","floor":29.0},{"not_picked":["Prepared+1","Finisher"],"picked":"Cloak And Dagger+1","floor":30.0},{"not_picked":["Leg Sweep+1","Bane","A Thousand Cuts"],"picked":"SKIP","floor":31.0},{"not_picked":["Grand Finale","Malaise+1"],"picked":"Burst+1","floor":33.0},{"not_picked":["Flechettes+1","Poisoned Stab"],"picked":"Blur+1","floor":35.0},{"not_picked":["Quick Slash","Flying Knee+1","Choke+1"],"picked":"SKIP","floor":37.0},{"not_picked":["Flying Knee+1","Caltrops+1","Terror+1"],"picked":"SKIP","floor":38.0},{"not_picked":["Acrobatics+1","Deflect+1"],"picked":"Footwork","floor":40.0},{"not_picked":["Bouncing Flask+1","Dodge and Roll+1"],"picked":"Backflip+1","floor":42.0},{"not_picked":["Outmaneuver+1","Cloak And Dagger+1"],"picked":"Adrenaline+1","floor":48},{"not_picked":["Flying Knee","Bouncing Flask+1","Crippling Poison+1"],"picked":"SKIP","floor":48}],"player_experience":367451,"relics_obtained":[{"floor":7.0,"key":"Toxic Egg 2"},{"floor":9.0,"key":"Juzu Bracelet"},{"floor":10.0,"key":"MawBank"},{"floor":12.0,"key":"Strawberry"},{"floor":26.0,"key":"Ancient Tea Set"},{"floor":30.0,"key":"Girya"},{"floor":40.0,"key":"Prayer Wheel"},{"floor":42.0,"key":"PreservedInsect"},{"floor":43.0,"key":"Mercury Hourglass"}],"event_choices":[{"damage_healed":0.0,"max_hp_gain":0.0,"max_hp_loss":0.0,"gold_gain":0.0,"event_name":"Shining Light","player_choice":"Entered Light","floor":5.0,"gold_loss":0.0,"damage_taken":13.0,"cards_upgraded":["PiercingWail","Underhanded Strike"]},{"damage_healed":0.0,"max_hp_gain":0.0,"max_hp_loss":0.0,"gold_gain":175.0,"event_name":"Liars Game","player_choice":"AGREE","floor":14.0,"gold_loss":0.0,"damage_taken":0.0,"cards_obtained":["Doubt"]},{"damage_healed":0.0,"max_hp_gain":0.0,"max_hp_loss":0.0,"gold_gain":0.0,"event_name":"The Library","player_choice":"Read","floor":21.0,"gold_loss":0.0,"damage_taken":0.0,"cards_obtained":["Footwork"]},{"cards_removed":["Strike_G"],"damage_healed":0.0,"max_hp_gain":0.0,"max_hp_loss":0.0,"gold_gain":0.0,"event_name":"Back to Basics","player_choice":"Elegance","floor":25.0,"gold_loss":0.0,"damage_taken":0.0},{"damage_healed":0.0,"max_hp_gain":0.0,"max_hp_loss":0.0,"gold_gain":0.0,"event_name":"Mysterious Sphere","player_choice":"Ignored","floor":36.0,"gold_loss":0.0,"damage_taken":0.0},{"damage_healed":0.0,"max_hp_gain":0.0,"max_hp_loss":0.0,"gold_gain":0.0,"event_name":"MindBloom","player_choice":"Upgrade","floor":45.0,"gold_loss":0.0,"damage_taken":0.0,"cards_upgraded":["Strike_G","Defend_G","Defend_G","Defend_G","Defend_G","Survivor","Malaise","Flying Knee","Noxious Fumes","Footwork","Footwork","Footwork"],"relics_obtained":["Mark of the Bloom"]}],"is_beta":false,"boss_relics":[{"not_picked":["Empty Cage","Runic Pyramid"],"picked":"Astrolabe"},{"not_picked":["Velvet Choker","Black Star"],"picked":"HoveringKite"}],"items_purged_floors":[19,24,39,44],"is_endless":false,"potions_floor_spawned":[1,7,10,11,12,18,20,27,29,30,35,37,42],"ascension_level":5}