{"gold_per_floor":[116,41,57,73,73,73,107,107,185,199,199,199,199,217,217,293,293,293,293],"floor_reached":19,"playtime":978,"items_purged":[],"score":284,"play_id":"6cd930d7-d18f-4023-ae25-a9377800d81f","local_time":"20190824003943","is_ascension_mode":true,"campfire_choices":[{"floor":6,"key":"REST"},{"floor":8,"key":"REST"},{"floor":11,"key":"REST"},{"floor":15,"key":"REST"}],"neow_cost":"PERCENT_DAMAGE","seed_source_timestamp":48027732713204,"circlet_count":0,"master_deck":["AscendersBane","Zap","Dualcast","Defragment","Defragment","Coolheaded","Compile Driver","Creative AI","Echo Form","BootSequence","Double Energy","Lockon","Steam Power","Fission","Lockon","Chill"],"relics":["Cracked Core","Calipers","Vajra","Ornamental Fan","Mummified Hand","Pandora\u0027s Box"],"potions_floor_usage":[16,18,19],"damage_taken":[{"damage":1,"enemies":"Cultist","floor":1,"turns":4},{"damage":2,"enemies":"Small Slimes","floor":3,"turns":4},{"damage":9,"enemies":"2 Louse","floor":4,"turns":4},{"damage":30,"enemies":"3 Sentries","floor":7,"turns":9},{"damage":13,"enemies":"Large Slime","floor":10,"turns":5},{"damage":8,"enemies":"Looter","floor":14,"turns":3},{"damage":44,"enemies":"The Guardian","floor":16,"turns":15},{"damage":0,"enemies":"2 Thieves","floor":18,"turns":1},{"damage":71,"enemies":"Masked Bandits","floor":19,"turns":5}],"seed_played":"8356636855123547929","potions_obtained":[{"floor":1,"key":"Ancient Potion"},{"floor":7,"key":"FearPotion"},{"floor":16,"key":"SmokeBomb"}],"is_trial":false,"path_per_floor":["M","$","M","M","$","R","E","R","T","M","R","?","?","M","R","B",null,"M","?"],"character_chosen":"DEFECT","items_purchased":["Defragment"],"campfire_rested":4,"item_purchase_floors":[2],"current_hp_per_floor":[45,45,43,34,34,55,25,46,46,33,54,42,42,34,55,11,56,56,0],"gold":293,"neow_bonus":"ONE_RARE_RELIC","is_prod":false,"is_daily":false,"chose_seed":false,"campfire_upgraded":0,"win_rate":0,"timestamp":1566603583,"path_taken":["M","$","M","M","?","R","E","R","T","M","R","?","?","M","R","BOSS","M","?"],"build_version":"2019-07-17","purchased_purges":0,"victory":false,"max_hp_per_floor":[71,71,71,71,71,71,71,71,71,71,71,71,71,71,71,71,71,71,71],"card_choices":[{"not_picked":["Scrape","Ball Lightning"],"picked":"Defragment","floor":1},{"not_picked":["Steam","Rebound","Barrage"],"picked":"SKIP","floor":3},{"not_picked":["Steam Power","Beam Cell"],"picked":"Coolheaded","floor":4},{"not_picked":["Barrage","Doom and Gloom"],"picked":"Compile Driver","floor":7},{"not_picked":["Tempest","Darkness","Streamline"],"picked":"SKIP","floor":10},{"not_picked":["Rebound","Doom and Gloom","Steam"],"picked":"SKIP","floor":14},{"not_picked":["Seek","Meteor Strike"],"picked":"Creative AI","floor":16}],"player_experience":556473,"relics_obtained":[{"floor":7,"key":"Vajra"},{"floor":9,"key":"Ornamental Fan"}],"event_choices":[{"damage_healed":0,"gold_gain":0,"player_choice":"Success","damage_taken":12,"relics_obtained":["Mummified Hand"],"max_hp_gain":0,"max_hp_loss":0,"event_name":"Scrap Ooze","floor":12,"gold_loss":0},{"damage_healed":0,"gold_gain":0,"player_choice":"Ignored","damage_taken":0,"max_hp_gain":0,"max_hp_loss":0,"event_name":"Liars Game","floor":13,"gold_loss":0},{"damage_healed":0,"gold_gain":0,"player_choice":"Fought Bandits","damage_taken":0,"max_hp_gain":0,"max_hp_loss":0,"event_name":"Masked Bandits","floor":19,"gold_loss":0}],"is_beta":false,"boss_relics":[{"not_picked":["Philosopher\u0027s Stone","Snecko Eye"],"picked":"Pandora\u0027s Box"}],"items_purged_floors":[],"is_endless":false,"potions_floor_spawned":[1,7,16],"killed_by":"Masked Bandits","ascension_level":14}