{"gold_per_floor":[110,129,89,103,120,131,38,38,38,77,99,111,141,172,184,296,308,336,75,89,188,16,16,29,29,29,29,29,46,46,146,146,250,250,268,268,114,128,140,140,43,143,167,167,167,195,34,48,48,48],"floor_reached":50,"playtime":5340,"items_purged":["Writhe"],"score":592,"play_id":"c24681ad-dd49-40d9-a44d-6b2ad6da064b","local_time":"20190814001149","is_ascension_mode":false,"campfire_choices":[{"data":"Demon Form","floor":8,"key":"SMITH"},{"floor":12,"key":"REST"},{"data":"Flex","floor":15,"key":"SMITH"},{"data":"Demon Form","floor":23,"key":"SMITH"},{"data":"Seeing Red","floor":25,"key":"SMITH"},{"floor":30,"key":"REST"},{"floor":32,"key":"REST"},{"floor":40,"key":"REST"},{"floor":49,"key":"REST"}],"neow_cost":"","seed_source_timestamp":939575538840147,"circlet_count":0,"master_deck":["Strike_R","Strike_R","Defend_R","Defend_R","Defend_R","Defend_R","Bash","Dropkick","Whirlwind","Demon Form+1","Twin Strike","Twin Strike","Sword Boomerang","Flex+1","Demon Form+1","Whirlwind+1","Shockwave+1","Pommel Strike+1","Twin Strike","Clash","Cleave","Seeing Red+1","Clash+1","Flex","Reaper","Armaments+1","Fire Breathing+1","Clothesline","Flex","Metallicize+1","Twin Strike","Fiend Fire","Fire Breathing+1","Flex","Parasite"],"relics":["Burning Blood","MawBank","Orichalcum","Astrolabe","Frozen Eye","Vajra","Frozen Egg 2","Enchiridion","Ginger","Bottled Flame","Runic Pyramid","Champion Belt","Lantern","Letter Opener"],"potions_floor_usage":[5,5,10,11,16,18,24,28,33,38,38,39,42,50],"damage_taken":[{"damage":7,"enemies":"Small Slimes","floor":1,"turns":4},{"damage":12,"enemies":"Cultist","floor":2,"turns":5},{"damage":1,"enemies":"Jaw Worm","floor":4,"turns":3},{"damage":11,"enemies":"Exordium Wildlife","floor":5,"turns":4},{"damage":15,"enemies":"Looter","floor":6,"turns":4},{"damage":26,"enemies":"Lagavulin","floor":10,"turns":5},{"damage":7,"enemies":"Blue Slaver","floor":11,"turns":3},{"damage":3,"enemies":"Exordium Thugs","floor":13,"turns":4},{"damage":0,"enemies":"Large Slime","floor":14,"turns":4},{"damage":29,"enemies":"The Guardian","floor":16,"turns":8},{"damage":22,"enemies":"2 Thieves","floor":18,"turns":3},{"damage":1,"enemies":"Chosen","floor":20,"turns":2},{"damage":15,"enemies":"Snake Plant","floor":24,"turns":4},{"damage":0,"enemies":"Slavers","floor":28,"turns":1},{"damage":11,"enemies":"Cultist and Chosen","floor":29,"turns":3},{"damage":7,"enemies":"Colosseum Slavers","floor":31,"turns":3},{"damage":25,"enemies":"Colosseum Nobs","floor":31,"turns":5},{"damage":55,"enemies":"Champ","floor":33,"turns":7},{"damage":28,"enemies":"3 Shapes","floor":35,"turns":3},{"damage":25,"enemies":"3 Darklings","floor":38,"turns":2},{"damage":17,"enemies":"Maw","floor":39,"turns":7},{"damage":28,"enemies":"Mind Bloom Boss Battle","floor":42,"turns":4},{"damage":29,"enemies":"Giant Head","floor":46,"turns":7},{"damage":30,"enemies":"Writhing Mass","floor":48,"turns":4},{"damage":112,"enemies":"Awakened One","floor":50,"turns":9}],"seed_played":"399499790612410663","potions_obtained":[{"floor":3,"key":"AttackPotion"},{"floor":3,"key":"SteroidPotion"},{"floor":3,"key":"SmokeBomb"},{"floor":4,"key":"Weak Potion"},{"floor":10,"key":"Regen Potion"},{"floor":11,"key":"SteroidPotion"},{"floor":14,"key":"PowerPotion"},{"floor":18,"key":"GamblersBrew"},{"floor":31,"key":"Strength Potion"},{"floor":33,"key":"Energy Potion"},{"floor":35,"key":"EssenceOfSteel"},{"floor":39,"key":"Fire Potion"},{"floor":42,"key":"Fire Potion"}],"is_trial":false,"path_per_floor":["M","M","?","M","M","M","$","R","T","E","M","R","M","M","R","B",null,"M","$","M","?","$","R","M","R","T","?","E","M","R","?","R","B",null,"M","?","$","M","M","R","$","?","T","?","?","E","$","M","R","B"],"character_chosen":"IRONCLAD","items_purchased":["SteroidPotion","Sword Boomerang","Twin Strike","Clash","Frozen Eye","Vajra","Cleave","Fire Breathing+1","Clothesline","Explosive Potion","Metallicize+1","Twin Strike","Fire Breathing+1","Flex"],"campfire_rested":5,"item_purchase_floors":[7,7,19,19,19,22,22,37,37,37,41,41,47,47],"current_hp_per_floor":[79,73,73,78,73,64,64,64,64,44,48,72,75,80,80,57,80,64,64,69,69,69,69,60,60,60,44,50,45,69,49,73,24,80,61,66,66,47,51,75,75,53,53,53,73,80,80,56,80,0],"gold":48,"neow_bonus":"","is_prod":false,"is_daily":false,"chose_seed":false,"campfire_upgraded":4,"win_rate":0.0,"timestamp":1565730709,"path_taken":["M","M","?","M","M","M","$","R","T","E","M","R","?","M","R","BOSS","M","$","M","?","$","R","M","R","T","?","E","M","R","?","R","BOSS","M","?","$","M","M","R","?","?","T","?","?","E","?","M","R","BOSS"],"build_version":"2019-07-17","purchased_purges":1,"victory":false,"max_hp_per_floor":[80,80,80,80,80,80,80,80,80,80,80,80,80,80,80,80,80,80,80,80,80,80,80,80,80,80,80,80,80,80,80,80,80,80,80,80,80,80,80,80,80,80,80,80,80,80,80,80,80,80],"card_choices":[{"not_picked":["Cleave","Iron Wave"],"picked":"Dropkick","floor":1},{"not_picked":["Warcry","Perfected Strike"],"picked":"Whirlwind","floor":2},{"not_picked":["Hemokinesis","Feel No Pain"],"picked":"Demon Form","floor":4},{"not_picked":["Body Slam","Cleave"],"picked":"Twin Strike","floor":5},{"not_picked":["Armaments","Pommel Strike"],"picked":"Twin Strike","floor":6},{"not_picked":["Uppercut","True Grit"],"picked":"Sword Boomerang","floor":10},{"not_picked":["True Grit","Second Wind","Infernal Blade"],"picked":"SKIP","floor":11},{"not_picked":["True Grit","Sword Boomerang"],"picked":"Ghostly Armor","floor":13},{"not_picked":["Flame Barrier","Carnage"],"picked":"Flex","floor":14},{"not_picked":["Dark Embrace","Berserk"],"picked":"Demon Form","floor":16},{"not_picked":["Perfected Strike","Sword Boomerang","Metallicize"],"picked":"SKIP","floor":18},{"not_picked":["Ghostly Armor","Iron Wave","Armaments"],"picked":"SKIP","floor":20},{"not_picked":["Cleave","Headbutt"],"picked":"Seeing Red","floor":24},{"not_picked":["Pummel","Shrug It Off"],"picked":"Clash+1","floor":29},{"not_picked":["Shrug It Off","Cleave"],"picked":"Flex","floor":31},{"not_picked":["Impervious","Feed"],"picked":"Reaper","floor":33},{"not_picked":["Headbutt+1","Cleave"],"picked":"Armaments+1","floor":35},{"not_picked":["Body Slam","Sword Boomerang+1"],"picked":"Flex","floor":38},{"not_picked":["Clothesline","Perfected Strike","Shockwave"],"picked":"SKIP","floor":39},{"not_picked":["Flex","Dual Wield"],"picked":"Fiend Fire","floor":46},{"not_picked":["Second Wind","True Grit+1","Pommel Strike"],"picked":"SKIP","floor":48}],"player_experience":0,"relics_obtained":[{"floor":9,"key":"MawBank"},{"floor":10,"key":"Orichalcum"},{"floor":26,"key":"Frozen Egg 2"},{"floor":27,"key":"Enchiridion"},{"floor":31,"key":"Ginger"},{"floor":31,"key":"Bottled Flame"},{"floor":42,"key":"Champion Belt"},{"floor":43,"key":"Lantern"},{"floor":46,"key":"Letter Opener"}],"event_choices":[{"damage_healed":0,"gold_gain":0,"player_choice":"Bought 3 Potions","damage_taken":0,"max_hp_gain":0,"max_hp_loss":0,"event_name":"The Woman in Blue","floor":3,"gold_loss":0},{"damage_healed":0,"gold_gain":99,"player_choice":"Stole From Cult","damage_taken":0,"max_hp_gain":0,"max_hp_loss":0,"event_name":"Nest","floor":21,"gold_loss":0},{"damage_healed":0,"gold_gain":0,"player_choice":"Obtained Book","damage_taken":16,"max_hp_gain":0,"max_hp_loss":0,"event_name":"Cursed Tome","floor":27,"gold_loss":0},{"damage_healed":0,"gold_gain":0,"player_choice":"Fight","damage_taken":0,"max_hp_gain":0,"max_hp_loss":0,"event_name":"Colosseum","floor":31,"gold_loss":0},{"damage_healed":0,"gold_gain":0,"player_choice":"Fought Nobs","damage_taken":0,"max_hp_gain":0,"max_hp_loss":0,"event_name":"Colosseum","floor":31,"gold_loss":0},{"cards_removed":["Sword Boomerang"],"damage_healed":5,"gold_gain":0,"player_choice":"Offered Common","damage_taken":0,"max_hp_gain":0,"max_hp_loss":0,"event_name":"Bonfire Elementals","floor":36,"gold_loss":0},{"cards_removed":["Sword Boomerang"],"damage_healed":5,"gold_gain":0,"player_choice":"Offered Special","damage_taken":0,"max_hp_gain":0,"max_hp_loss":0,"event_name":"Bonfire Elementals","floor":36,"gold_loss":0},{"damage_healed":0,"gold_gain":0,"player_choice":"Fight","damage_taken":0,"max_hp_gain":0,"max_hp_loss":0,"event_name":"MindBloom","floor":42,"gold_loss":0},{"cards_removed":["Strike_R"],"damage_healed":0,"gold_gain":0,"player_choice":"Removed Attack","damage_taken":0,"max_hp_gain":0,"max_hp_loss":0,"event_name":"Falling","floor":44,"gold_loss":0},{"damage_healed":20,"gold_gain":0,"player_choice":"Writhe","damage_taken":0,"max_hp_gain":0,"max_hp_loss":0,"event_name":"Winding Halls","floor":45,"gold_loss":0,"cards_obtained":["Writhe"]}],"is_beta":false,"boss_relics":[{"not_picked":["Runic Dome","Orrery"],"picked":"Astrolabe"},{"not_picked":["Velvet Choker","Runic Cube"],"picked":"Runic Pyramid"}],"items_purged_floors":[47],"is_endless":false,"potions_floor_spawned":[4,10,11,14,18,28,31,33,35,39,42],"killed_by":"Awakened One","ascension_level":0}