{"gold_per_floor":[109,123,134,134,5,5,17,34,34,64,64,64,19,33,33,135,135,153,153,167,186,186,186,197,197,223,237,271,287,287,320,320,424,424,443,443,453,127,146,146,164,164,164,183,36,36,36,53,53,53],"floor_reached":50,"playtime":2904,"items_purged":["Strike_G","Defend_G"],"score":536,"play_id":"7188ff8c-f4e8-41e9-9c2f-0bc7799677ba","local_time":"20190807220151","is_ascension_mode":false,"campfire_choices":[{"data":"Infinite Blades","floor":6,"key":"SMITH"},{"floor":15,"key":"REST"},{"data":"Noxious Fumes","floor":23,"key":"SMITH"},{"data":"Tactician","floor":25,"key":"SMITH"},{"data":"Footwork","floor":30,"key":"SMITH"},{"floor":32,"key":"REST"},{"floor":40,"key":"REST"},{"floor":46,"key":"REST"},{"floor":49,"key":"REST"}],"neow_cost":"NONE","seed_source_timestamp":229936993294523,"circlet_count":0,"master_deck":["Strike_G","Strike_G+1","Defend_G","Defend_G","Defend_G","Survivor","Neutralize+1","Backflip","Deflect","Infinite Blades+1","Deflect","Backflip","Acrobatics","Tools of the Trade","Acrobatics","Dodge and Roll","Leg Sweep","Noxious Fumes+1","Tactician+1","PiercingWail","Tactician+1","Calculated Gamble","Footwork+1","Accuracy","A Thousand Cuts","Outmaneuver+1","Noxious Fumes+1","Prepared+1","Cloak And Dagger+1","Deflect+1","Writhe","Dodge and Roll+1"],"relics":["Ring of the Snake","NeowsBlessing","Ninja Scroll","Shuriken","Happy Flower","Philosopher\u0027s Stone","Bronze Scales","Bottled Lightning","Whetstone","White Beast Statue","Toxic Egg 2","TheAbacus","Mercury Hourglass"],"potions_floor_usage":[16,16,24,31,35,35,37,39,41,44,50,50,50],"damage_taken":[{"damage":0,"enemies":"2 Louse","floor":1,"turns":1},{"damage":0,"enemies":"Small Slimes","floor":2,"turns":1},{"damage":0,"enemies":"Cultist","floor":3,"turns":1},{"damage":3,"enemies":"Red Slaver","floor":7,"turns":5},{"damage":2,"enemies":"Large Slime","floor":8,"turns":8},{"damage":30,"enemies":"Gremlin Nob","floor":10,"turns":5},{"damage":3,"enemies":"Exordium Thugs","floor":14,"turns":3},{"damage":15,"enemies":"The Guardian","floor":16,"turns":17},{"damage":6,"enemies":"Spheric Guardian","floor":18,"turns":5},{"damage":2,"enemies":"Shell Parasite","floor":20,"turns":9},{"damage":5,"enemies":"Snake Plant","floor":21,"turns":8},{"damage":3,"enemies":"3 Cultists","floor":24,"turns":5},{"damage":17,"enemies":"Sentry and Sphere","floor":27,"turns":6},{"damage":2,"enemies":"Book of Stabbing","floor":28,"turns":7},{"damage":0,"enemies":"Snecko","floor":29,"turns":5},{"damage":11,"enemies":"Slavers","floor":31,"turns":5},{"damage":0,"enemies":"Automaton","floor":33,"turns":11},{"damage":2,"enemies":"3 Shapes","floor":35,"turns":3},{"damage":18,"enemies":"3 Darklings","floor":37,"turns":4},{"damage":26,"enemies":"Sphere and 2 Shapes","floor":39,"turns":4},{"damage":7,"enemies":"Transient","floor":41,"turns":5},{"damage":19,"enemies":"Writhing Mass","floor":44,"turns":6},{"damage":7,"enemies":"Spire Growth","floor":48,"turns":5},{"damage":70,"enemies":"Awakened One","floor":50,"turns":12}],"seed_played":"-402664564758185184","potions_obtained":[{"floor":7,"key":"Block Potion"},{"floor":10,"key":"LiquidBronze"},{"floor":14,"key":"GamblersBrew"},{"floor":20,"key":"Explosive Potion"},{"floor":27,"key":"GhostInAJar"},{"floor":29,"key":"Block Potion"},{"floor":31,"key":"Swift Potion"},{"floor":35,"key":"SpeedPotion"},{"floor":37,"key":"Explosive Potion"},{"floor":39,"key":"Poison Potion"},{"floor":41,"key":"Poison Potion"},{"floor":44,"key":"Swift Potion"},{"floor":48,"key":"SpeedPotion"}],"is_trial":false,"path_per_floor":["M","M","M","?","$","R","M","M","T","E","?","?","$","M","R","B",null,"M","?","M","M","?","R","M","R","T","M","E","M","R","E","R","B",null,"M","?","M","$","M","R","M","?","T","M","$","R","?","M","R","B"],"character_chosen":"THE_SILENT","items_purchased":["Infinite Blades","Deflect","Acrobatics","Prepared+1","TheAbacus","Deflect+1"],"campfire_rested":5,"item_purchase_floors":[5,5,13,38,38,45],"current_hp_per_floor":[70,70,70,70,70,70,67,65,65,35,23,23,23,20,41,26,70,64,64,62,57,57,57,54,54,54,37,35,35,35,24,45,45,70,68,68,50,50,24,45,38,38,38,19,19,40,58,51,70,0],"gold":53,"neow_bonus":"THREE_ENEMY_KILL","is_prod":false,"is_daily":false,"chose_seed":false,"campfire_upgraded":4,"win_rate":0,"timestamp":1565186511,"path_taken":["M","M","M","?","$","R","M","M","T","E","?","?","?","M","R","BOSS","M","?","M","M","?","R","M","R","T","M","E","M","R","E","R","BOSS","M","?","M","$","M","R","?","?","T","M","?","R","?","M","R","BOSS"],"build_version":"2019-07-17","purchased_purges":2,"victory":false,"max_hp_per_floor":[70,70,70,70,70,70,70,70,70,70,70,70,70,70,70,70,70,70,70,70,70,70,70,70,70,70,70,70,70,70,70,70,70,70,70,70,70,70,70,70,70,70,70,70,70,70,70,70,70,70],"card_choices":[{"not_picked":["Dodge and Roll","Finisher"],"picked":"Backflip","floor":1},{"not_picked":["Bane","Envenom"],"picked":"Deflect","floor":2},{"not_picked":["Sucker Punch","Blade Dance","Dodge and Roll"],"picked":"SKIP","floor":3},{"not_picked":["Cloak And Dagger","All Out Attack"],"picked":"Backflip","floor":7},{"not_picked":["Expertise","Sucker Punch","Deflect"],"picked":"SKIP","floor":8},{"not_picked":["Backflip","Dagger Throw","Bane"],"picked":"SKIP","floor":10},{"not_picked":["Poisoned Stab","Sucker Punch","Burst"],"picked":"SKIP","floor":14},{"not_picked":["Grand Finale","Unload"],"picked":"Tools of the Trade","floor":16},{"not_picked":["Skewer","Blade Dance+1"],"picked":"Acrobatics","floor":18},{"not_picked":["Quick Slash","Backstab"],"picked":"Noxious Fumes","floor":20},{"not_picked":["Deflect","Flying Knee+1"],"picked":"Tactician","floor":21},{"not_picked":["PiercingWail","Poisoned Stab+1","Setup"],"picked":"SKIP","floor":24},{"not_picked":["Dash","Tools of the Trade"],"picked":"Tactician+1","floor":27},{"not_picked":["Deadly Poison","Backflip"],"picked":"Calculated Gamble","floor":28},{"not_picked":["Underhanded Strike","Accuracy"],"picked":"Footwork","floor":29},{"not_picked":["Dodge and Roll","Slice"],"picked":"Accuracy","floor":31},{"not_picked":["Bullet Time","Tools of the Trade"],"picked":"A Thousand Cuts","floor":33},{"not_picked":["Riddle With Holes+1","Backflip"],"picked":"Outmaneuver+1","floor":35},{"not_picked":["Flying Knee","PiercingWail+1"],"picked":"Noxious Fumes+1","floor":37},{"not_picked":["Bouncing Flask+1","Catalyst+1","Backflip+1"],"picked":"SKIP","floor":39},{"not_picked":["Acrobatics+1","Dagger Spray"],"picked":"Cloak And Dagger+1","floor":41},{"not_picked":["Dagger Spray+1","Slice","Die Die Die"],"picked":"SKIP","floor":44},{"not_picked":["Endless Agony","Prepared+1"],"picked":"Dodge and Roll+1","floor":48}],"player_experience":125559,"relics_obtained":[{"floor":9,"key":"Ninja Scroll"},{"floor":10,"key":"Shuriken"},{"floor":26,"key":"Bronze Scales"},{"floor":28,"key":"Bottled Lightning"},{"floor":31,"key":"Whetstone"},{"floor":36,"key":"Toxic Egg 2"},{"floor":43,"key":"Mercury Hourglass"}],"event_choices":[{"damage_healed":0,"gold_gain":0,"player_choice":"Ignored","damage_taken":0,"max_hp_gain":0,"max_hp_loss":0,"event_name":"Golden Idol","floor":4,"gold_loss":0},{"damage_healed":0,"gold_gain":0,"player_choice":"Success","damage_taken":12,"relics_obtained":["Happy Flower"],"max_hp_gain":0,"max_hp_loss":0,"event_name":"Scrap Ooze","floor":11,"gold_loss":0},{"damage_healed":0,"gold_gain":0,"player_choice":"Ignored","damage_taken":0,"max_hp_gain":0,"max_hp_loss":0,"event_name":"Shining Light","floor":12,"gold_loss":0},{"damage_healed":0,"gold_gain":0,"cards_transformed":["Strike_G","Strike_G"],"player_choice":"Became Test Subject","damage_taken":0,"max_hp_gain":0,"max_hp_loss":0,"event_name":"Drug Dealer","floor":19,"gold_loss":0,"cards_obtained":["Dodge and Roll","Leg Sweep"]},{"damage_healed":0,"gold_gain":0,"cards_transformed":["Defend_G"],"player_choice":"Transformed","damage_taken":0,"max_hp_gain":0,"max_hp_loss":0,"event_name":"Transmorgrifier","floor":22,"gold_loss":0,"cards_obtained":["PiercingWail"]},{"damage_healed":0,"gold_gain":0,"player_choice":"Relic","damage_taken":0,"max_hp_gain":0,"max_hp_loss":0,"event_name":"Wheel of Change","floor":36,"gold_loss":0},{"damage_healed":0,"gold_gain":0,"player_choice":"Ignored","damage_taken":0,"max_hp_gain":0,"max_hp_loss":0,"event_name":"SecretPortal","floor":42,"gold_loss":0},{"damage_healed":18,"gold_gain":0,"player_choice":"Writhe","damage_taken":0,"max_hp_gain":0,"max_hp_loss":0,"event_name":"Winding Halls","floor":47,"gold_loss":0,"cards_obtained":["Writhe"]}],"is_beta":false,"boss_relics":[{"not_picked":["HoveringKite","Calling Bell"],"picked":"Philosopher\u0027s Stone"},{"not_picked":["Astrolabe","Snecko Eye"],"picked":"White Beast Statue"}],"items_purged_floors":[38,45],"is_endless":false,"potions_floor_spawned":[7,10,14,20,27,29,31,33,35,37,39,41,44,48],"killed_by":"Awakened One","ascension_level":0}