{"gold_per_floor":[111,126,144,164,164,207,207,231,231,7,7,21,21,64,64,64],"floor_reached":16,"playtime":1130,"items_purged":[],"score":158,"play_id":"afeb0b6e-10b7-455a-ae7c-10dcf383c461","local_time":"20181126175105","is_ascension_mode":true,"campfire_choices":[{"data":"Armaments","floor":7,"key":"SMITH"},{"data":"Feed","floor":11,"key":"SMITH"},{"data":"Body Slam","floor":15,"key":"SMITH"}],"neow_cost":"NONE","seed_source_timestamp":24503309437409,"circlet_count":0,"master_deck":["Strike_R","Strike_R","Strike_R","Strike_R","Strike_R","Defend_R","Defend_R","Defend_R","Defend_R","Bash","Body Slam+1","Armaments+1","Fiend Fire","Impervious","Inflame","Feed+1","Clothesline","Inflame+1"],"relics":["Burning Blood","Golden Idol","Boot","Frozen Egg 2","Art of War","Self Forming Clay"],"potions_floor_usage":[6,14,14,14],"damage_taken":[{"damage":8,"enemies":"Jaw Worm","floor":1,"turns":5},{"damage":1,"enemies":"Cultist","floor":2,"turns":4},{"damage":3,"enemies":"2 Louse","floor":3,"turns":4},{"damage":11,"enemies":"Looter","floor":4,"turns":4},{"damage":30,"enemies":"3 Sentries","floor":6,"turns":9},{"damage":6,"enemies":"Blue Slaver","floor":8,"turns":4},{"damage":10,"enemies":"2 Fungi Beasts","floor":12,"turns":4},{"damage":0,"enemies":"Gremlin Nob","floor":14,"turns":3},{"damage":55,"enemies":"Slime Boss","floor":16,"turns":9}],"seed_played":"5223985843230401793","potions_obtained":[{"floor":4,"key":"Explosive Potion"},{"floor":6,"key":"Regen Potion"},{"floor":8,"key":"FearPotion"},{"floor":12,"key":"Block Potion"}],"is_trial":false,"path_per_floor":["M","M","M","M","?","E","R","M","T","$","R","M","?","E","R","B"],"character_chosen":"IRONCLAD","items_purchased":["Feed","Art of War"],"campfire_rested":0,"item_purchase_floors":[10,10],"current_hp_per_floor":[86,88,88,83,61,37,37,37,37,37,37,37,37,52,52,0],"gold":64,"neow_bonus":"TEN_PERCENT_HP_BONUS","is_prod":false,"is_daily":false,"chose_seed":false,"campfire_upgraded":3,"win_rate":0,"timestamp":1543283465,"path_taken":["M","M","M","M","?","E","R","M","T","$","R","M","?","E","R","BOSS"],"build_version":"2018-11-15","purchased_purges":0,"victory":false,"max_hp_per_floor":[88,88,88,88,88,88,88,88,88,88,88,92,92,92,92,92],"card_choices":[{"not_picked":["Heavy Blade","Rage"],"picked":"Body Slam","floor":1},{"not_picked":["Thunderclap","Twin Strike"],"picked":"Armaments","floor":2},{"not_picked":["Cleave","Body Slam"],"picked":"Fiend Fire","floor":3},{"not_picked":["Sentinel","Infernal Blade","Dropkick"],"picked":"SKIP","floor":4},{"not_picked":["Sword Boomerang","Burning Pact"],"picked":"Impervious","floor":6},{"not_picked":["Perfected Strike","Infernal Blade"],"picked":"Inflame","floor":8},{"not_picked":["Pummel","Perfected Strike"],"picked":"Clothesline","floor":12},{"not_picked":["Ghostly Armor","Fire Breathing+1"],"picked":"Inflame+1","floor":14}],"player_experience":313648,"relics_obtained":[{"floor":6,"key":"Boot"},{"floor":9,"key":"Frozen Egg 2"},{"floor":14,"key":"Self Forming Clay"}],"event_choices":[{"damage_healed":0,"gold_gain":0,"player_choice":"Take Damage","damage_taken":22,"relics_obtained":["Golden Idol"],"max_hp_gain":0,"max_hp_loss":0,"event_name":"Golden Idol","floor":5,"gold_loss":0},{"damage_healed":0,"gold_gain":0,"player_choice":"Ignored","damage_taken":0,"max_hp_gain":0,"max_hp_loss":0,"event_name":"Liars Game","floor":13,"gold_loss":0}],"is_beta":false,"boss_relics":[],"items_purged_floors":[],"is_endless":false,"potions_floor_spawned":[4,6,8,12],"killed_by":"Slime Boss","ascension_level":3}