{"gold_per_floor":[112,127,127,145,35,35,35,51,51,77,95,95,127,141,141,241,241,215,230,12,22,41,41,60,60,60,73,85,103,114,130,130,233,233,243,44,64,76,176,176,196,213,236,236],"floor_reached":44,"playtime":2823,"items_purged":["Strike_G"],"score":472,"play_id":"ecab3770-e246-4256-9f18-3cd805249244","local_time":"20190807211236","is_ascension_mode":false,"campfire_choices":[{"data":"Calculated Gamble","floor":6,"key":"SMITH"},{"data":"Noxious Fumes","floor":12,"key":"SMITH"},{"floor":15,"key":"REST"},{"data":"Infinite Blades","floor":23,"key":"SMITH"},{"data":"Adrenaline","floor":25,"key":"SMITH"},{"floor":32,"key":"REST"},{"data":"Reflex","floor":40,"key":"SMITH"}],"neow_cost":"NONE","seed_source_timestamp":227063001414823,"circlet_count":0,"master_deck":["Strike_G+1","Strike_G","Defend_G","Defend_G","Defend_G","Defend_G","Defend_G","Survivor","Neutralize+1","Blur","Doppelganger","Infinite Blades+1","Noxious Fumes+1","Calculated Gamble+1","Outmaneuver","Deflect","Adrenaline+1","Cloak And Dagger","After Image+1","Footwork+1","Deflect+1","Deflect","Reflex+1","Accuracy+1","Backflip","Prepared+1","Outmaneuver+1","A Thousand Cuts+1","Slice+1","Cloak And Dagger","Tactician+1","Backstab+1","Acrobatics+1","Doubt"],"relics":["Ring of the Snake","Pantograph","Vajra","Frozen Egg 2","Runic Pyramid","Snake Skull","Matryoshka","Cursed Key","Whetstone","StoneCalendar","Smiling Mask","Ancient Tea Set"],"potions_floor_usage":[13,39],"damage_taken":[{"damage":8,"enemies":"2 Louse","floor":1,"turns":4},{"damage":0,"enemies":"Cultist","floor":2,"turns":4},{"damage":0,"enemies":"Jaw Worm","floor":4,"turns":7},{"damage":4,"enemies":"Looter","floor":8,"turns":5},{"damage":5,"enemies":"2 Fungi Beasts","floor":11,"turns":5},{"damage":8,"enemies":"Lagavulin","floor":13,"turns":8},{"damage":13,"enemies":"Lots of Slimes","floor":14,"turns":4},{"damage":33,"enemies":"Hexaghost","floor":16,"turns":12},{"damage":16,"enemies":"2 Thieves","floor":18,"turns":5},{"damage":0,"enemies":"Spheric Guardian","floor":19,"turns":7},{"damage":0,"enemies":"Snake Plant","floor":21,"turns":7},{"damage":0,"enemies":"3 Cultists","floor":22,"turns":8},{"damage":6,"enemies":"Cultist and Chosen","floor":24,"turns":9},{"damage":9,"enemies":"Snake Plant","floor":27,"turns":7},{"damage":11,"enemies":"Chosen and Byrds","floor":28,"turns":7},{"damage":3,"enemies":"Centurion and Healer","floor":29,"turns":7},{"damage":0,"enemies":"Cultist and Chosen","floor":30,"turns":7},{"damage":6,"enemies":"Shelled Parasite and Fungi","floor":31,"turns":8},{"damage":0,"enemies":"Automaton","floor":33,"turns":13},{"damage":21,"enemies":"3 Darklings","floor":35,"turns":4},{"damage":0,"enemies":"Orb Walker","floor":37,"turns":4},{"damage":0,"enemies":"Maw","floor":38,"turns":9},{"damage":0,"enemies":"Mind Bloom Boss Battle","floor":39,"turns":5},{"damage":0,"enemies":"4 Shapes","floor":41,"turns":5},{"damage":13,"enemies":"Writhing Mass","floor":42,"turns":7},{"damage":60,"enemies":"Reptomancer","floor":44,"turns":2}],"seed_played":"2233485719193898829","potions_obtained":[{"floor":1,"key":"SpeedPotion"},{"floor":8,"key":"GamblersBrew"},{"floor":11,"key":"FearPotion"},{"floor":13,"key":"Strength Potion"},{"floor":35,"key":"Regen Potion"},{"floor":39,"key":"GhostInAJar"}],"is_trial":false,"path_per_floor":["M","M","?","M","$","R","?","M","T","T","M","R","E","M","R","B",null,"M","M","$","M","M","R","M","R","T","M","M","M","M","M","R","B",null,"M","$","M","M","?","R","M","M","T","E"],"character_chosen":"THE_SILENT","items_purchased":["Noxious Fumes","Calculated Gamble","Snake Skull","Whetstone","Cloak And Dagger"],"campfire_rested":2,"item_purchase_floors":[5,5,20,36,36],"current_hp_per_floor":[62,62,62,62,62,62,62,58,58,58,53,53,45,32,53,37,70,54,54,54,54,54,54,48,48,48,39,28,25,25,19,40,65,70,49,49,49,49,70,70,70,57,57,0],"gold":236,"neow_bonus":"UPGRADE_CARD","is_prod":false,"is_daily":false,"chose_seed":false,"campfire_upgraded":5,"win_rate":0,"timestamp":1565183556,"path_taken":["M","M","?","?","$","R","?","M","T","?","M","R","E","M","R","BOSS","M","M","$","M","M","R","M","R","T","M","M","M","M","M","R","BOSS","M","$","M","M","?","R","M","M","T","E"],"build_version":"2019-07-17","purchased_purges":1,"victory":false,"max_hp_per_floor":[70,70,70,70,70,70,70,70,70,70,70,70,70,70,70,70,70,70,70,70,70,70,70,70,70,70,70,70,70,70,70,70,70,70,70,70,70,70,70,70,70,70,70,70],"card_choices":[{"not_picked":["Masterful Stab","Caltrops","Sucker Punch"],"picked":"SKIP","floor":1},{"not_picked":["Endless Agony","Skewer"],"picked":"Blur","floor":2},{"not_picked":["Underhanded Strike","Accuracy"],"picked":"Infinite Blades","floor":4},{"not_picked":["Prepared","Sucker Punch"],"picked":"Outmaneuver","floor":8},{"not_picked":["Well Laid Plans","Skewer"],"picked":"Deflect","floor":11},{"not_picked":["Prepared","Underhanded Strike"],"picked":"Adrenaline","floor":13},{"not_picked":["Dagger Spray","Poisoned Stab"],"picked":"Cloak And Dagger","floor":14},{"not_picked":["Glass Knife","Envenom+1"],"picked":"After Image+1","floor":16},{"not_picked":["Blade Dance+1","Flying Knee"],"picked":"Footwork+1","floor":18},{"not_picked":["Flechettes+1","Blade Dance"],"picked":"Deflect+1","floor":19},{"not_picked":["Dagger Throw+1","Endless Agony+1"],"picked":"Deflect","floor":21},{"not_picked":["Flying Knee","Deadly Poison","Sucker Punch"],"picked":"SKIP","floor":22},{"not_picked":["Dodge and Roll","Sucker Punch"],"picked":"Reflex","floor":24},{"not_picked":["Choke","Sucker Punch","Quick Slash"],"picked":"SKIP","floor":27},{"not_picked":["Corpse Explosion","Leg Sweep"],"picked":"Accuracy+1","floor":28},{"not_picked":["Deflect","Dash"],"picked":"Backflip","floor":29},{"not_picked":["All Out Attack+1","Slice"],"picked":"Prepared+1","floor":30},{"not_picked":["Catalyst","Dodge and Roll"],"picked":"Outmaneuver+1","floor":31},{"not_picked":["Doppelganger","Venomology"],"picked":"A Thousand Cuts+1","floor":33},{"not_picked":["Flechettes+1","Flying Knee+1"],"picked":"Slice","floor":35},{"not_picked":["Accuracy+1","Backstab+1"],"picked":"Tactician+1","floor":37},{"not_picked":["Crippling Poison+1","Bouncing Flask"],"picked":"Backstab+1","floor":38},{"not_picked":["Riddle With Holes+1","Doppelganger","Predator+1"],"picked":"SKIP","floor":41},{"not_picked":["Skewer","Predator+1"],"picked":"Acrobatics+1","floor":42}],"player_experience":122736,"relics_obtained":[{"floor":9,"key":"Pantograph"},{"floor":10,"key":"Vajra"},{"floor":13,"key":"Frozen Egg 2"},{"floor":26,"key":"Matryoshka"},{"floor":39,"key":"StoneCalendar"},{"floor":43,"key":"Smiling Mask"},{"floor":43,"key":"Ancient Tea Set"}],"event_choices":[{"damage_healed":0,"gold_gain":0,"cards_transformed":["Strike_G"],"player_choice":"Transformed","damage_taken":0,"max_hp_gain":0,"max_hp_loss":0,"event_name":"Transmorgrifier","floor":3,"gold_loss":0,"cards_obtained":["Doppelganger"]},{"cards_removed":["Strike_G"],"damage_healed":0,"gold_gain":0,"player_choice":"Forget","damage_taken":0,"max_hp_gain":0,"max_hp_loss":0,"event_name":"Living Wall","floor":7,"gold_loss":0},{"damage_healed":0,"gold_gain":0,"player_choice":"Fight","damage_taken":0,"max_hp_gain":0,"max_hp_loss":0,"event_name":"MindBloom","floor":39,"gold_loss":0}],"is_beta":false,"boss_relics":[{"not_picked":["Runic Dome","Fusion Hammer"],"picked":"Runic Pyramid"},{"not_picked":["Pandora\u0027s Box","Astrolabe"],"picked":"Cursed Key"}],"items_purged_floors":[20],"is_endless":false,"potions_floor_spawned":[1,8,11,13,16,18,22,27,29,30,33,35,39,42],"killed_by":"Reptomancer","ascension_level":0}