{"gold_per_floor":[114,126,77,91,103,103,103,103,184,184,215,244,256,281,293,400,412,441,453,475,507,14,14,46,46,122,122,122,22,22],"floor_reached":30,"playtime":3156,"items_purged":["Strike_G","Strike_G"],"score":366,"play_id":"779c4a81-23ae-436c-9ef8-a1ffc46f484f","local_time":"20181229011115","is_ascension_mode":true,"campfire_choices":[{"data":"Neutralize","floor":6,"key":"SMITH"},{"data":"Bouncing Flask","floor":8,"key":"SMITH"},{"data":"Dagger Spray","floor":10,"key":"SMITH"},{"data":"Bullet Time","floor":13,"key":"SMITH"},{"data":"Predator","floor":15,"key":"SMITH"},{"data":"Night Terror","floor":23,"key":"SMITH"},{"data":"Acrobatics","floor":25,"key":"SMITH"},{"data":"Dash","floor":27,"key":"SMITH"}],"neow_cost":"NONE","seed_source_timestamp":714286815431357,"circlet_count":0,"master_deck":["Defend_G","Defend_G","Defend_G","Defend_G","Defend_G","Strike_G","Strike_G","Strike_G","Survivor","Neutralize+1","Dagger Spray+1","Flying Knee","Bouncing Flask+1","Bullet Time+1","Predator+1","Escape Plan","Night Terror+1","Flying Knee+1","Catalyst+1","Acrobatics+1","Backflip","Dash+1"],"relics":["Ring of the Snake","Question Card","MawBank","Busted Crown","Bag of Preparation","Juzu Bracelet","ClockworkSouvenir","Anchor","Darkstone Periapt"],"potions_floor_usage":[16,28],"damage_taken":[{"damage":2,"enemies":"Cultist","floor":1,"turns":4},{"damage":4,"enemies":"Jaw Worm","floor":2,"turns":5},{"damage":0,"enemies":"Small Slimes","floor":4,"turns":3},{"damage":0,"enemies":"2 Fungi Beasts","floor":5,"turns":4},{"damage":2,"enemies":"Gremlin Nob","floor":11,"turns":3},{"damage":1,"enemies":"Blue Slaver","floor":12,"turns":3},{"damage":3,"enemies":"Looter","floor":14,"turns":3},{"damage":12,"enemies":"The Guardian","floor":16,"turns":8},{"damage":3,"enemies":"Spheric Guardian","floor":18,"turns":3},{"damage":8,"enemies":"Shell Parasite","floor":20,"turns":6},{"damage":3,"enemies":"Snake Plant","floor":21,"turns":3},{"damage":0,"enemies":"Gremlin Leader","floor":24,"turns":3},{"damage":0,"enemies":"Slavers","floor":28,"turns":1},{"damage":62,"enemies":"Gremlin Leader","floor":30,"turns":6}],"seed_played":"154258127491169369","potions_obtained":[{"floor":0,"key":"LiquidBronze"},{"floor":0,"key":"SkillPotion"},{"floor":0,"key":"Dexterity Potion"},{"floor":1,"key":"SmokeBomb"},{"floor":21,"key":"Weak Potion"},{"floor":24,"key":"Dexterity Potion"}],"is_trial":false,"path_per_floor":["M","M","$","M","M","R","?","R","T","R","E","M","R","M","R","B",null,"M","?","M","M","$","R","E","R","T","R","E","$","E"],"character_chosen":"THE_SILENT","items_purchased":["Flying Knee","Backflip","Dash","Juzu Bracelet","ClockworkSouvenir"],"campfire_rested":0,"item_purchase_floors":[3,22,22,22,22],"current_hp_per_floor":[68,64,64,64,64,64,64,64,64,64,62,61,61,58,58,46,70,67,67,59,56,56,56,56,56,56,56,56,56,0],"gold":22,"neow_bonus":"THREE_SMALL_POTIONS","is_prod":false,"is_daily":false,"chose_seed":false,"campfire_upgraded":8,"win_rate":0,"timestamp":1546071075,"path_taken":["M","M","$","M","?","R","?","R","T","R","E","M","R","?","R","BOSS","M","?","M","M","$","R","E","R","T","R","E","$","E"],"build_version":"2018-12-20","purchased_purges":2,"victory":false,"max_hp_per_floor":[70,70,70,70,70,70,70,70,70,70,70,70,70,70,70,70,70,70,70,70,70,70,70,70,70,70,70,70,70,70],"card_choices":[{"not_picked":["Bane","Sucker Punch"],"picked":"Dagger Spray","floor":1},{"not_picked":["Underhanded Strike","Deflect","Catalyst"],"picked":"SKIP","floor":2},{"not_picked":["Prepared","Distraction"],"picked":"Bouncing Flask","floor":4},{"not_picked":["Dagger Spray","All Out Attack","Choke"],"picked":"SKIP","floor":5},{"not_picked":["Concentrate","Bane","Expertise"],"picked":"Bullet Time","floor":11},{"not_picked":["Concentrate","Quick Slash","Deadly Poison"],"picked":"Predator","floor":12},{"not_picked":["Flying Knee","Underhanded Strike","Quick Slash"],"picked":"Escape Plan","floor":14},{"not_picked":["Unload","Bullet Time","Storm of Steel"],"picked":"Night Terror","floor":16},{"not_picked":["Escape Plan"],"picked":"Flying Knee+1","floor":18},{"not_picked":["Dodge and Roll+1"],"picked":"Catalyst+1","floor":20},{"not_picked":["Slice"],"picked":"Acrobatics","floor":21},{"not_picked":["Blade Dance","Accuracy"],"picked":"SKIP","floor":24}],"player_experience":1648599,"relics_obtained":[{"floor":9,"key":"Question Card"},{"floor":11,"key":"MawBank"},{"floor":24,"key":"Anchor"},{"floor":26,"key":"Darkstone Periapt"}],"event_choices":[{"damage_healed":0,"gold_gain":0,"player_choice":"Got Potions","damage_taken":0,"max_hp_gain":0,"max_hp_loss":0,"event_name":"Lab","floor":7,"gold_loss":0},{"damage_healed":0,"gold_gain":0,"player_choice":"Opened","damage_taken":0,"relics_obtained":["Bag of Preparation"],"max_hp_gain":0,"max_hp_loss":0,"event_name":"The Mausoleum","floor":19,"gold_loss":0}],"is_beta":false,"boss_relics":[{"not_picked":["Ring of the Serpent","Runic Dome"],"picked":"Busted Crown"}],"items_purged_floors":[22,29],"is_endless":false,"potions_floor_spawned":[1,2,5,11,12,21,24],"killed_by":"Gremlin Leader","ascension_level":3}