{"gold_per_floor":[111,127,138,150,161,196,212,228,228,241,206,231,231,65,65,170,170,182,97,43,53,68,68,95,95,95,5,5,17,51,64,64,159,159,178,196,211,111,131,131,131],"floor_reached":41,"playtime":5187,"items_purged":["Strike_G","Strike_G"],"score":687,"play_id":"9b03b8c1-2309-46b3-9a8d-210ede46841e","local_time":"20181221150515","is_ascension_mode":true,"campfire_choices":[{"floor":13.0,"key":"REST"},{"floor":15.0,"key":"REST"},{"data":"Backflip","floor":23.0,"key":"SMITH"},{"data":"Neutralize","floor":25.0,"key":"SMITH"},{"data":"Dodge and Roll","floor":28.0,"key":"SMITH"},{"data":"Envenom","floor":32,"key":"SMITH"},{"data":"After Image","floor":40,"key":"SMITH"}],"neow_cost":"NONE","seed_source_timestamp":0,"circlet_count":0,"master_deck":["Defend_G","Defend_G","Defend_G+1","Defend_G","Defend_G","Strike_G","Strike_G","Survivor","Neutralize+1","Dagger Throw","Bouncing Flask","Acrobatics","Envenom+1","Calculated Gamble","Catalyst","Crippling Poison","Backflip+1","Adrenaline","Well Laid Plans","Caltrops","PiercingWail","After Image+1","Dagger Spray+1","Cloak And Dagger","Dodge and Roll+1","Backflip+1","Flechettes+1","Tools of the Trade","Sucker Punch+1","After Image","Cloak And Dagger+1","Setup","Parasite","Leg Sweep"],"special_seed":0,"relics":["Ring of the Snake","Bird Faced Urn","Oddly Smooth Stone","Darkstone Periapt","Sozu","Sundial","Bag of Marbles","Meat on the Bone","Molten Egg 2","Eternal Feather"],"potions_floor_usage":[],"damage_taken":[{"damage":0.0,"enemies":"Cultist","floor":1.0,"turns":5.0},{"damage":0.0,"enemies":"2 Louse","floor":2.0,"turns":2.0},{"damage":0.0,"enemies":"Small Slimes","floor":3.0,"turns":3.0},{"damage":12.0,"enemies":"Exordium Thugs","floor":4.0,"turns":5.0},{"damage":8.0,"enemies":"Exordium Wildlife","floor":5.0,"turns":5.0},{"damage":22.0,"enemies":"Lagavulin","floor":6.0,"turns":6.0},{"damage":15.0,"enemies":"Large Slime","floor":7.0,"turns":7.0},{"damage":0.0,"enemies":"3 Louse","floor":8.0,"turns":3.0},{"damage":5.0,"enemies":"Lots of Slimes","floor":10.0,"turns":3.0},{"damage":25.0,"enemies":"Gremlin Nob","floor":12.0,"turns":4.0},{"damage":31.0,"enemies":"Slime Boss","floor":16.0,"turns":13.0},{"damage":3.0,"enemies":"Spheric Guardian","floor":18.0,"turns":5.0},{"damage":3.0,"enemies":"Shell Parasite","floor":21.0,"turns":5.0},{"damage":6.0,"enemies":"Sentry and Sphere","floor":22.0,"turns":8.0},{"damage":0.0,"enemies":"Book of Stabbing","floor":24.0,"turns":7.0},{"damage":11.0,"enemies":"Shelled Parasite and Fungi","floor":29.0,"turns":5.0},{"damage":38,"enemies":"Slavers","floor":30,"turns":7},{"damage":6,"enemies":"Centurion and Healer","floor":31,"turns":8},{"damage":51,"enemies":"Collector","floor":33,"turns":12},{"damage":9,"enemies":"Orb Walker","floor":35,"turns":5},{"damage":18,"enemies":"3 Darklings","floor":36,"turns":7},{"damage":12,"enemies":"Sphere and 2 Shapes","floor":37,"turns":7},{"damage":3,"enemies":"Writhing Mass","floor":39,"turns":8},{"damage":85,"enemies":"Giant Head","floor":41,"turns":11}],"seed_played":"1218270135310905768","potions_obtained":[{"floor":2.0,"key":"GhostInAJar"},{"floor":6.0,"key":"Ancient Potion"},{"floor":7.0,"key":"AttackPotion"},{"floor":10.0,"key":"AttackPotion"},{"floor":12.0,"key":"AttackPotion"}],"is_trial":false,"path_per_floor":["M","M","M","M","M","E","M","M","T","M","?","E","R","$","R","B",null,"M","?","$","M","M","R","E","R","T","?","R","M","E","M","R","B",null,"M","M","M","$","M","R","E"],"character_chosen":"THE_SILENT","items_purchased":["Caltrops","PiercingWail","Cloak And Dagger"],"campfire_rested":2,"item_purchase_floors":[14,14,20],"current_hp_per_floor":[70,70,70,58,50,28,15,15,15,10,29,6,29,29,52,27,65,70,70,70,75,71,71,77,77,77,77,77,66,46,50,50,21,63,64,58,58,58,73,83,0],"gold":131,"neow_bonus":"TEN_PERCENT_HP_BONUS","is_prod":false,"is_daily":false,"chose_seed":false,"campfire_upgraded":5,"win_rate":0,"timestamp":1545433515,"path_taken":["M","M","M","M","M","E","M","M","T","M","?","E","R","$","R","BOSS","M","?","$","M","M","R","E","R","T","?","R","M","E","M","R","BOSS","M","M","M","$","?","R","E"],"build_version":"2018-12-20","purchased_purges":2,"victory":false,"max_hp_per_floor":[77,77,77,77,77,77,77,77,77,77,77,77,77,77,77,77,77,77,77,77,77,77,77,77,77,77,77,77,77,77,77,77,77,77,77,77,77,77,83,83,83],"card_choices":[{"not_picked":["Prepared","Quick Slash"],"picked":"Dagger Throw","floor":1.0},{"not_picked":["Bane","Choke"],"picked":"Bouncing Flask","floor":2.0},{"not_picked":["Endless Agony","Bane"],"picked":"Acrobatics","floor":3.0},{"not_picked":["Outmaneuver","Sucker Punch"],"picked":"Envenom","floor":4.0},{"not_picked":["Deadly Poison","Bane"],"picked":"Calculated Gamble","floor":5.0},{"not_picked":["Slice","Backflip"],"picked":"Catalyst","floor":6.0},{"not_picked":["Backflip","Terror"],"picked":"Crippling Poison","floor":7.0},{"not_picked":["Finisher","Blade Dance"],"picked":"Backflip","floor":8.0},{"not_picked":["Quick Slash","Masterful Stab"],"picked":"Adrenaline","floor":10.0},{"not_picked":["Riddle With Holes","Deadly Poison"],"picked":"Well Laid Plans","floor":12.0},{"not_picked":["Die Die Die","Venomology"],"picked":"After Image","floor":16.0},{"not_picked":["Masterful Stab","Sucker Punch"],"picked":"Dagger Spray+1","floor":18.0},{"not_picked":["All Out Attack","Underhanded Strike","Poisoned Stab"],"picked":"SKIP","floor":21.0},{"not_picked":["Slice","Bane"],"picked":"Dodge and Roll","floor":22.0},{"not_picked":["Acrobatics+1","Cloak And Dagger"],"picked":"Backflip+1","floor":24.0},{"not_picked":["Cloak And Dagger+1","Bane"],"picked":"Flechettes+1","floor":29.0},{"not_picked":["Predator","Well Laid Plans"],"picked":"Tools of the Trade","floor":30},{"not_picked":["Acrobatics","Flying Knee+1"],"picked":"Sucker Punch+1","floor":31},{"not_picked":["Tools of the Trade","Envenom"],"picked":"After Image","floor":33},{"not_picked":["Concentrate","Outmaneuver+1","Flying Knee+1"],"picked":"SKIP","floor":35},{"not_picked":["Blade Dance","Deflect"],"picked":"Cloak And Dagger+1","floor":36},{"not_picked":["Deflect","Sucker Punch+1"],"picked":"Setup","floor":37},{"not_picked":["Dagger Throw+1","Deadly Poison+1"],"picked":"Leg Sweep","floor":39}],"player_experience":430079,"relics_obtained":[{"floor":6.0,"key":"Bird Faced Urn"},{"floor":9.0,"key":"Oddly Smooth Stone"},{"floor":12.0,"key":"Darkstone Periapt"},{"floor":24.0,"key":"Bag of Marbles"},{"floor":26.0,"key":"Meat on the Bone"},{"floor":30,"key":"Molten Egg 2"}],"event_choices":[{"damage_healed":19.0,"max_hp_gain":0.0,"max_hp_loss":0.0,"gold_gain":0.0,"event_name":"The Cleric","player_choice":"Healed","floor":11.0,"gold_loss":35.0,"damage_taken":0.0},{"damage_healed":0.0,"max_hp_gain":0.0,"max_hp_loss":0.0,"gold_gain":0.0,"event_name":"Addict","player_choice":"Obtained Relic","floor":19.0,"gold_loss":85.0,"damage_taken":0.0,"relics_obtained":["Sundial"]},{"cards_removed":["Strike_G"],"damage_healed":0.0,"max_hp_gain":0.0,"max_hp_loss":0.0,"gold_gain":0.0,"event_name":"Designer","player_choice":"Upgrade and Remove","floor":27.0,"gold_loss":90.0,"damage_taken":0.0,"cards_upgraded":["Defend_G"]}],"is_beta":false,"boss_relics":[{"not_picked":["Cursed Key","Calling Bell"],"picked":"Sozu"},{"not_picked":["HoveringKite","Fusion Hammer"],"picked":"Eternal Feather"}],"items_purged_floors":[14,38],"is_endless":false,"potions_floor_spawned":[2,6,7,10,12,18,22,24,29,30,39],"killed_by":"Giant Head","ascension_level":9}