{"gold_per_floor":[359,6,6,6,6,6,6,23,74,84,102,102,113,130,130,231,231,248,3,102,115,40,40,40,73,73,102,102,102,102,112,112,213,213,226,226,242,642,89,118,129,129,155,155,155,34,47,47,47,47],"floor_reached":51,"playtime":2710,"items_purged":["Doubt","Parasite","Defend_B+1"],"score":951,"play_id":"22dbe61d-570d-4b29-9ae9-7f8653a18143","local_time":"20181204093203","is_ascension_mode":true,"campfire_choices":[{"data":"Defragment","floor":6.0,"key":"SMITH"},{"data":"Dualcast","floor":12.0,"key":"SMITH"},{"data":"Zap","floor":15.0,"key":"SMITH"},{"data":"Barrage","floor":23.0,"key":"SMITH"},{"data":"Capacitor","floor":28.0,"key":"SMITH"},{"data":"Sunder","floor":30.0,"key":"SMITH"},{"floor":32,"key":"REST"},{"data":"Ball Lightning","floor":42,"key":"SMITH"},{"floor":44,"key":"REST"},{"data":"Defragment","floor":49,"key":"SMITH"}],"neow_cost":"CURSE","seed_source_timestamp":0,"circlet_count":0,"master_deck":["Strike_B+1","Defend_B+1","Defend_B+1","Zap+1","Dualcast+1","Defragment+1","Capacitor+1","Ball Lightning+1","Glacier","Barrage+1","Coolheaded","Electrodynamics","Compile Driver","Chill","FTL","Sunder+1","Biased Cognition","Skim+1","Machine Learning+1","Turbo+1","Cold Snap+1","Seek","Defragment+1","Barrage+1","Stack","Conserve Battery+1","Consume"],"special_seed":0,"relics":["Cracked Core","Lantern","Pantograph","Juzu Bracelet","Velvet Choker","Membership Card","Vajra","Letter Opener","Blue Candle","Astrolabe","Old Coin","Pear","Sling","Molten Egg 2","PreservedInsect","Regal Pillow","Runic Capacitor"],"potions_floor_usage":[33,33,40,47,50,50],"damage_taken":[{"damage":7.0,"enemies":"Small Slimes","floor":1.0,"turns":3.0},{"damage":2.0,"enemies":"Jaw Worm","floor":8.0,"turns":3.0},{"damage":0.0,"enemies":"2 Louse","floor":10.0,"turns":2.0},{"damage":2.0,"enemies":"Exordium Thugs","floor":11.0,"turns":3.0},{"damage":0.0,"enemies":"Exordium Wildlife","floor":13.0,"turns":3.0},{"damage":0.0,"enemies":"3 Louse","floor":14.0,"turns":3.0},{"damage":0.0,"enemies":"The Guardian","floor":16.0,"turns":8.0},{"damage":5.0,"enemies":"Shell Parasite","floor":18.0,"turns":5.0},{"damage":9.0,"enemies":"3 Byrds","floor":21.0,"turns":3.0},{"damage":0.0,"enemies":"Gremlin Leader","floor":25.0,"turns":4.0},{"damage":0.0,"enemies":"Book of Stabbing","floor":27.0,"turns":4.0},{"damage":8,"enemies":"Sentry and Sphere","floor":31,"turns":4},{"damage":28,"enemies":"Automaton","floor":33,"turns":7},{"damage":0,"enemies":"3 Shapes","floor":35,"turns":3},{"damage":2,"enemies":"3 Darklings","floor":37,"turns":2},{"damage":10,"enemies":"Mind Bloom Boss Battle","floor":38,"turns":7},{"damage":28,"enemies":"Reptomancer","floor":40,"turns":4},{"damage":9,"enemies":"4 Shapes","floor":41,"turns":4},{"damage":21,"enemies":"Jaw Worm Horde","floor":47,"turns":2},{"damage":30,"enemies":"Donu and Deca","floor":50,"turns":6}],"seed_played":"-4885868348206594911","potions_obtained":[{"floor":8.0,"key":"SkillPotion"},{"floor":13.0,"key":"PowerPotion"},{"floor":14.0,"key":"Poison Potion"},{"floor":16.0,"key":"Poison Potion"},{"floor":21.0,"key":"FearPotion"},{"floor":25.0,"key":"FocusPotion"},{"floor":31,"key":"SteroidPotion"},{"floor":33,"key":"Energy Potion"},{"floor":35,"key":"Explosive Potion"},{"floor":38,"key":"Poison Potion"},{"floor":41,"key":"Weak Potion"}],"is_trial":false,"path_per_floor":["M","$","?","?","$","R","?","M","T","M","M","R","M","M","R","B",null,"M","$","?","M","?","R","?","E","E","T","E","R","?","R","M","R","B",null,"M","?","M","?","$","E","M","R","T","R","?","$","M","?","R","B",null],"character_chosen":"DEFECT","items_purchased":["Lantern","Capacitor","Ball Lightning","Membership Card","Pear","Sling","Molten Egg 2","Seek","Defragment","Barrage+1","Consume","Runic Capacitor"],"campfire_rested":2,"item_purchase_floors":[2,2,2,19,39,39,39,39,39,39,46,46],"current_hp_per_floor":[68,68,35,35,35,35,53,51,51,51,49,49,49,49,49,74,75,70,70,70,61,61,61,61,61,61,61,61,54,54,46,67,44,72,72,72,70,62,72,44,35,35,35,74,74,74,53,53,53,48],"gold":47,"neow_bonus":"TWO_FIFTY_GOLD","is_prod":false,"is_daily":false,"chose_seed":false,"campfire_upgraded":8,"win_rate":0,"timestamp":1543944723,"path_taken":["M","$","?","?","$","R","?","M","T","M","M","R","M","M","R","BOSS","M","$","?","M","?","R","?","E","T","E","R","?","R","M","R","BOSS","M","?","M","?","$","E","M","R","T","R","?","?","M","?","R","BOSS"],"build_version":"2018-11-15","purchased_purges":3,"victory":true,"max_hp_per_floor":[75,75,75,75,75,75,75,75,75,75,75,75,75,75,75,75,75,75,72,72,72,72,72,72,72,72,72,72,72,72,72,72,72,72,72,72,72,72,82,82,82,82,82,82,82,82,82,82,82,82],"card_choices":[{"not_picked":["Cold Snap","Beam Cell"],"picked":"Defragment","floor":1.0},{"not_picked":["Compile Driver","Gash"],"picked":"Glacier","floor":8.0},{"not_picked":["Melter","Double Energy","Beam Cell"],"picked":"SKIP","floor":10.0},{"not_picked":["Redo","Gash"],"picked":"Barrage","floor":11.0},{"not_picked":["Scrape","Reinforced Body"],"picked":"BootSequence","floor":13.0},{"not_picked":["Beam Cell","Scrape"],"picked":"Coolheaded","floor":14.0},{"not_picked":["Seek","Reboot"],"picked":"Electrodynamics","floor":16.0},{"not_picked":["Darkness","Rebound"],"picked":"Compile Driver","floor":18.0},{"not_picked":["Consume","Sweeping Beam"],"picked":"Chill","floor":21.0},{"not_picked":["Cold Snap","Go for the Eyes"],"picked":"FTL","floor":25.0},{"not_picked":["Conserve Battery","Defragment"],"picked":"Sunder","floor":27.0},{"not_picked":["Coolheaded","Streamline+1","Leap"],"picked":"SKIP","floor":31},{"not_picked":["Reboot","Multi-Cast"],"picked":"Biased Cognition","floor":33},{"not_picked":["Rip and Tear+1","Leap+1"],"picked":"Cold Snap+1","floor":35},{"not_picked":["Coolheaded+1","Beam Cell","Sweeping Beam+1"],"picked":"SKIP","floor":37},{"not_picked":["Redo","Streamline+1"],"picked":"Stack","floor":40},{"not_picked":["Hello World+1","FTL+1"],"picked":"Conserve Battery+1","floor":41},{"not_picked":["Melter+1","Rip and Tear+1","Cold Snap+1"],"picked":"SKIP","floor":47}],"player_experience":363610,"relics_obtained":[{"floor":9.0,"key":"Juzu Bracelet"},{"floor":25.0,"key":"Vajra"},{"floor":26.0,"key":"Letter Opener"},{"floor":27.0,"key":"Blue Candle"},{"floor":38,"key":"Old Coin"},{"floor":40,"key":"PreservedInsect"},{"floor":43,"key":"Regal Pillow"}],"event_choices":[{"damage_healed":0.0,"max_hp_gain":0.0,"max_hp_loss":0.0,"gold_gain":0.0,"event_name":"Scrap Ooze","player_choice":"Success","floor":3.0,"gold_loss":0.0,"damage_taken":33.0,"relics_obtained":["Pantograph"]},{"damage_healed":0.0,"max_hp_gain":0.0,"max_hp_loss":0.0,"gold_gain":0.0,"event_name":"The Cleric","player_choice":"Leave","floor":4.0,"gold_loss":0.0,"damage_taken":0.0},{"damage_healed":18.0,"max_hp_gain":0.0,"max_hp_loss":0.0,"gold_gain":0.0,"event_name":"Mushrooms","player_choice":"Healed and dodged fight","floor":7.0,"gold_loss":0.0,"damage_taken":0.0,"cards_obtained":["Parasite"]},{"damage_healed":0.0,"max_hp_gain":0.0,"max_hp_loss":0.0,"gold_gain":99.0,"event_name":"Nest","player_choice":"Stole From Cult","floor":20.0,"gold_loss":0.0,"damage_taken":0.0},{"cards_removed":["Strike_B"],"damage_healed":0.0,"max_hp_gain":0.0,"max_hp_loss":0.0,"gold_gain":0.0,"event_name":"Beggar","player_choice":"Gave Gold","floor":22.0,"gold_loss":75.0,"damage_taken":0.0},{"damage_healed":0.0,"max_hp_gain":0.0,"max_hp_loss":0.0,"gold_gain":0.0,"event_name":"Back to Basics","player_choice":"Simplicity","floor":24.0,"gold_loss":0.0,"damage_taken":0.0,"cards_upgraded":["Strike_B","Strike_B","Strike_B","Defend_B","Defend_B","Defend_B","Defend_B"]},{"damage_healed":0.0,"max_hp_gain":0.0,"max_hp_loss":0.0,"gold_gain":0.0,"event_name":"Wheel of Change","player_choice":"Damaged","floor":29.0,"gold_loss":0.0,"damage_taken":7.0},{"damage_healed":0,"gold_gain":0,"player_choice":"Ignored","damage_taken":0,"max_hp_gain":0,"max_hp_loss":0,"event_name":"Tomb of Lord Red Mask","floor":36,"gold_loss":0},{"damage_healed":0,"gold_gain":0,"player_choice":"Fight","damage_taken":0,"max_hp_gain":0,"max_hp_loss":0,"event_name":"MindBloom","floor":38,"gold_loss":0},{"cards_removed":["BootSequence"],"damage_healed":0,"gold_gain":0,"player_choice":"Removed Skill","damage_taken":0,"max_hp_gain":0,"max_hp_loss":0,"event_name":"Falling","floor":45,"gold_loss":0},{"damage_healed":0,"gold_gain":0,"player_choice":"0 cards matched","damage_taken":0,"max_hp_gain":0,"max_hp_loss":0,"event_name":"Match and Keep!","floor":48,"gold_loss":0,"cards_obtained":[]}],"is_beta":false,"boss_relics":[{"not_picked":["Cursed Key","Coffee Dripper"],"picked":"Velvet Choker"},{"not_picked":["Lizard Tail","Fusion Hammer"],"picked":"Astrolabe"}],"items_purged_floors":[2,19,39],"is_endless":false,"potions_floor_spawned":[8,13,14,16,21,25,31,33,35,38,41],"ascension_level":4}