{"gold_per_floor":[115,140,153,76,76,76,1,34,46,72,112,144,156,185,197,311,323,352,384,406,518,545,557,579,591,603,615,552,583,605,617,629,739,801,829,841,869,895,317,345,345,356,356,356,373,373,373,388,388,388,388,388,61,91,91],"floor_reached":56,"playtime":12585,"items_purged":["Pain","Strike_B","Strike_B"],"score":1336,"play_id":"a42065e3-f9d9-49bc-af47-b0915b8c0e22","local_time":"20181218233056","is_ascension_mode":false,"campfire_choices":[{"data":"Zap","floor":6.0,"key":"SMITH"},{"data":"Redo","floor":13.0,"key":"SMITH"},{"data":"FTL","floor":15.0,"key":"SMITH"},{"data":"Seek","floor":23.0,"key":"SMITH"},{"data":"Loop","floor":25.0,"key":"SMITH"},{"data":"Redo","floor":27.0,"key":"SMITH"},{"floor":32.0,"key":"REST"},{"floor":44.0,"key":"RECALL"},{"data":"Scrape","floor":47.0,"key":"SMITH"},{"floor":49.0,"key":"REST"},{"data":"Dualcast","floor":52.0,"key":"SMITH"}],"neow_cost":"NONE","seed_source_timestamp":0,"circlet_count":0,"master_deck":["Strike_B","Defend_B","Defend_B","Defend_B+1","Defend_B","Zap+1","Dualcast+1","Scrape+1","FTL+1","Redo+1","Leap","Steam","Conserve Battery","Seek+1","Redo+1","Loop+1","Cold Snap+1","Skim+1","Amplify","Gash","Gash","Gash","Steam+1","Doubt","BootSequence","Reinforced Body","Reboot","Gash"],"special_seed":0,"relics":["Cracked Core","NeowsBlessing","WarpedTongs","MawBank","Bag of Preparation","Odd Mushroom","Busted Crown","Dead Branch","Happy Flower","Tiny House","PreservedInsect","Membership Card","Potion Belt","Oddly Smooth Stone","Symbiotic Virus","Bronze Scales","Bottled Tornado"],"potions_floor_usage":[55,55,55,55],"damage_taken":[{"damage":0.0,"enemies":"Cultist","floor":1.0,"turns":1.0},{"damage":0.0,"enemies":"2 Louse","floor":3.0,"turns":1.0},{"damage":0.0,"enemies":"3 Sentries","floor":8.0,"turns":1.0},{"damage":1.0,"enemies":"Jaw Worm","floor":10.0,"turns":2.0},{"damage":7.0,"enemies":"The Mushroom Lair","floor":11.0,"turns":3.0},{"damage":2.0,"enemies":"Lots of Slimes","floor":12.0,"turns":3.0},{"damage":0.0,"enemies":"Large Slime","floor":14.0,"turns":3.0},{"damage":0.0,"enemies":"Slime Boss","floor":16.0,"turns":5.0},{"damage":0.0,"enemies":"3 Byrds","floor":18.0,"turns":4.0},{"damage":12.0,"enemies":"2 Thieves","floor":19.0,"turns":4.0},{"damage":16.0,"enemies":"Snake Plant","floor":20.0,"turns":4.0},{"damage":8.0,"enemies":"Centurion and Healer","floor":22.0,"turns":9.0},{"damage":0.0,"enemies":"3 Cultists","floor":24.0,"turns":5.0},{"damage":7.0,"enemies":"Snake Plant","floor":29.0,"turns":5.0},{"damage":10.0,"enemies":"Snecko","floor":30.0,"turns":4.0},{"damage":30.0,"enemies":"Champ","floor":33.0,"turns":20.0},{"damage":0.0,"enemies":"Orb Walker","floor":35.0,"turns":3.0},{"damage":45.0,"enemies":"3 Darklings","floor":37.0,"turns":6.0},{"damage":14.0,"enemies":"Jaw Worm Horde","floor":38.0,"turns":5.0},{"damage":0.0,"enemies":"Reptomancer","floor":40.0,"turns":6.0},{"damage":30.0,"enemies":"Maw","floor":42.0,"turns":9.0},{"damage":0.0,"enemies":"Spire Growth","floor":45.0,"turns":5.0},{"damage":0.0,"enemies":"4 Shapes","floor":48.0,"turns":5.0},{"damage":56.0,"enemies":"Donu and Deca","floor":50.0,"turns":8.0},{"damage":0,"enemies":"Shield and Spear","floor":54,"turns":5},{"damage":72,"enemies":"The Heart","floor":55,"turns":8}],"seed_played":"7368066361795183547","potions_obtained":[{"floor":3.0,"key":"Strength Potion"},{"floor":8.0,"key":"AttackPotion"},{"floor":14.0,"key":"Fire Potion"},{"floor":16.0,"key":"Energy Potion"},{"floor":18.0,"key":"Ancient Potion"},{"floor":20.0,"key":"Fruit Juice"},{"floor":22.0,"key":"Fire Potion"},{"floor":33.0,"key":"Swift Potion"},{"floor":34.0,"key":"EssenceOfSteel"},{"floor":37.0,"key":"Dexterity Potion"},{"floor":46.0,"key":"FairyPotion"},{"floor":46.0,"key":"SpeedPotion"}],"is_trial":false,"path_per_floor":["M","T","M","$","?","R","$","E","T","M","?","M","R","M","R","B",null,"M","M","M","?","M","R","M","R","T","R","?","M","M","T","R","B",null,"M","?","M","M","$","E","?","M","T","R","M","?","R","M","R","B",null,"R","$","E","B",null],"character_chosen":"DEFECT","items_purchased":["Scrape","PreservedInsect","Membership Card","Gash","Dexterity Potion","Potion Belt","GamblersBrew","Explosive Potion","Reinforced Body","Reboot","LiquidBronze","LiquidBronze","Bronze Scales","Gash"],"campfire_rested":2,"item_purchase_floors":[4,39,39,39,39,39,39,39,53,53,53,53,53,53],"current_hp_per_floor":[75,75,75,75,75,75,75,75,75,74,67,65,65,65,65,65,75,75,63,47,47,44,44,44,44,44,44,44,37,27,27,51,21,85,85,85,40,26,26,26,85,55,55,55,55,55,55,55,80,24,85,85,85,85,13],"gold":91,"neow_bonus":"THREE_ENEMY_KILL","is_prod":false,"is_daily":false,"chose_seed":false,"campfire_upgraded":8,"win_rate":0,"timestamp":1545201056,"path_taken":["M","?","M","$","?","R","$","E","T","?","?","M","R","M","R","BOSS","M","M","M","?","M","R","?","R","T","R","?","M","M","?","R","BOSS","M","?","M","M","$","E","?","M","T","R","M","?","R","M","R","BOSS","R","$","E","BOSS"],"build_version":"2018-12-13","purchased_purges":3,"victory":true,"max_hp_per_floor":[75,75,75,75,75,75,75,75,75,75,75,75,75,75,75,75,75,75,75,75,75,80,80,80,80,80,80,80,80,80,80,80,80,85,85,85,85,85,85,85,85,85,85,85,85,85,85,85,85,85,85,85,85,85,85],"card_choices":[{"not_picked":["Stack","Double Energy","Turbo"],"picked":"SKIP","floor":1.0},{"not_picked":["Rip and Tear","Fusion","Beam Cell"],"picked":"SKIP","floor":3.0},{"not_picked":["Compile Driver","Fission"],"picked":"FTL","floor":8.0},{"not_picked":["Steam","Compile Driver"],"picked":"Redo","floor":10.0},{"not_picked":["Ball Lightning","Beam Cell"],"picked":"Leap","floor":11.0},{"not_picked":["Stack","Beam Cell"],"picked":"Steam","floor":12.0},{"not_picked":["Streamline","Beam Cell"],"picked":"Conserve Battery","floor":14.0},{"not_picked":["Thunder Strike","Creative AI"],"picked":"Seek","floor":16.0},{"not_picked":[],"picked":"Redo","floor":18.0},{"not_picked":[],"picked":"Loop","floor":19.0},{"not_picked":["Static Discharge"],"picked":"SKIP","floor":20.0},{"not_picked":[],"picked":"Cold Snap+1","floor":22.0},{"not_picked":["Rebound"],"picked":"SKIP","floor":24.0},{"not_picked":[],"picked":"Skim+1","floor":29.0},{"not_picked":["Double Energy"],"picked":"SKIP","floor":30.0},{"not_picked":[],"picked":"Amplify","floor":33.0},{"not_picked":[],"picked":"Gash","floor":34.0},{"not_picked":[],"picked":"Gash","floor":35.0},{"not_picked":["Sweeping Beam"],"picked":"SKIP","floor":37.0},{"not_picked":["Barrage+1"],"picked":"SKIP","floor":38.0},{"not_picked":[],"picked":"Steam+1","floor":40.0},{"not_picked":[],"picked":"BootSequence","floor":42.0},{"not_picked":["Ball Lightning+1"],"picked":"SKIP","floor":45.0},{"not_picked":["Ball Lightning+1"],"picked":"SKIP","floor":48.0},{"not_picked":["Self Repair"],"picked":"SKIP","floor":54}],"player_experience":1513045,"relics_obtained":[{"floor":8.0,"key":"MawBank"},{"floor":9.0,"key":"Bag of Preparation"},{"floor":11.0,"key":"Odd Mushroom"},{"floor":26.0,"key":"Dead Branch"},{"floor":31.0,"key":"Happy Flower"},{"floor":40.0,"key":"Oddly Smooth Stone"},{"floor":43.0,"key":"Symbiotic Virus"},{"floor":54,"key":"Bottled Tornado"}],"event_choices":[{"damage_healed":0.0,"max_hp_gain":0.0,"max_hp_loss":0.0,"gold_gain":0.0,"event_name":"Accursed Blacksmith","player_choice":"Rummage","floor":5.0,"gold_loss":0.0,"damage_taken":0.0,"relics_obtained":["WarpedTongs"],"cards_obtained":["Pain"]},{"damage_healed":0.0,"max_hp_gain":0.0,"max_hp_loss":0.0,"gold_gain":0.0,"event_name":"Mushrooms","player_choice":"Fought Mushrooms","floor":11.0,"gold_loss":0.0,"damage_taken":0.0},{"damage_healed":0.0,"max_hp_gain":0.0,"max_hp_loss":0.0,"gold_gain":100.0,"event_name":"Golden Shrine","player_choice":"Pray","floor":21.0,"gold_loss":0.0,"damage_taken":0.0},{"cards_removed":["Strike_B"],"damage_healed":0.0,"max_hp_gain":0.0,"max_hp_loss":0.0,"gold_gain":0.0,"event_name":"Beggar","player_choice":"Gave Gold","floor":28.0,"gold_loss":75.0,"damage_taken":0.0},{"damage_healed":0.0,"max_hp_gain":0.0,"max_hp_loss":0.0,"gold_gain":0.0,"event_name":"Tomb of Lord Red Mask","player_choice":"Ignored","floor":36.0,"gold_loss":0.0,"damage_taken":0.0},{"damage_healed":59.0,"max_hp_gain":0.0,"max_hp_loss":0.0,"gold_gain":0.0,"event_name":"MindBloom","player_choice":"Heal","floor":41.0,"gold_loss":0.0,"damage_taken":0.0,"cards_obtained":["Doubt"]},{"damage_healed":0.0,"max_hp_gain":0.0,"max_hp_loss":0.0,"gold_gain":0.0,"event_name":"Lab","player_choice":"Got Potions","floor":46.0,"gold_loss":0.0,"damage_taken":0.0}],"is_beta":false,"boss_relics":[{"not_picked":["Fusion Hammer","Coffee Dripper"],"picked":"Busted Crown"},{"not_picked":["Philosopher\u0027s Stone","Empty Cage"],"picked":"Tiny House"}],"items_purged_floors":[7,39,53],"is_endless":false,"potions_floor_spawned":[3,8,14,16,18,20,22,33,37,48],"ascension_level":0}