{"gold_per_floor":[112,112,112,112,123,155,155,166,215,250,269,269,294,304,304,304],"floor_reached":16,"playtime":4880,"items_purged":[],"score":174,"play_id":"1dddee71-fdb9-48cc-b768-7d989e7d941e","local_time":"20190114201710","is_ascension_mode":true,"campfire_choices":[{"data":"Glass Knife","floor":7,"key":"SMITH"},{"floor":12,"key":"REST"},{"data":"Leg Sweep","floor":15,"key":"SMITH"}],"neow_cost":"NONE","seed_source_timestamp":630910731854399,"circlet_count":0,"master_deck":["Defend_G","Defend_G","Defend_G","Defend_G","Defend_G","Strike_G","Strike_G","Strike_G","Strike_G","Strike_G","Survivor","Neutralize+1","PiercingWail","Expertise","Glass Knife+1","Leg Sweep+1","Backflip"],"relics":["Ring of the Snake","NeowsBlessing","Centennial Puzzle","PreservedInsect","Smiling Mask","Regal Pillow"],"potions_floor_usage":[16],"damage_taken":[{"damage":0,"enemies":"Small Slimes","floor":1,"turns":1},{"damage":0,"enemies":"Jaw Worm","floor":5,"turns":1},{"damage":0,"enemies":"Lagavulin","floor":6,"turns":1},{"damage":0,"enemies":"Cultist","floor":8,"turns":3},{"damage":8,"enemies":"Gremlin Nob","floor":10,"turns":3},{"damage":7,"enemies":"Gremlin Gang","floor":11,"turns":7},{"damage":16,"enemies":"3 Sentries","floor":13,"turns":8},{"damage":0,"enemies":"3 Louse","floor":14,"turns":4},{"damage":54,"enemies":"The Guardian","floor":16,"turns":18}],"seed_played":"5246986068308212342","potions_obtained":[{"floor":5,"key":"LiquidBronze"},{"floor":10,"key":"Ancient Potion"}],"is_trial":false,"path_per_floor":["M","?","?","?","M","E","R","M","T","E","M","R","E","M","R","B"],"character_chosen":"THE_SILENT","items_purchased":[],"campfire_rested":1,"item_purchase_floors":[],"current_hp_per_floor":[70,70,70,58,58,58,58,58,58,50,43,64,48,48,48,0],"gold":304,"neow_bonus":"THREE_ENEMY_KILL","is_prod":false,"is_daily":false,"chose_seed":false,"campfire_upgraded":2,"win_rate":0,"timestamp":1547522230,"path_taken":["M","?","?","?","M","E","R","M","T","E","?","R","E","M","R","BOSS"],"build_version":"2019-01-10","purchased_purges":0,"victory":false,"max_hp_per_floor":[70,70,70,70,70,70,70,70,70,70,70,70,70,70,70,70],"card_choices":[{"not_picked":["Outmaneuver","Dodge and Roll"],"picked":"PiercingWail","floor":1},{"not_picked":["Acrobatics","Calculated Gamble"],"picked":"Expertise","floor":5},{"not_picked":["Poisoned Stab","Deflect"],"picked":"Glass Knife","floor":6},{"not_picked":["Quick Slash","Blade Dance","Dagger Throw"],"picked":"SKIP","floor":8},{"not_picked":["All Out Attack","Grand Finale"],"picked":"Leg Sweep","floor":10},{"not_picked":["Crippling Poison","Caltrops","Prepared"],"picked":"SKIP","floor":11},{"not_picked":["Deflect","Eviscerate","Accuracy"],"picked":"SKIP","floor":13},{"not_picked":["Deadly Poison","Poisoned Stab"],"picked":"Backflip","floor":14}],"player_experience":1720095,"relics_obtained":[{"floor":6,"key":"Centennial Puzzle"},{"floor":9,"key":"PreservedInsect"},{"floor":10,"key":"Smiling Mask"},{"floor":13,"key":"Regal Pillow"}],"event_choices":[{"damage_healed":0,"gold_gain":0,"player_choice":"Ignored","damage_taken":0,"max_hp_gain":0,"max_hp_loss":0,"event_name":"Liars Game","floor":2,"gold_loss":0},{"damage_healed":0,"gold_gain":0,"player_choice":"Grow","damage_taken":0,"max_hp_gain":0,"max_hp_loss":0,"event_name":"Living Wall","floor":3,"gold_loss":0,"cards_upgraded":["Neutralize"]},{"damage_healed":0,"gold_gain":0,"player_choice":"Fled","damage_taken":12,"max_hp_gain":0,"max_hp_loss":0,"event_name":"Scrap Ooze","floor":4,"gold_loss":0}],"is_beta":false,"boss_relics":[],"items_purged_floors":[],"is_endless":false,"potions_floor_spawned":[5,10],"killed_by":"The Guardian","ascension_level":4}