{"gold_per_floor":[111,124,124,138,16,16,42,42,67,81,81,94,107,120,120,222,222,234,333,273,273],"floor_reached":21,"playtime":1382,"items_purged":["Strike_R"],"score":181,"play_id":"2d616461-551e-4d83-b937-9a43aa366ac4","local_time":"20190418160357","is_ascension_mode":false,"campfire_choices":[{"data":"True Grit","floor":6,"key":"SMITH"},{"data":"Pommel Strike","floor":11,"key":"SMITH"},{"data":"Pommel Strike","floor":15,"key":"SMITH"}],"neow_cost":"NONE","seed_source_timestamp":191381709259010,"circlet_count":0,"master_deck":["Bash","True Grit+1","Pommel Strike+1","Pommel Strike+1","Warcry","Iron Wave","Armaments","Juggernaut","Feed","Pummel","Spot Weakness","Reaper","Barricade","Pommel Strike","Immolate","Fire Breathing","Carnage","Armaments+1","Heavy Blade"],"relics":["Burning Blood","Smiling Mask","Oddly Smooth Stone","Orichalcum","Pandora\u0027s Box"],"potions_floor_usage":[12,16],"damage_taken":[{"damage":4,"enemies":"Cultist","floor":1,"turns":4},{"damage":2,"enemies":"Small Slimes","floor":2,"turns":4},{"damage":0,"enemies":"2 Louse","floor":4,"turns":4},{"damage":38,"enemies":"3 Sentries","floor":7,"turns":11},{"damage":7,"enemies":"2 Fungi Beasts","floor":10,"turns":4},{"damage":9,"enemies":"Exordium Thugs","floor":12,"turns":5},{"damage":0,"enemies":"Blue Slaver","floor":13,"turns":3},{"damage":6,"enemies":"Large Slime","floor":14,"turns":7},{"damage":20,"enemies":"The Guardian","floor":16,"turns":13},{"damage":64,"enemies":"3 Byrds","floor":18,"turns":8},{"damage":28,"enemies":"2 Thieves","floor":20,"turns":4},{"damage":42,"enemies":"Snake Plant","floor":21,"turns":5}],"seed_played":"987166839944515687","potions_obtained":[{"floor":1,"key":"Weak Potion"},{"floor":13,"key":"Dexterity Potion"},{"floor":14,"key":"FairyPotion"}],"is_trial":false,"path_per_floor":["M","M","?","M","$","R","E","?","T","M","R","M","M","M","R","B",null,"M","?","M","M"],"character_chosen":"IRONCLAD","items_purchased":["Pommel Strike","Warcry"],"campfire_rested":0,"item_purchase_floors":[5,5],"current_hp_per_floor":[88,88,70,76,76,76,44,26,26,25,25,22,28,28,28,14,88,33,33,21,0],"gold":273,"neow_bonus":"TEN_PERCENT_HP_BONUS","is_prod":false,"is_daily":false,"chose_seed":false,"campfire_upgraded":3,"win_rate":0,"timestamp":1555574637,"path_taken":["M","M","?","M","$","R","E","?","T","M","R","M","M","M","R","BOSS","M","?","M","M"],"build_version":"2019-01-23","purchased_purges":1,"victory":false,"max_hp_per_floor":[88,88,88,88,88,88,88,88,88,88,88,88,88,88,88,88,88,91,91,91,91],"card_choices":[{"not_picked":["Second Wind","Ghostly Armor","Uppercut"],"picked":"SKIP","floor":1},{"not_picked":["Ghostly Armor","Thunderclap"],"picked":"True Grit","floor":2},{"not_picked":["Shrug It Off","Infernal Blade"],"picked":"Pommel Strike","floor":4},{"not_picked":["Headbutt","Double Tap","Blood for Blood"],"picked":"SKIP","floor":7},{"not_picked":["Heavy Blade","Havoc"],"picked":"Iron Wave","floor":10},{"not_picked":["Inflame","Clothesline"],"picked":"Armaments","floor":12},{"not_picked":["Shrug It Off","Havoc"],"picked":"Juggernaut","floor":13},{"not_picked":["Corruption","Burning Pact","Sever Soul"],"picked":"SKIP","floor":14},{"not_picked":["Immolate","Exhume"],"picked":"Feed","floor":16},{"not_picked":["Iron Wave","Havoc"],"picked":"Armaments+1","floor":18},{"not_picked":["Pommel Strike","Feel No Pain"],"picked":"Heavy Blade","floor":20}],"player_experience":62773,"relics_obtained":[{"floor":7,"key":"Oddly Smooth Stone"},{"floor":9,"key":"Orichalcum"}],"event_choices":[{"damage_healed":0,"gold_gain":0,"player_choice":"Success","damage_taken":18,"relics_obtained":["Smiling Mask"],"max_hp_gain":0,"max_hp_loss":0,"event_name":"Scrap Ooze","floor":3,"gold_loss":0},{"damage_healed":0,"gold_gain":0,"player_choice":"Entered Light","damage_taken":18,"max_hp_gain":0,"max_hp_loss":0,"event_name":"Shining Light","floor":8,"gold_loss":0,"cards_upgraded":["Strike_R","Strike_R"]},{"damage_healed":0,"gold_gain":99,"player_choice":"Stole From Cult","damage_taken":0,"max_hp_gain":0,"max_hp_loss":0,"event_name":"Nest","floor":19,"gold_loss":0}],"is_beta":false,"boss_relics":[{"not_picked":["Mark of Pain","Empty Cage"],"picked":"Pandora\u0027s Box"}],"items_purged_floors":[5],"is_endless":false,"potions_floor_spawned":[1,13,14],"killed_by":"Snake Plant","ascension_level":0}