{"gold_per_floor":[148,161,177,194,207,207,240,258,258,258,271,281,306,50,50,149,149,168,194,294,308,17,17,28,28,28,28,43,43,43,60,60,162,162,182,194,209,226,4,4,22,22,22,22,22,38,57,75,75,75],"floor_reached":50,"playtime":4507,"items_purged":["Defend_B"],"score":640,"play_id":"be4a3c93-7422-4d76-9c0e-ebce41226c4c","local_time":"20181205171705","is_ascension_mode":true,"campfire_choices":[{"data":"Barrage","floor":6.0,"key":"SMITH"},{"floor":15.0,"key":"REST"},{"floor":23.0,"key":"REST"},{"floor":25.0,"key":"REST"},{"data":"Defragment","floor":29.0,"key":"SMITH"},{"data":"Capacitor","floor":32.0,"key":"SMITH"},{"data":"Ball Lightning","floor":40.0,"key":"SMITH"},{"floor":42.0,"key":"REST"},{"data":"Dualcast","floor":45.0,"key":"SMITH"},{"floor":49.0,"key":"REST"}],"neow_cost":"NONE","seed_source_timestamp":0,"circlet_count":0,"master_deck":["Strike_B","Strike_B","Strike_B","Strike_B","Defend_B","Zap","Dualcast+1","FTL","Steam","Barrage+1","Ball Lightning+1","BootSequence","Core Surge","Stack","Defragment","Glacier","Defragment+1","Electrodynamics","Conserve Battery","Capacitor+1","Leap","Conserve Battery","Chill","Capacitor+1","FTL","Hologram+1","Seek","Cold Snap+1","Self Repair+1","Parasite","Madness","Madness","Barrage"],"special_seed":0,"relics":["FrozenCore","Tiny Chest","Blood Vial","Matryoshka","Happy Flower","Cables","Red Mask","Ginger","Frozen Egg 2","Bottled Tornado","Bronze Scales","Ancient Tea Set","Sundial","Regal Pillow","Empty Cage","Lantern","Mercury Hourglass"],"potions_floor_usage":[50,50],"damage_taken":[{"damage":2.0,"enemies":"Jaw Worm","floor":1.0,"turns":3.0},{"damage":0.0,"enemies":"2 Louse","floor":2.0,"turns":2.0},{"damage":0.0,"enemies":"Small Slimes","floor":3.0,"turns":2.0},{"damage":15.0,"enemies":"3 Louse","floor":4.0,"turns":3.0},{"damage":5.0,"enemies":"Blue Slaver","floor":5.0,"turns":3.0},{"damage":8.0,"enemies":"Gremlin Nob","floor":7.0,"turns":3.0},{"damage":0.0,"enemies":"2 Fungi Beasts","floor":8.0,"turns":2.0},{"damage":0.0,"enemies":"3 Louse","floor":11.0,"turns":2.0},{"damage":3.0,"enemies":"Large Slime","floor":12.0,"turns":4.0},{"damage":6.0,"enemies":"3 Sentries","floor":13.0,"turns":6.0},{"damage":22.0,"enemies":"Slime Boss","floor":16.0,"turns":8.0},{"damage":0.0,"enemies":"Shell Parasite","floor":18.0,"turns":6.0},{"damage":8.0,"enemies":"Masked Bandits","floor":19.0,"turns":5.0},{"damage":23.0,"enemies":"Colosseum Slavers","floor":20.0,"turns":5.0},{"damage":33.0,"enemies":"Colosseum Nobs","floor":20.0,"turns":6.0},{"damage":0.0,"enemies":"Chosen","floor":21.0,"turns":5.0},{"damage":2.0,"enemies":"Centurion and Healer","floor":24.0,"turns":7.0},{"damage":1.0,"enemies":"Chosen and Byrds","floor":28.0,"turns":4.0},{"damage":10.0,"enemies":"Shelled Parasite and Fungi","floor":31.0,"turns":4.0},{"damage":0.0,"enemies":"Champ","floor":33.0,"turns":11.0},{"damage":0.0,"enemies":"3 Darklings","floor":35.0,"turns":4.0},{"damage":6.0,"enemies":"Orb Walker","floor":36.0,"turns":3.0},{"damage":0.0,"enemies":"Writhing Mass","floor":37.0,"turns":8.0},{"damage":3.0,"enemies":"Maw","floor":38.0,"turns":7.0},{"damage":38.0,"enemies":"Transient","floor":41.0,"turns":5.0},{"damage":23.0,"enemies":"Spire Growth","floor":46.0,"turns":4.0},{"damage":39.0,"enemies":"3 Darklings","floor":47.0,"turns":3.0},{"damage":3.0,"enemies":"Jaw Worm Horde","floor":48.0,"turns":6.0},{"damage":66,"enemies":"Awakened One","floor":50,"turns":9}],"seed_played":"5932134566399319673","potions_obtained":[{"floor":1.0,"key":"Explosive Potion"},{"floor":5.0,"key":"AttackPotion"},{"floor":11.0,"key":"Poison Potion"},{"floor":12.0,"key":"Weak Potion"},{"floor":16.0,"key":"Block Potion"},{"floor":19.0,"key":"LiquidBronze"},{"floor":21.0,"key":"SkillPotion"},{"floor":31.0,"key":"Block Potion"},{"floor":35.0,"key":"LiquidBronze"},{"floor":37.0,"key":"Poison Potion"},{"floor":38.0,"key":"Dexterity Potion"},{"floor":46.0,"key":"Energy Potion"}],"is_trial":false,"path_per_floor":["M","M","M","M","M","R","E","M","T","?","M","M","E","$","R","B",null,"M","?","?","M","$","R","M","R","T","?","M","R","T","M","R","B",null,"M","M","M","M","$","R","M","R","T","?","R","M","M","M","R","B"],"character_chosen":"DEFECT","items_purchased":["Cables","Bottled Tornado","Chill","Lantern"],"campfire_rested":5,"item_purchase_floors":[14,22,22,39],"current_hp_per_floor":[73,73,73,58,53,53,45,47,47,47,49,48,44,44,66,46,68,70,64,12,14,14,36,36,58,58,58,59,59,59,51,51,53,70,72,68,75,75,75,75,37,74,74,65,65,54,17,26,63,0],"gold":75,"neow_bonus":"RANDOM_COMMON_RELIC","is_prod":false,"is_daily":false,"chose_seed":false,"campfire_upgraded":5,"win_rate":0,"timestamp":1544048225,"path_taken":["M","M","M","M","M","R","E","M","T","?","M","M","E","$","R","BOSS","M","?","?","M","$","R","M","R","T","?","M","R","?","M","R","BOSS","M","M","M","M","$","R","M","R","T","?","R","M","M","M","R","BOSS"],"build_version":"2018-11-15","purchased_purges":1,"victory":false,"max_hp_per_floor":[75,75,75,75,75,75,75,75,75,75,75,75,75,75,75,75,75,75,75,75,75,75,75,75,75,75,75,75,75,75,75,75,75,75,75,75,75,75,75,75,75,75,75,75,75,75,75,75,75,75],"card_choices":[{"not_picked":["Reprogram","Beam Cell"],"picked":"FTL","floor":1.0},{"not_picked":["Aggregate","Hologram"],"picked":"Steam","floor":2.0},{"not_picked":["Darkness","Thunder Strike"],"picked":"Barrage","floor":3.0},{"not_picked":["Steam","Blizzard"],"picked":"Ball Lightning","floor":4.0},{"not_picked":["Compile Driver","Streamline"],"picked":"BootSequence","floor":5.0},{"not_picked":["Lockon","Cold Snap"],"picked":"Core Surge","floor":7.0},{"not_picked":["Melter","Steam"],"picked":"Stack","floor":8.0},{"not_picked":["Self Repair","Streamline"],"picked":"Defragment","floor":11.0},{"not_picked":["Sunder","Doom and Gloom"],"picked":"Glacier","floor":12.0},{"not_picked":["Tempest","Rebound"],"picked":"Defragment","floor":13.0},{"not_picked":["Seek","Thunder Strike"],"picked":"Electrodynamics","floor":16.0},{"not_picked":["Steam","Scrape+1"],"picked":"Conserve Battery","floor":18.0},{"not_picked":["Rebound","Go for the Eyes"],"picked":"Capacitor","floor":19.0},{"not_picked":["Lockon","Stack"],"picked":"Leap","floor":20.0},{"not_picked":["Steam","Skim"],"picked":"Conserve Battery","floor":21.0},{"not_picked":["Reinforced Body","Steam"],"picked":"Capacitor+1","floor":24.0},{"not_picked":["Capacitor+1","Rebound+1"],"picked":"Hologram+1","floor":28.0},{"not_picked":["Sweeping Beam","Rebound","Capacitor+1"],"picked":"SKIP","floor":31.0},{"not_picked":["Fission","Thunder Strike"],"picked":"Seek","floor":33.0},{"not_picked":["Hologram+1","Gash+1"],"picked":"Cold Snap+1","floor":35.0},{"not_picked":["Redo","Steam+1"],"picked":"Self Repair+1","floor":36.0},{"not_picked":["Storm+1","Steam+1","Reinforced Body+1"],"picked":"SKIP","floor":37.0},{"not_picked":["Hologram+1","Conserve Battery+1","Leap+1"],"picked":"SKIP","floor":38.0},{"not_picked":["Beam Cell","Turbo+1","Steam+1"],"picked":"SKIP","floor":41.0},{"not_picked":["Redo","Rainbow","Steam+1"],"picked":"SKIP","floor":46.0},{"not_picked":["Cold Snap","Rebound","Melter+1"],"picked":"SKIP","floor":47.0},{"not_picked":["Aggregate+1","Gash+1"],"picked":"Barrage","floor":48.0}],"player_experience":367560,"relics_obtained":[{"floor":7.0,"key":"Blood Vial"},{"floor":9.0,"key":"Matryoshka"},{"floor":13.0,"key":"Happy Flower"},{"floor":19.0,"key":"Red Mask"},{"floor":20.0,"key":"Ginger"},{"floor":20.0,"key":"Frozen Egg 2"},{"floor":26.0,"key":"Bronze Scales"},{"floor":26.0,"key":"Ancient Tea Set"},{"floor":30.0,"key":"Sundial"},{"floor":30.0,"key":"Regal Pillow"},{"floor":43.0,"key":"Mercury Hourglass"}],"event_choices":[{"damage_healed":0.0,"max_hp_gain":0.0,"max_hp_loss":0.0,"gold_gain":0.0,"event_name":"Liars Game","player_choice":"Ignored","floor":10.0,"gold_loss":0.0,"damage_taken":0.0},{"damage_healed":0.0,"max_hp_gain":0.0,"max_hp_loss":0.0,"gold_gain":0.0,"event_name":"Masked Bandits","player_choice":"Fought Bandits","floor":19.0,"gold_loss":0.0,"damage_taken":0.0},{"damage_healed":0.0,"max_hp_gain":0.0,"max_hp_loss":0.0,"gold_gain":0.0,"event_name":"Colosseum","player_choice":"Fight","floor":20.0,"gold_loss":0.0,"damage_taken":0.0},{"damage_healed":0.0,"max_hp_gain":0.0,"max_hp_loss":0.0,"gold_gain":0.0,"event_name":"Colosseum","player_choice":"Fought Nobs","floor":20.0,"gold_loss":0.0,"damage_taken":0.0},{"damage_healed":0.0,"max_hp_gain":0.0,"max_hp_loss":0.0,"gold_gain":0.0,"event_name":"The Library","player_choice":"Read","floor":27.0,"gold_loss":0.0,"damage_taken":0.0,"cards_obtained":["FTL"]},{"damage_healed":0.0,"max_hp_gain":0.0,"max_hp_loss":0.0,"gold_gain":0.0,"event_name":"Winding Halls","player_choice":"Embrace Madness","floor":44.0,"gold_loss":0.0,"damage_taken":9.0,"cards_obtained":["Madness","Madness"]}],"is_beta":false,"boss_relics":[{"not_picked":["Coffee Dripper","Runic Dome"],"picked":"FrozenCore"},{"not_picked":["White Beast Statue","Eternal Feather"],"picked":"Empty Cage"}],"items_purged_floors":[39],"is_endless":false,"potions_floor_spawned":[1,5,11,12,16,18,19,20,21,31,35,37,38,46],"killed_by":"Awakened One","ascension_level":5}