{"gold_per_floor":[116,116,79,79,4,4,23,353,353,353,39,39,39,61,61,163,163,174,174,194,119,134,134,134,163,163,163,191,91,91,91,91,196,196,208,224,224,243,260,260,285,285,285,285,285,285,87,87,87,87],"floor_reached":51,"playtime":3687,"items_purged":["Regret","Pain","Decay"],"score":892,"play_id":"1ded9ffb-3d8b-405a-8091-9cf866b1d268","local_time":"20190723190201","is_ascension_mode":true,"campfire_choices":[{"data":"Headbutt","floor":6,"key":"SMITH"},{"data":"Immolate","floor":10,"key":"SMITH"},{"data":"Spot Weakness","floor":12,"key":"SMITH"},{"data":"Bash","floor":15,"key":"SMITH"},{"data":"Barricade","floor":23,"key":"SMITH"},{"data":"True Grit","floor":27,"key":"SMITH"},{"data":"Intimidate","floor":30,"key":"SMITH"},{"data":"Metallicize","floor":32,"key":"SMITH"},{"data":"Battle Trance","floor":40,"key":"SMITH"},{"data":"Pummel","floor":42,"key":"SMITH"},{"data":"Impervious","floor":44,"key":"SMITH"},{"floor":49,"key":"RECALL"}],"neow_cost":"NONE","seed_source_timestamp":5197451080809866,"circlet_count":0,"master_deck":["Strike_R+1","Strike_R+1","Strike_R+1","Strike_R+1","Defend_R+1","Defend_R+1","Defend_R+1","Bash+1","Headbutt+1","Spot Weakness+1","Iron Wave+1","Intimidate+1","Immolate+1","Pummel+1","Shrug It Off+1","Battle Trance+1","Pummel+1","Barricade+1","Uppercut+1","Metallicize+1","True Grit+1","Havoc+1","Pummel+1","Impervious+1","Flame Barrier+1","Feel No Pain+1"],"relics":["Burning Blood","NeowsBlessing","Prayer Wheel","Old Coin","Strawberry","Juzu Bracelet","Letter Opener","Odd Mushroom","Cursed Key","Pantograph","WarpedTongs","Singing Bowl","Gremlin Horn","White Beast Statue","Dream Catcher","Mark of the Bloom"],"potions_floor_usage":[16,16,18,20,25,25,28,33,39,39,50,50,50],"damage_taken":[{"damage":0,"enemies":"Jaw Worm","floor":1,"turns":1},{"damage":0,"enemies":"Cultist","floor":7,"turns":1},{"damage":0,"enemies":"Gremlin Nob","floor":8,"turns":1},{"damage":7,"enemies":"The Mushroom Lair","floor":14,"turns":2},{"damage":58,"enemies":"Hexaghost","floor":16,"turns":9},{"damage":1,"enemies":"3 Byrds","floor":18,"turns":3},{"damage":8,"enemies":"Chosen","floor":20,"turns":3},{"damage":11,"enemies":"Centurion and Healer","floor":22,"turns":3},{"damage":21,"enemies":"Book of Stabbing","floor":25,"turns":5},{"damage":11,"enemies":"Gremlin Leader","floor":28,"turns":6},{"damage":15,"enemies":"Collector","floor":33,"turns":7},{"damage":14,"enemies":"Orb Walker","floor":35,"turns":5},{"damage":0,"enemies":"3 Shapes","floor":36,"turns":5},{"damage":19,"enemies":"Jaw Worm Horde","floor":38,"turns":3},{"damage":9,"enemies":"3 Darklings","floor":39,"turns":5},{"damage":33,"enemies":"Time Eater","floor":50,"turns":14}],"seed_played":"-6021694908957713927","potions_obtained":[{"floor":2,"key":"SkillPotion"},{"floor":2,"key":"FairyPotion"},{"floor":2,"key":"Fire Potion"},{"floor":7,"key":"GamblersBrew"},{"floor":8,"key":"Energy Potion"},{"floor":16,"key":"Ancient Potion"},{"floor":18,"key":"LiquidBronze"},{"floor":20,"key":"Weak Potion"},{"floor":25,"key":"PowerPotion"},{"floor":28,"key":"FearPotion"},{"floor":35,"key":"Ancient Potion"},{"floor":36,"key":"Weak Potion"},{"floor":38,"key":"AttackPotion"},{"floor":39,"key":"Regen Potion"}],"is_trial":false,"path_per_floor":["M","?","$","?","$","R","M","E","T","R","$","R","?","?","R","B",null,"M","?","M","?","M","R","?","E","T","R","E","$","R","?","R","B",null,"M","M","?","M","M","R","T","R","T","R","?","?","$","?","R","B",null],"character_chosen":"IRONCLAD","items_purchased":["Spot Weakness","Juzu Bracelet","Pummel","Shrug It Off","Battle Trance","LiquidBronze"],"campfire_rested":0,"item_purchase_floors":[3,11,11,11,11,47],"current_hp_per_floor":[78,78,78,78,78,78,80,80,87,87,87,87,80,79,79,27,72,77,77,75,75,70,70,70,57,57,57,52,52,52,52,52,68,84,80,88,88,77,78,78,78,78,78,78,78,78,78,78,78,45],"gold":87,"neow_bonus":"THREE_ENEMY_KILL","is_prod":false,"is_daily":false,"chose_seed":false,"campfire_upgraded":11,"win_rate":0,"timestamp":1563930121,"path_taken":["M","?","?","?","?","R","?","E","T","R","$","R","?","?","R","BOSS","M","?","M","?","M","R","?","E","T","R","E","$","R","?","R","BOSS","M","M","?","M","M","R","?","R","T","R","?","?","$","?","R","BOSS"],"build_version":"2019-07-17","purchased_purges":3,"victory":true,"max_hp_per_floor":[80,80,80,80,80,80,80,80,87,87,87,87,87,87,87,87,87,87,87,87,87,87,87,87,89,89,89,89,89,89,89,89,89,89,93,95,95,97,101,101,101,101,101,101,96,96,96,96,96,96],"card_choices":[{"not_picked":["Flex","Twin Strike"],"picked":"Headbutt","floor":1},{"not_picked":["Spot Weakness","Armaments"],"picked":"Iron Wave","floor":7},{"not_picked":["Iron Wave","Dropkick"],"picked":"Intimidate","floor":7},{"not_picked":["Corruption","Rupture"],"picked":"Immolate","floor":8},{"not_picked":["Pommel Strike","Perfected Strike"],"picked":"Pummel","floor":14},{"not_picked":["Juggernaut","Impervious"],"picked":"Barricade","floor":16},{"not_picked":["Perfected Strike","Sword Boomerang+1"],"picked":"Uppercut+1","floor":18},{"not_picked":["Perfected Strike","Armaments"],"picked":"Metallicize","floor":18},{"not_picked":["Havoc","Clothesline"],"picked":"True Grit","floor":20},{"not_picked":["Twin Strike+1","Power Through","Pommel Strike"],"picked":"SKIP","floor":20},{"not_picked":["Headbutt","Burning Pact"],"picked":"Havoc+1","floor":22},{"not_picked":["Headbutt+1","Sword Boomerang","Dark Embrace"],"picked":"SKIP","floor":22},{"not_picked":["Wild Strike","Iron Wave+1","Flex"],"picked":"Singing Bowl","floor":25},{"not_picked":["Wild Strike","Havoc"],"picked":"Pummel+1","floor":28},{"not_picked":["Juggernaut","Exhume"],"picked":"Impervious","floor":33},{"not_picked":["Rampage","Cleave","Perfected Strike"],"picked":"Singing Bowl","floor":35},{"not_picked":["Warcry+1","Twin Strike","Clash"],"picked":"Singing Bowl","floor":35},{"not_picked":["Combust+1","Hemokinesis"],"picked":"Flame Barrier","floor":36},{"not_picked":["Seeing Red+1","Perfected Strike+1","Iron Wave"],"picked":"Singing Bowl","floor":36},{"not_picked":["Thunderclap+1","Pommel Strike","Clothesline+1"],"picked":"Singing Bowl","floor":38},{"not_picked":["True Grit","Anger+1"],"picked":"Feel No Pain+1","floor":38},{"not_picked":["Clothesline+1","Reckless Charge+1","Shockwave"],"picked":"Singing Bowl","floor":39},{"not_picked":["Armaments","Dark Embrace","Dropkick"],"picked":"Singing Bowl","floor":39}],"player_experience":1978557,"relics_obtained":[{"floor":8,"key":"Old Coin"},{"floor":9,"key":"Strawberry"},{"floor":14,"key":"Odd Mushroom"},{"floor":25,"key":"Singing Bowl"},{"floor":28,"key":"Gremlin Horn"},{"floor":41,"key":"Dream Catcher"}],"event_choices":[{"damage_healed":0,"gold_gain":0,"player_choice":"Got Potions","damage_taken":0,"max_hp_gain":0,"max_hp_loss":0,"event_name":"Lab","floor":2,"gold_loss":0},{"damage_healed":0,"gold_gain":0,"player_choice":"Box","damage_taken":0,"relics_obtained":["Prayer Wheel"],"max_hp_gain":0,"max_hp_loss":0,"event_name":"Big Fish","floor":4,"gold_loss":0,"cards_obtained":["Regret"]},{"damage_healed":0,"gold_gain":0,"player_choice":"Success","damage_taken":7,"relics_obtained":["Letter Opener"],"max_hp_gain":0,"max_hp_loss":0,"event_name":"Scrap Ooze","floor":13,"gold_loss":0},{"damage_healed":0,"gold_gain":0,"player_choice":"Fought Mushrooms","damage_taken":0,"max_hp_gain":0,"max_hp_loss":0,"event_name":"Mushrooms","floor":14,"gold_loss":0},{"damage_healed":0,"gold_gain":0,"player_choice":"Opened","damage_taken":0,"relics_obtained":["Pantograph"],"max_hp_gain":0,"max_hp_loss":0,"event_name":"The Mausoleum","floor":19,"gold_loss":0},{"cards_removed":["Strike_R"],"damage_healed":0,"gold_gain":0,"player_choice":"Gave Gold","damage_taken":0,"max_hp_gain":0,"max_hp_loss":0,"event_name":"Beggar","floor":21,"gold_loss":75},{"damage_healed":0,"gold_gain":0,"player_choice":"Rummage","damage_taken":0,"relics_obtained":["WarpedTongs"],"max_hp_gain":0,"max_hp_loss":0,"event_name":"Accursed Blacksmith","floor":24,"gold_loss":0,"cards_obtained":["Pain"]},{"damage_healed":0,"gold_gain":0,"player_choice":"0 cards matched","damage_taken":0,"max_hp_gain":0,"max_hp_loss":0,"event_name":"Match and Keep!","floor":31,"gold_loss":0,"cards_obtained":[]},{"cards_removed":["Defend_R"],"damage_healed":0,"gold_gain":0,"player_choice":"Removed Skill","damage_taken":0,"max_hp_gain":0,"max_hp_loss":0,"event_name":"Falling","floor":37,"gold_loss":0},{"damage_healed":0,"gold_gain":0,"player_choice":"Max HP","damage_taken":0,"max_hp_gain":0,"max_hp_loss":5,"event_name":"Winding Halls","floor":45,"gold_loss":0},{"damage_healed":0,"gold_gain":0,"player_choice":"Ignored","damage_taken":0,"max_hp_gain":0,"max_hp_loss":0,"event_name":"Tomb of Lord Red Mask","floor":46,"gold_loss":0},{"damage_healed":0,"gold_gain":0,"player_choice":"Upgrade","damage_taken":0,"relics_obtained":["Mark of the Bloom"],"max_hp_gain":0,"max_hp_loss":0,"event_name":"MindBloom","floor":48,"gold_loss":0,"cards_upgraded":["Strike_R","Strike_R","Strike_R","Strike_R","Defend_R","Defend_R","Defend_R","Iron Wave","Shrug It Off","Pummel","Flame Barrier"]}],"is_beta":false,"boss_relics":[{"not_picked":["Black Blood","Empty Cage"],"picked":"Cursed Key"},{"not_picked":["Runic Cube","Orrery"],"picked":"White Beast Statue"}],"items_purged_floors":[5,29,47],"is_endless":false,"potions_floor_spawned":[7,8,14,16,18,20,25,28,35,36,38,39],"ascension_level":6}