{"gold_per_floor":[109,74,90,106,76,76,96,96,96,115,115,40,40,56,56,157,157,167,92,92,92,108,108,143,154,154,166,192,192,211,227,227,227],"floor_reached":33,"playtime":2096,"items_purged":[],"score":329,"play_id":"5c2194c8-e9fb-4823-a7a2-59a265b5cf2a","local_time":"20190412150803","daily_mods":["Draft","Specialized"],"is_ascension_mode":false,"campfire_choices":[{"data":"Tactician","floor":6,"key":"SMITH"},{"data":"Tactician","floor":8,"key":"SMITH"},{"data":"Reflex","floor":11,"key":"SMITH"},{"data":"Reflex","floor":15,"key":"SMITH"},{"floor":23,"key":"REST"},{"floor":32,"key":"REST"}],"neow_cost":"","seed_source_timestamp":106949964471131,"circlet_count":0,"master_deck":["Prepared","Prepared","Prepared","Prepared","Prepared","Dagger Spray","Terror","PiercingWail","Dagger Throw","Reflex+1","Well Laid Plans","Prepared","Tactician+1","Acrobatics","Reflex+1","Cloak And Dagger","Dagger Throw","Cloak And Dagger","Backflip","Dagger Spray","Tactician+1","Distraction","Underhanded Strike","Underhanded Strike","Accuracy+1","Storm of Steel","Adrenaline","Deflect","Reflex","Cloak And Dagger","Prepared+1","Backflip","Terror+1"],"relics":["Ring of the Snake","Mummified Hand","Fusion Hammer","Pen Nib","Shovel","Art of War"],"potions_floor_usage":[18,18,22,28,28,33],"damage_taken":[{"damage":0,"enemies":"Jaw Worm","floor":1,"turns":2},{"damage":0,"enemies":"Cultist","floor":3,"turns":3},{"damage":2,"enemies":"2 Louse","floor":4,"turns":2},{"damage":0,"enemies":"Red Slaver","floor":7,"turns":2},{"damage":0,"enemies":"3 Louse","floor":10,"turns":2},{"damage":0,"enemies":"Large Slime","floor":14,"turns":4},{"damage":6,"enemies":"Hexaghost","floor":16,"turns":7},{"damage":8,"enemies":"3 Byrds","floor":18,"turns":3},{"damage":9,"enemies":"Colosseum Slavers","floor":20,"turns":3},{"damage":8,"enemies":"Shell Parasite","floor":22,"turns":3},{"damage":21,"enemies":"Gremlin Leader","floor":24,"turns":5},{"damage":2,"enemies":"Centurion and Healer","floor":25,"turns":2},{"damage":0,"enemies":"Snecko","floor":27,"turns":1},{"damage":6,"enemies":"Slavers","floor":28,"turns":4},{"damage":25,"enemies":"3 Cultists","floor":30,"turns":4},{"damage":0,"enemies":"Chosen and Byrds","floor":31,"turns":3},{"damage":58,"enemies":"Champ","floor":33,"turns":6}],"seed_played":"-7025868053234040152","potions_obtained":[{"floor":4,"key":"Weak Potion"},{"floor":5,"key":"Poison Potion"},{"floor":5,"key":"AttackPotion"},{"floor":14,"key":"Fire Potion"},{"floor":18,"key":"Explosive Potion"},{"floor":25,"key":"SkillPotion"},{"floor":27,"key":"GhostInAJar"},{"floor":31,"key":"Dexterity Potion"}],"is_trial":true,"path_per_floor":["M","?","M","M","?","R","M","R","T","M","R","$","?","M","R","B",null,"M","?","?","?","M","R","E","M","T","M","E","?","M","M","R","B"],"character_chosen":"THE_SILENT","items_purchased":["Accuracy"],"campfire_rested":2,"item_purchase_floors":[12],"current_hp_per_floor":[70,70,70,68,68,68,68,68,68,68,68,68,68,68,68,62,70,62,62,53,53,45,66,45,43,43,43,37,37,12,12,33,0],"gold":227,"neow_bonus":"","is_prod":false,"is_daily":false,"chose_seed":false,"campfire_upgraded":4,"win_rate":0.0,"timestamp":1555052883,"path_taken":["M","?","M","M","?","R","?","R","T","?","R","$","?","M","R","BOSS","M","?","?","?","?","R","E","M","T","M","E","?","M","M","R","BOSS"],"build_version":"2019-01-23","purchased_purges":0,"victory":false,"max_hp_per_floor":[70,70,70,70,70,70,70,70,70,70,70,70,70,70,70,70,70,70,70,70,70,70,70,70,70,70,70,70,70,70,70,70,70],"card_choices":[{"not_picked":["Dodge and Roll","Outmaneuver"],"picked":"Dagger Spray","floor":0},{"not_picked":["Bane","Quick Slash"],"picked":"Terror","floor":0},{"not_picked":["Expertise","Eviscerate"],"picked":"PiercingWail","floor":0},{"not_picked":["Bane","Dagger Spray"],"picked":"Dagger Throw","floor":0},{"not_picked":["Bane","Calculated Gamble"],"picked":"Reflex","floor":0},{"not_picked":["Bane","Distraction"],"picked":"Well Laid Plans","floor":0},{"not_picked":["Deflect","Backflip"],"picked":"Prepared","floor":0},{"not_picked":["Catalyst","PiercingWail"],"picked":"Tactician","floor":0},{"not_picked":["Tactician","Bane"],"picked":"Acrobatics","floor":0},{"not_picked":["Quick Slash","Cloak And Dagger"],"picked":"Reflex","floor":0},{"not_picked":["Predator","Blade Dance"],"picked":"Cloak And Dagger","floor":0},{"not_picked":["Predator","Poisoned Stab"],"picked":"Dagger Throw","floor":0},{"not_picked":["Deadly Poison","Catalyst"],"picked":"Cloak And Dagger","floor":0},{"not_picked":["Outmaneuver","Reflex"],"picked":"Backflip","floor":0},{"not_picked":["Poisoned Stab","Bouncing Flask"],"picked":"Dagger Spray","floor":0},{"not_picked":["Cloak And Dagger","Flying Knee"],"picked":"Tactician","floor":1},{"not_picked":["Heel Hook","Quick Slash","Bane"],"picked":"SKIP","floor":3},{"not_picked":["Leg Sweep","Dagger Spray"],"picked":"Distraction","floor":4},{"not_picked":["Concentrate","PiercingWail"],"picked":"Underhanded Strike","floor":7},{"not_picked":["Outmaneuver","Flechettes"],"picked":"Underhanded Strike","floor":10},{"not_picked":["Accuracy","Bouncing Flask","Prepared"],"picked":"SKIP","floor":14},{"not_picked":["Grand Finale","Bullet Time"],"picked":"Adrenaline","floor":16},{"not_picked":["PiercingWail","Slice"],"picked":"Deflect","floor":18},{"not_picked":["Crippling Poison+1","Terror"],"picked":"Reflex","floor":22},{"not_picked":["Dodge and Roll+1","Glass Knife"],"picked":"Cloak And Dagger","floor":24},{"not_picked":["Outmaneuver","Dodge and Roll"],"picked":"Prepared+1","floor":25},{"not_picked":["Flying Knee","Underhanded Strike"],"picked":"Backflip","floor":27},{"not_picked":["Dodge and Roll","Outmaneuver","Setup"],"picked":"SKIP","floor":28},{"not_picked":["Heel Hook","Burst","Outmaneuver+1"],"picked":"SKIP","floor":30},{"not_picked":["Outmaneuver+1","Blur"],"picked":"Terror+1","floor":31}],"player_experience":48576,"relics_obtained":[{"floor":9,"key":"Mummified Hand"},{"floor":24,"key":"Pen Nib"},{"floor":26,"key":"Shovel"},{"floor":28,"key":"Art of War"}],"event_choices":[{"damage_healed":0,"gold_gain":0,"player_choice":"Left Gold","damage_taken":0,"max_hp_gain":0,"max_hp_loss":0,"event_name":"World of Goop","floor":2,"gold_loss":35},{"damage_healed":0,"gold_gain":0,"player_choice":"Bought 2 Potions","damage_taken":0,"max_hp_gain":0,"max_hp_loss":0,"event_name":"The Woman in Blue","floor":5,"gold_loss":0},{"damage_healed":0,"gold_gain":0,"player_choice":"3 cards matched","damage_taken":0,"max_hp_gain":0,"max_hp_loss":0,"event_name":"Match and Keep!","floor":13,"gold_loss":0,"cards_obtained":["Storm of Steel","Bane","Deep Breath"]},{"cards_removed":["Bane"],"damage_healed":0,"gold_gain":0,"player_choice":"Gave Gold","damage_taken":0,"max_hp_gain":0,"max_hp_loss":0,"event_name":"Beggar","floor":19,"gold_loss":75},{"damage_healed":0,"gold_gain":0,"player_choice":"Fight","damage_taken":0,"max_hp_gain":0,"max_hp_loss":0,"event_name":"Colosseum","floor":20,"gold_loss":0},{"damage_healed":0,"gold_gain":0,"player_choice":"Fled From Nobs","damage_taken":0,"max_hp_gain":0,"max_hp_loss":0,"event_name":"Colosseum","floor":20,"gold_loss":0},{"damage_healed":0,"gold_gain":0,"player_choice":"Forge","damage_taken":0,"max_hp_gain":0,"max_hp_loss":0,"event_name":"Accursed Blacksmith","floor":21,"gold_loss":0,"cards_upgraded":["Accuracy"]},{"cards_removed":["Deep Breath"],"damage_healed":0,"gold_gain":0,"player_choice":"Elegance","damage_taken":0,"max_hp_gain":0,"max_hp_loss":0,"event_name":"Back to Basics","floor":29,"gold_loss":0}],"is_beta":false,"boss_relics":[{"not_picked":["Coffee Dripper","Calling Bell"],"picked":"Fusion Hammer"}],"items_purged_floors":[],"is_endless":true,"potions_floor_spawned":[4,7,14,18,20,25,27,31],"killed_by":"Champ","ascension_level":0}