{"gold_per_floor":[117,292,242,317,15,78,41,76,100,100,118,118,118,129,129,129],"floor_reached":16,"playtime":822,"items_purged":["Strike_G"],"score":187,"play_id":"9fd91126-89a4-4b4a-bd93-81692d6573ba","local_time":"20190122120953","is_ascension_mode":true,"campfire_choices":[{"data":"Footwork","floor":10,"key":"SMITH"},{"data":"Malaise","floor":13,"key":"SMITH"},{"data":"Neutralize","floor":15,"key":"SMITH"}],"neow_cost":"NONE","seed_source_timestamp":1296926855787197,"circlet_count":0,"master_deck":["Defend_G","Defend_G","Defend_G","Defend_G","Defend_G","Strike_G","Strike_G","Strike_G","Strike_G","Survivor","Neutralize+1","Heel Hook","Footwork+1","Sucker Punch","Bouncing Flask","Malaise+1"],"relics":["Ring of the Snake","NeowsBlessing","Snake Skull","Tiny Chest","Thread and Needle","Potion Belt","Dodecahedron"],"potions_floor_usage":[16],"damage_taken":[{"damage":0,"enemies":"Jaw Worm","floor":1,"turns":1},{"damage":0,"enemies":"Gremlin Nob","floor":6,"turns":1},{"damage":0,"enemies":"Lagavulin","floor":8,"turns":1},{"damage":0,"enemies":"Small Slimes","floor":11,"turns":4},{"damage":0,"enemies":"2 Louse","floor":14,"turns":3},{"damage":60,"enemies":"Slime Boss","floor":16,"turns":15}],"seed_played":"-8097366673096085057","potions_obtained":[{"floor":8,"key":"Poison Potion"},{"floor":11,"key":"Strength Potion"}],"is_trial":false,"path_per_floor":["M","?","?","?","$","E","$","E","T","R","M","T","R","M","R","B"],"character_chosen":"THE_SILENT","items_purchased":["Snake Skull","Footwork","Bouncing Flask"],"campfire_rested":0,"item_purchase_floors":[5,5,7],"current_hp_per_floor":[70,70,70,59,59,59,59,59,59,59,59,59,59,59,59,0],"gold":129,"neow_bonus":"THREE_ENEMY_KILL","is_prod":false,"is_daily":false,"chose_seed":false,"campfire_upgraded":3,"win_rate":0,"timestamp":1548184193,"path_taken":["M","?","?","?","$","E","$","E","T","R","M","?","R","M","R","BOSS"],"build_version":"2019-01-17v2","purchased_purges":1,"victory":false,"max_hp_per_floor":[70,70,70,70,70,70,70,70,70,70,70,70,70,70,70,70],"card_choices":[{"not_picked":["Deadly Poison","Flechettes"],"picked":"Heel Hook","floor":1},{"not_picked":["All Out Attack","Concentrate"],"picked":"Sucker Punch","floor":6},{"not_picked":["Underhanded Strike","Flying Knee"],"picked":"Malaise","floor":8},{"not_picked":["Outmaneuver","Slice","Calculated Gamble"],"picked":"SKIP","floor":11},{"not_picked":["Cloak And Dagger","All Out Attack","Calculated Gamble"],"picked":"SKIP","floor":14}],"player_experience":1729343,"relics_obtained":[{"floor":6,"key":"Tiny Chest"},{"floor":8,"key":"Thread and Needle"},{"floor":9,"key":"Potion Belt"},{"floor":12,"key":"Dodecahedron"}],"event_choices":[{"damage_healed":0,"gold_gain":175,"player_choice":"AGREE","damage_taken":0,"max_hp_gain":0,"max_hp_loss":0,"event_name":"Liars Game","floor":2,"gold_loss":0,"cards_obtained":["Doubt"]},{"cards_removed":["Doubt"],"damage_healed":0,"gold_gain":0,"player_choice":"Card Removal","damage_taken":0,"max_hp_gain":0,"max_hp_loss":0,"event_name":"The Cleric","floor":3,"gold_loss":50},{"damage_healed":0,"gold_gain":75,"player_choice":"Gather Gold","damage_taken":11,"max_hp_gain":0,"max_hp_loss":0,"event_name":"World of Goop","floor":4,"gold_loss":0}],"is_beta":false,"boss_relics":[],"items_purged_floors":[5],"is_endless":false,"potions_floor_spawned":[8,11],"killed_by":"Slime Boss","ascension_level":4}