{"gold_per_floor":[110,127,145,66,82,82,113,113,413,430,460,490,461,476,476,476],"floor_reached":16,"playtime":543,"items_purged":[],"score":104,"play_id":"d27ae3bf-1d7b-4815-be9a-1c2132a1d1ab","local_time":"20190821095059","is_ascension_mode":false,"campfire_choices":[{"data":"Adrenaline","floor":6,"key":"SMITH"},{"data":"Footwork","floor":8,"key":"SMITH"},{"floor":15,"key":"REST"}],"neow_cost":"NONE","seed_source_timestamp":66986792588054,"circlet_count":0,"master_deck":["Strike_G","Strike_G","Strike_G","Strike_G","Strike_G","Defend_G","Defend_G","Defend_G","Defend_G","Defend_G","Survivor","Neutralize","Footwork+1","Slice","Adrenaline+1","Deflect","Die Die Die","Acrobatics","Escape Plan","Endless Agony"],"relics":["Ring of the Snake","NeowsBlessing","Matryoshka","Orichalcum","Old Coin","Odd Mushroom"],"potions_floor_usage":[5,7,16],"damage_taken":[{"damage":0,"enemies":"Small Slimes","floor":1,"turns":1},{"damage":0,"enemies":"Jaw Worm","floor":2,"turns":1},{"damage":0,"enemies":"Cultist","floor":3,"turns":1},{"damage":3,"enemies":"Large Slime","floor":5,"turns":7},{"damage":27,"enemies":"Gremlin Nob","floor":7,"turns":5},{"damage":0,"enemies":"Looter","floor":10,"turns":3},{"damage":0,"enemies":"The Mushroom Lair","floor":11,"turns":4},{"damage":2,"enemies":"Exordium Thugs","floor":13,"turns":5},{"damage":2,"enemies":"2 Fungi Beasts","floor":14,"turns":3},{"damage":62,"enemies":"Hexaghost","floor":16,"turns":16}],"seed_played":"-3428156147108003960","potions_obtained":[{"floor":1,"key":"SteroidPotion"},{"floor":3,"key":"SneckoOil"},{"floor":5,"key":"SkillPotion"}],"is_trial":false,"path_per_floor":["M","M","M","$","M","R","E","R","T","M","?","?","M","M","R","B"],"character_chosen":"THE_SILENT","items_purchased":["Adrenaline"],"campfire_rested":1,"item_purchase_floors":[4],"current_hp_per_floor":[70,70,70,70,67,67,40,40,40,40,40,40,38,36,57,0],"gold":476,"neow_bonus":"THREE_ENEMY_KILL","is_prod":false,"is_daily":false,"chose_seed":false,"campfire_upgraded":2,"win_rate":0,"timestamp":1566352259,"path_taken":["M","M","M","$","M","R","E","R","T","M","?","?","M","M","R","BOSS"],"build_version":"2019-07-17","purchased_purges":0,"victory":false,"max_hp_per_floor":[70,70,70,70,70,70,70,70,70,70,70,70,70,70,70,70],"card_choices":[{"not_picked":["Cloak And Dagger","Poisoned Stab"],"picked":"Footwork","floor":1},{"not_picked":["Crippling Poison","Concentrate","Dagger Throw"],"picked":"SKIP","floor":2},{"not_picked":["PiercingWail","Dash"],"picked":"Slice","floor":3},{"not_picked":["Eviscerate","Choke"],"picked":"Deflect","floor":5},{"not_picked":["Bane","Dodge and Roll","Dagger Throw"],"picked":"SKIP","floor":7},{"not_picked":["Bane","Cloak And Dagger"],"picked":"Die Die Die","floor":10},{"not_picked":["Dagger Spray","Bane"],"picked":"Acrobatics","floor":11},{"not_picked":["Prepared","Calculated Gamble"],"picked":"Escape Plan","floor":13},{"not_picked":["Concentrate","Cloak And Dagger"],"picked":"Endless Agony","floor":14}],"player_experience":232180,"relics_obtained":[{"floor":7,"key":"Matryoshka"},{"floor":9,"key":"Orichalcum"},{"floor":9,"key":"Old Coin"},{"floor":11,"key":"Odd Mushroom"}],"event_choices":[{"damage_healed":0,"gold_gain":0,"player_choice":"Fought Mushrooms","damage_taken":0,"max_hp_gain":0,"max_hp_loss":0,"event_name":"Mushrooms","floor":11,"gold_loss":0},{"damage_healed":0,"gold_gain":30,"player_choice":"Searched \u00271\u0027 times","damage_taken":0,"max_hp_gain":0,"max_hp_loss":0,"event_name":"Dead Adventurer","floor":12,"gold_loss":0}],"is_beta":false,"boss_relics":[],"items_purged_floors":[],"is_endless":false,"potions_floor_spawned":[1,3,5],"killed_by":"Hexaghost","ascension_level":0}