{"gold_per_floor":[215,227,243,44,54,89,89,106,106,6,18,18,36,56,56,56],"floor_reached":16,"playtime":713,"items_purged":["Strike_R","Strike_R"],"score":106,"play_id":"2d4a84b3-0369-4753-acdf-00b4bf8b2a32","local_time":"20190411102105","is_ascension_mode":false,"campfire_choices":[{"data":"Rupture","floor":7,"key":"SMITH"},{"data":"Infernal Blade","floor":12,"key":"SMITH"},{"floor":15,"key":"REST"}],"neow_cost":"NONE","seed_source_timestamp":5803363836250,"circlet_count":0,"master_deck":["Strike_R","Strike_R","Strike_R","Defend_R","Defend_R","Defend_R","Defend_R","Bash","Infernal Blade+1","Body Slam","Flex","Rupture+1","Heavy Blade","Entrench","Armaments"],"relics":["Burning Blood","Bottled Lightning","Molten Egg 2"],"potions_floor_usage":[11,11,14,16,16],"damage_taken":[{"damage":0,"enemies":"Small Slimes","floor":1,"turns":4},{"damage":6,"enemies":"2 Louse","floor":2,"turns":3},{"damage":9,"enemies":"Jaw Worm","floor":3,"turns":4},{"damage":14,"enemies":"Blue Slaver","floor":5,"turns":3},{"damage":31,"enemies":"Lagavulin","floor":6,"turns":7},{"damage":15,"enemies":"Exordium Thugs","floor":8,"turns":4},{"damage":26,"enemies":"Gremlin Gang","floor":11,"turns":6},{"damage":15,"enemies":"3 Louse","floor":13,"turns":4},{"damage":14,"enemies":"Large Slime","floor":14,"turns":8},{"damage":35,"enemies":"Hexaghost","floor":16,"turns":9}],"seed_played":"-7015558614191443673","potions_obtained":[{"floor":2,"key":"Dexterity Potion"},{"floor":5,"key":"Block Potion"},{"floor":8,"key":"Regen Potion"},{"floor":13,"key":"SkillPotion"},{"floor":14,"key":"SteroidPotion"}],"is_trial":false,"path_per_floor":["M","M","M","$","M","E","R","M","T","$","M","R","M","M","R","B"],"character_chosen":"IRONCLAD","items_purchased":["Rupture","Heavy Blade"],"campfire_rested":1,"item_purchase_floors":[4,4],"current_hp_per_floor":[80,80,77,77,69,44,44,35,35,35,27,27,18,10,34,0],"gold":56,"neow_bonus":"HUNDRED_GOLD","is_prod":false,"is_daily":false,"chose_seed":false,"campfire_upgraded":2,"win_rate":0.0,"timestamp":1554949265,"path_taken":["M","M","M","$","M","E","R","M","T","$","M","R","M","M","R","BOSS"],"build_version":"2019-01-23","purchased_purges":2,"victory":false,"max_hp_per_floor":[80,80,80,80,80,80,80,80,80,80,80,80,80,80,80,80],"card_choices":[{"not_picked":["Iron Wave","Power Through"],"picked":"Infernal Blade","floor":1},{"not_picked":["Burning Pact","Cleave"],"picked":"Body Slam","floor":2},{"not_picked":["Wild Strike","Headbutt"],"picked":"Flex","floor":3},{"not_picked":["Whirlwind","Shockwave","Spot Weakness"],"picked":"SKIP","floor":5},{"not_picked":["Disarm","Flex","Fire Breathing"],"picked":"SKIP","floor":6},{"not_picked":["Iron Wave","Perfected Strike","Rupture"],"picked":"SKIP","floor":8},{"not_picked":["Bloodletting","Perfected Strike+1","Whirlwind+1"],"picked":"SKIP","floor":11},{"not_picked":["Inflame","Clash+1"],"picked":"Entrench","floor":13},{"not_picked":["Offering","Warcry"],"picked":"Armaments","floor":14}],"player_experience":25686,"relics_obtained":[{"floor":6,"key":"Bottled Lightning"},{"floor":9,"key":"Molten Egg 2"}],"event_choices":[],"is_beta":false,"boss_relics":[],"items_purged_floors":[4,10],"is_endless":false,"potions_floor_spawned":[2,5,8,13,14],"killed_by":"Hexaghost","ascension_level":0}