{"gold_per_floor":[109,124,134,154,174,174,187,187,240,240,259,289,300,400,400,499,499,516,535,559,559,571,571,106,126,198,198,198,198,215,229,229,328,328,342,242,260,260,280,280,150,150,150,218,19,19,30,46,46,46],"floor_reached":51,"playtime":12212,"items_purged":["Strike_G","Strike_G","Strike_G"],"score":819,"play_id":"5ce2a16a-91e5-42b3-9f0b-6130448720a2","local_time":"20190719030205","is_ascension_mode":true,"campfire_choices":[{"data":"Neutralize","floor":6.0,"key":"SMITH"},{"data":"Dagger Spray","floor":8.0,"key":"SMITH"},{"data":"Dash","floor":10.0,"key":"SMITH"},{"data":"Sucker Punch","floor":15.0,"key":"SMITH"},{"floor":23.0,"key":"REST"},{"floor":32.0,"key":"REST"},{"data":"Noxious Fumes","floor":40.0,"key":"SMITH"},{"data":"Bouncing Flask","floor":42.0,"key":"SMITH"},{"floor":46.0,"key":"REST"},{"data":"Catalyst","floor":49,"key":"SMITH"}],"neow_cost":"NONE","seed_source_timestamp":0,"circlet_count":0,"master_deck":["Defend_G","Defend_G","Defend_G","Defend_G","Survivor","Neutralize+1","Dagger Spray+1","Backflip","PiercingWail","Dash+1","Burst","Bouncing Flask+1","Sucker Punch+1","Phantasmal Killer","Escape Plan+1","Wraith Form v2+1","Blur+1","Sucker Punch","Flying Knee+1","Flash of Steel","Blur","Noxious Fumes+1","PiercingWail","Leg Sweep","Well Laid Plans+1","Catalyst+1","Bane+1","Noxious Fumes+1"],"special_seed":0,"relics":["White Beast Statue","Tiny Chest","Snake Skull","Astrolabe","Boot","Pocketwatch","Paper Crane","Darkstone Periapt","Cursed Key","SsserpentHead"],"potions_floor_usage":[50,50],"damage_taken":[{"damage":0.0,"enemies":"Cultist","floor":1.0,"turns":5.0},{"damage":0.0,"enemies":"2 Louse","floor":2.0,"turns":3.0},{"damage":5.0,"enemies":"Jaw Worm","floor":3.0,"turns":5.0},{"damage":0.0,"enemies":"Looter","floor":4.0,"turns":4.0},{"damage":3.0,"enemies":"3 Louse","floor":5.0,"turns":2.0},{"damage":0.0,"enemies":"Lots of Slimes","floor":7.0,"turns":3.0},{"damage":1.0,"enemies":"Red Slaver","floor":11.0,"turns":4.0},{"damage":2.0,"enemies":"3 Sentries","floor":12.0,"turns":6.0},{"damage":3.0,"enemies":"Exordium Wildlife","floor":13.0,"turns":3.0},{"damage":13.0,"enemies":"The Guardian","floor":16.0,"turns":10.0},{"damage":12.0,"enemies":"Spheric Guardian","floor":18.0,"turns":7.0},{"damage":16.0,"enemies":"Shell Parasite","floor":19.0,"turns":9.0},{"damage":30.0,"enemies":"Sentry and Sphere","floor":22.0,"turns":7.0},{"damage":3.0,"enemies":"Centurion and Healer","floor":25.0,"turns":9.0},{"damage":3.0,"enemies":"Snake Plant","floor":30.0,"turns":3.0},{"damage":0.0,"enemies":"Shelled Parasite and Fungi","floor":31.0,"turns":6.0},{"damage":20.0,"enemies":"Champ","floor":33.0,"turns":16.0},{"damage":7.0,"enemies":"Orb Walker","floor":35.0,"turns":4.0},{"damage":9.0,"enemies":"3 Shapes","floor":37.0,"turns":4.0},{"damage":11.0,"enemies":"Transient","floor":39.0,"turns":5.0},{"damage":2.0,"enemies":"Maw","floor":44.0,"turns":7.0},{"damage":3.0,"enemies":"Sphere and 2 Shapes","floor":47.0,"turns":4.0},{"damage":1.0,"enemies":"4 Shapes","floor":48.0,"turns":7.0},{"damage":3,"enemies":"Time Eater","floor":50,"turns":7}],"seed_played":"-9139519296025851536","potions_obtained":[{"floor":1.0,"key":"SkillPotion"},{"floor":2.0,"key":"GamblersBrew"},{"floor":3.0,"key":"Block Potion"},{"floor":4.0,"key":"SkillPotion"},{"floor":5.0,"key":"FearPotion"},{"floor":7.0,"key":"Weak Potion"},{"floor":11.0,"key":"Energy Potion"},{"floor":12.0,"key":"AttackPotion"},{"floor":13.0,"key":"Energy Potion"},{"floor":16.0,"key":"SteroidPotion"},{"floor":18.0,"key":"EssenceOfSteel"},{"floor":19.0,"key":"SpeedPotion"},{"floor":22.0,"key":"Regen Potion"},{"floor":25.0,"key":"AttackPotion"},{"floor":30.0,"key":"Block Potion"},{"floor":31.0,"key":"GhostInAJar"},{"floor":33.0,"key":"EssenceOfSteel"},{"floor":35.0,"key":"SteroidPotion"},{"floor":37.0,"key":"Swift Potion"},{"floor":47.0,"key":"SpeedPotion"},{"floor":48.0,"key":"GhostInAJar"}],"is_trial":false,"path_per_floor":["M","M","M","M","M","R","M","R","T","R","M","E","M","?","R","B",null,"M","M","T","T","M","R","$","M","T","?","$","?","M","M","R","B",null,"M","$","M","?","M","R","$","R","T","M","$","R","M","M","R","B",null],"character_chosen":"THE_SILENT","items_purchased":["Paper Crane","Dexterity Potion","Flash of Steel","Leg Sweep","Dexterity Potion","Catalyst"],"campfire_rested":3,"item_purchase_floors":[24,24,24,41,41,45],"current_hp_per_floor":[63,63,58,58,55,55,55,55,55,55,54,52,49,49,49,36,62,50,34,34,34,4,25,25,37,37,37,37,37,34,34,55,35,61,54,54,45,45,34,34,34,34,34,32,32,53,50,49,49,46],"gold":46,"neow_bonus":"BOSS_RELIC","is_prod":false,"is_daily":false,"chose_seed":false,"campfire_upgraded":7,"win_rate":0,"timestamp":1563526925,"path_taken":["M","M","M","M","M","R","M","R","T","R","?","E","M","?","R","BOSS","M","M","?","?","M","R","$","M","T","?","$","?","M","M","R","BOSS","M","$","M","?","M","R","$","R","T","?","$","R","M","M","R","BOSS"],"build_version":"2019-07-17","purchased_purges":3,"victory":true,"max_hp_per_floor":[70,70,70,70,70,70,70,70,70,70,70,70,70,70,70,70,70,70,70,70,70,70,70,70,70,70,70,70,70,70,70,70,70,70,70,70,70,70,70,70,70,70,70,70,70,70,70,70,70,70],"card_choices":[{"not_picked":["Cloak And Dagger","Prepared"],"picked":"Dagger Spray","floor":1.0},{"not_picked":["Acrobatics","Concentrate"],"picked":"Backflip","floor":2.0},{"not_picked":["Outmaneuver","Dagger Spray","Catalyst"],"picked":"SKIP","floor":3.0},{"not_picked":["Poisoned Stab","All Out Attack","Calculated Gamble"],"picked":"SKIP","floor":4.0},{"not_picked":["Setup","Endless Agony"],"picked":"PiercingWail","floor":5.0},{"not_picked":["Bouncing Flask","Catalyst"],"picked":"Dash","floor":7.0},{"not_picked":["Outmaneuver","Deflect"],"picked":"Burst","floor":11.0},{"not_picked":["Flying Knee","Cloak And Dagger"],"picked":"Bouncing Flask","floor":12.0},{"not_picked":["Concentrate","Endless Agony"],"picked":"Sucker Punch","floor":13.0},{"not_picked":["Grand Finale","Night Terror"],"picked":"Phantasmal Killer","floor":16.0},{"not_picked":["Endless Agony","Reflex"],"picked":"Sucker Punch","floor":18.0},{"not_picked":["Dagger Throw+1","Eviscerate","Deflect"],"picked":"SKIP","floor":19.0},{"not_picked":["Outmaneuver","Underhanded Strike"],"picked":"Flying Knee+1","floor":22.0},{"not_picked":["Endless Agony","Infinite Blades+1","Quick Slash"],"picked":"SKIP","floor":25.0},{"not_picked":["Choke","Flying Knee"],"picked":"Blur","floor":30.0},{"not_picked":["Sucker Punch+1","Blade Dance"],"picked":"Noxious Fumes","floor":31.0},{"not_picked":["Accuracy","Masterful Stab","Cloak And Dagger"],"picked":"SKIP","floor":35.0},{"not_picked":["Dagger Spray+1","Blade Dance","Setup"],"picked":"SKIP","floor":37.0},{"not_picked":["Dagger Throw+1","Poisoned Stab"],"picked":"PiercingWail","floor":39.0},{"not_picked":["Endless Agony+1","Corpse Explosion"],"picked":"Well Laid Plans+1","floor":44.0},{"not_picked":["Sucker Punch","Dodge and Roll"],"picked":"Bane+1","floor":47.0},{"not_picked":["Cloak And Dagger+1","Masterful Stab+1"],"picked":"Noxious Fumes+1","floor":48.0}],"player_experience":1966345,"relics_obtained":[{"floor":9.0,"key":"Tiny Chest"},{"floor":12.0,"key":"Snake Skull"},{"floor":20.0,"key":"Boot"},{"floor":21.0,"key":"Pocketwatch"},{"floor":26.0,"key":"Darkstone Periapt"}],"event_choices":[{"damage_healed":0.0,"max_hp_gain":0.0,"max_hp_loss":0.0,"gold_gain":100.0,"event_name":"Golden Shrine","player_choice":"Pray","floor":14.0,"gold_loss":0.0,"damage_taken":0.0},{"damage_healed":0.0,"max_hp_gain":0.0,"max_hp_loss":0.0,"gold_gain":0.0,"event_name":"Ghosts","player_choice":"Ignored","floor":27.0,"gold_loss":0.0,"damage_taken":0.0},{"damage_healed":0.0,"max_hp_gain":0.0,"max_hp_loss":0.0,"gold_gain":0.0,"event_name":"The Mausoleum","player_choice":"Ignored","floor":29.0,"gold_loss":0.0,"damage_taken":0.0},{"damage_healed":0.0,"max_hp_gain":0.0,"max_hp_loss":0.0,"gold_gain":0.0,"event_name":"FaceTrader","player_choice":"Trade","floor":38.0,"gold_loss":0.0,"damage_taken":0.0,"relics_obtained":["SsserpentHead"]}],"is_beta":false,"boss_relics":[{"not_picked":["Black Star","Sozu"],"picked":"Astrolabe"},{"not_picked":["Busted Crown","HoveringKite"],"picked":"Cursed Key"}],"items_purged_floors":[24,36,45],"is_endless":false,"potions_floor_spawned":[1,2,3,4,5,7,11,12,13,16,18,19,22,25,30,31,33,35,37,39,44,47,48],"ascension_level":6}