{"gold_per_floor":[119,130,130,148,158,158,158,158,181,197,208,218,218,231,231,336,336,356,47,57,57,57],"floor_reached":22,"playtime":714,"items_purged":[],"score":180,"play_id":"a683c17f-6a43-4aa0-933a-49b68253903f","local_time":"20190824210236","is_ascension_mode":false,"campfire_choices":[{"data":"Zap","floor":6,"key":"SMITH"},{"floor":13,"key":"REST"},{"data":"Rainbow","floor":15,"key":"SMITH"}],"neow_cost":"NONE","seed_source_timestamp":366333099832689,"circlet_count":0,"master_deck":["Strike_B","Strike_B","Strike_B","Defend_B","Defend_B","Defend_B","Defend_B","Zap+1","Dualcast","Hologram","Leap","Gash","Force Field","Strike_B","Turbo","Rainbow+1","Go for the Eyes","Thunder Strike","Electrodynamics","Panache","Steam"],"relics":["Cracked Core","NeowsBlessing","Bag of Preparation","Philosopher\u0027s Stone"],"potions_floor_usage":[16,16],"damage_taken":[{"damage":0,"enemies":"Cultist","floor":1,"turns":1},{"damage":0,"enemies":"Jaw Worm","floor":2,"turns":1},{"damage":0,"enemies":"Small Slimes","floor":4,"turns":1},{"damage":15,"enemies":"Exordium Wildlife","floor":5,"turns":4},{"damage":0,"enemies":"3 Louse","floor":10,"turns":3},{"damage":7,"enemies":"Red Slaver","floor":11,"turns":4},{"damage":4,"enemies":"Exordium Thugs","floor":12,"turns":6},{"damage":5,"enemies":"Looter","floor":14,"turns":3},{"damage":36,"enemies":"Hexaghost","floor":16,"turns":11},{"damage":25,"enemies":"Shell Parasite","floor":18,"turns":7},{"damage":20,"enemies":"2 Thieves","floor":20,"turns":5},{"damage":30,"enemies":"Cultist and Chosen","floor":22,"turns":4}],"seed_played":"6420915805911447375","potions_obtained":[{"floor":5,"key":"AttackPotion"},{"floor":10,"key":"SpeedPotion"},{"floor":11,"key":"SkillPotion"}],"is_trial":false,"path_per_floor":["M","M","$","M","M","R","?","$","T","M","M","M","R","M","R","B",null,"M","$","M","?","M"],"character_chosen":"DEFECT","items_purchased":["Electrodynamics","Panache"],"campfire_rested":1,"item_purchase_floors":[19,19],"current_hp_per_floor":[75,75,75,75,60,60,60,60,60,60,53,49,71,66,66,30,75,50,50,30,30,0],"gold":57,"neow_bonus":"THREE_ENEMY_KILL","is_prod":false,"is_daily":false,"chose_seed":false,"campfire_upgraded":2,"win_rate":0,"timestamp":1566651756,"path_taken":["M","M","?","M","M","R","?","$","T","?","M","M","R","M","R","BOSS","M","$","M","?","M"],"build_version":"2019-07-17","purchased_purges":0,"victory":false,"max_hp_per_floor":[75,75,75,75,75,75,75,75,75,75,75,75,75,75,75,75,75,75,75,75,75,75],"card_choices":[{"not_picked":["Go for the Eyes","Redo"],"picked":"Hologram","floor":1},{"not_picked":["Sweeping Beam","Rip and Tear"],"picked":"Leap","floor":2},{"not_picked":["Darkness","Steam"],"picked":"Gash","floor":4},{"not_picked":["Steam Power","Coolheaded"],"picked":"Force Field","floor":5},{"not_picked":["Sunder","Blizzard"],"picked":"Turbo","floor":10},{"not_picked":["Sunder","Coolheaded"],"picked":"Rainbow","floor":11},{"not_picked":["Scrape","Barrage"],"picked":"Go for the Eyes","floor":12},{"not_picked":["Glacier","Conserve Battery","Hologram"],"picked":"SKIP","floor":14},{"not_picked":["Meteor Strike","Rainbow"],"picked":"Thunder Strike","floor":16},{"not_picked":["Gash","Streamline","Sweeping Beam+1"],"picked":"SKIP","floor":18},{"not_picked":["Coolheaded","Beam Cell"],"picked":"Steam","floor":20}],"player_experience":247109,"relics_obtained":[{"floor":9,"key":"Bag of Preparation"}],"event_choices":[{"cards_removed":["Strike_B"],"damage_healed":0,"gold_gain":0,"player_choice":"Took Card","damage_taken":0,"max_hp_gain":0,"max_hp_loss":0,"event_name":"NoteForYourself","floor":7,"gold_loss":0,"cards_obtained":["Strike_B"]}],"is_beta":false,"boss_relics":[{"not_picked":["Astrolabe","Runic Dome"],"picked":"Philosopher\u0027s Stone"}],"items_purged_floors":[],"is_endless":false,"potions_floor_spawned":[5,10,11,14],"killed_by":"Cultist and Chosen","ascension_level":0}