{"gold_per_floor":[111,28,47,61,77,77,93,108,108,118,136,146,146,158,158,158],"floor_reached":16,"playtime":9177,"items_purged":[],"score":140,"play_id":"1d474fb1-d4b9-4684-a186-f2d6d39ab105","local_time":"20190806014500","is_ascension_mode":true,"campfire_choices":[{"data":"Armaments","floor":6,"key":"SMITH"},{"data":"Body Slam","floor":13,"key":"SMITH"},{"data":"Warcry","floor":15,"key":"SMITH"}],"neow_cost":"NONE","seed_source_timestamp":6339371202201906,"circlet_count":0,"master_deck":["Strike_R","Strike_R","Strike_R","Strike_R","Strike_R","Defend_R","Defend_R","Defend_R","Defend_R","Bash","Clothesline","Metallicize","Armaments+1","Body Slam+1","Warcry+1","Ghostly Armor","Shrug It Off","Carnage"],"relics":["Burning Blood","Centennial Puzzle","Self Forming Clay"],"potions_floor_usage":[5,7,10,12,16],"damage_taken":[{"damage":7,"enemies":"Jaw Worm","floor":1,"turns":3},{"damage":5,"enemies":"2 Louse","floor":3,"turns":4},{"damage":4,"enemies":"Cultist","floor":4,"turns":3},{"damage":12,"enemies":"Large Slime","floor":5,"turns":7},{"damage":9,"enemies":"Exordium Thugs","floor":7,"turns":6},{"damage":44,"enemies":"Gremlin Gang","floor":8,"turns":8},{"damage":1,"enemies":"Red Slaver","floor":10,"turns":4},{"damage":3,"enemies":"Looter","floor":11,"turns":3},{"damage":0,"enemies":"Large Slime","floor":12,"turns":4},{"damage":9,"enemies":"Lots of Slimes","floor":14,"turns":6},{"damage":39,"enemies":"Hexaghost","floor":16,"turns":14}],"seed_played":"2453861894051614403","potions_obtained":[{"floor":3,"key":"Explosive Potion"},{"floor":5,"key":"Explosive Potion"},{"floor":8,"key":"SkillPotion"},{"floor":11,"key":"Fire Potion"},{"floor":14,"key":"Energy Potion"}],"is_trial":false,"path_per_floor":["M","$","M","M","M","R","M","M","T","M","M","M","R","M","R","B"],"character_chosen":"IRONCLAD","items_purchased":["Metallicize","Armaments"],"campfire_rested":0,"item_purchase_floors":[2,2],"current_hp_per_floor":[71,71,72,74,68,68,65,27,27,32,35,41,41,38,38,0],"gold":158,"neow_bonus":"RANDOM_COMMON_RELIC","is_prod":false,"is_daily":false,"chose_seed":false,"campfire_upgraded":3,"win_rate":0,"timestamp":1565077500,"path_taken":["M","$","M","M","M","R","M","M","T","M","M","M","R","M","R","BOSS"],"build_version":"2019-07-17","purchased_purges":0,"victory":false,"max_hp_per_floor":[80,80,80,80,80,80,80,80,80,80,80,80,80,80,80,80],"card_choices":[{"not_picked":["Twin Strike","Flex"],"picked":"Clothesline","floor":1},{"not_picked":["Flex","Anger","Corruption"],"picked":"SKIP","floor":3},{"not_picked":["Metallicize","Dual Wield"],"picked":"Body Slam","floor":4},{"not_picked":["Flex","Sever Soul","Thunderclap"],"picked":"SKIP","floor":5},{"not_picked":["Dropkick","True Grit"],"picked":"Warcry","floor":7},{"not_picked":["Body Slam","Flex"],"picked":"Ghostly Armor","floor":8},{"not_picked":["Sword Boomerang","Clash","Rampage"],"picked":"SKIP","floor":10},{"not_picked":["Body Slam","Havoc"],"picked":"Shrug It Off","floor":11},{"not_picked":["Twin Strike","Infernal Blade"],"picked":"Carnage","floor":12},{"not_picked":["Anger","Clothesline","Feel No Pain"],"picked":"SKIP","floor":14}],"player_experience":2139204,"relics_obtained":[{"floor":9,"key":"Self Forming Clay"}],"event_choices":[],"is_beta":false,"boss_relics":[],"items_purged_floors":[],"is_endless":false,"potions_floor_spawned":[3,5,8,11,14],"killed_by":"Hexaghost","ascension_level":8}