{"gold_per_floor":[112,124,138,43,63,33,68,80,92,104,12,12,32,32,32,130,130,150,163,45,56,56,56,89,89,89,89,14,14,26,26,26,122,122,140,140,155,155,172,172,182,182,182,182,197,213,237,237,237,237],"floor_reached":51,"playtime":17485,"items_purged":[],"score":677,"play_id":"b731672a-b308-4040-9462-0542df820091","local_time":"20181226010139","is_ascension_mode":true,"campfire_choices":[{"data":"Defragment","floor":8,"key":"SMITH"},{"data":"Hologram","floor":10,"key":"SMITH"},{"data":"Dualcast","floor":12,"key":"SMITH"},{"data":"Conserve Battery","floor":15,"key":"SMITH"},{"data":"Seek","floor":23,"key":"SMITH"},{"data":"Zap","floor":25,"key":"SMITH"},{"floor":32,"key":"REST"},{"data":"Consume","floor":40,"key":"SMITH"},{"data":"Defragment","floor":42,"key":"SMITH"},{"floor":49,"key":"REST"}],"neow_cost":"NONE","seed_source_timestamp":440049197563702,"circlet_count":0,"master_deck":["Strike_B","Strike_B","Strike_B","Defend_B","Defend_B","Defend_B+1","Zap+1","Dualcast+1","Defragment+1","Gash","Hologram+1","Gash","Steam","Rebound","Cold Snap","Conserve Battery+1","Electrodynamics+1","Seek+1","Coolheaded+1","Cold Snap","Defragment+1","Consume+1","Glacier+1","FTL","Cold Snap","Gash","BootSequence+1","White Noise+1","Coolheaded+1"],"relics":["Cracked Core","MawBank","Mercury Hourglass","Inserter","Unceasing Top","Juzu Bracelet","Philosopher\u0027s Stone","Darkstone Periapt","War Paint","Vajra"],"potions_floor_usage":[5,7,7,24,33,50],"damage_taken":[{"damage":1,"enemies":"Cultist","floor":1,"turns":4},{"damage":11,"enemies":"Small Slimes","floor":2,"turns":4},{"damage":1,"enemies":"2 Louse","floor":3,"turns":3},{"damage":0,"enemies":"Red Slaver","floor":5,"turns":3},{"damage":18,"enemies":"Lagavulin","floor":7,"turns":4},{"damage":2,"enemies":"Looter","floor":13,"turns":2},{"damage":26,"enemies":"Slime Boss","floor":16,"turns":6},{"damage":7,"enemies":"Chosen","floor":18,"turns":4},{"damage":0,"enemies":"Spheric Guardian","floor":19,"turns":3},{"damage":9,"enemies":"Snecko","floor":21,"turns":4},{"damage":2,"enemies":"Gremlin Leader","floor":24,"turns":5},{"damage":24,"enemies":"Colosseum Slavers","floor":27,"turns":4},{"damage":7,"enemies":"Chosen and Byrds","floor":30,"turns":4},{"damage":13,"enemies":"Automaton","floor":33,"turns":11},{"damage":4,"enemies":"3 Shapes","floor":35,"turns":4},{"damage":5,"enemies":"3 Darklings","floor":37,"turns":3},{"damage":0,"enemies":"Sphere and 2 Shapes","floor":39,"turns":5},{"damage":5,"enemies":"Jaw Worm Horde","floor":41,"turns":3},{"damage":0,"enemies":"Maw","floor":45,"turns":8},{"damage":7,"enemies":"4 Shapes","floor":46,"turns":3},{"damage":32,"enemies":"Time Eater","floor":50,"turns":14}],"seed_played":"-6807122632599735026","potions_obtained":[{"floor":0,"key":"Poison Potion"},{"floor":0,"key":"Fire Potion"},{"floor":0,"key":"SpeedPotion"},{"floor":6,"key":"Dexterity Potion"},{"floor":6,"key":"Poison Potion"},{"floor":16,"key":"Block Potion"},{"floor":19,"key":"GamblersBrew"},{"floor":41,"key":"Poison Potion"}],"is_trial":false,"path_per_floor":["M","M","M","$","M","?","E","R","T","R","$","R","M","?","R","B",null,"M","M","$","M","?","R","E","R","T","?","$","?","M","$","R","B",null,"M","?","M","?","M","R","M","R","T","?","M","M","T","?","R","B",null],"character_chosen":"DEFECT","items_purchased":["Gash","Steam","Cold Snap","Conserve Battery","Cold Snap","Defragment","FTL"],"campfire_rested":2,"item_purchase_floors":[4,4,11,11,20,20,28],"current_hp_per_floor":[74,63,62,62,62,62,44,44,44,44,44,44,42,42,42,16,75,68,68,68,59,59,59,57,57,57,33,33,33,26,26,48,35,75,71,71,66,66,66,66,61,61,61,61,61,54,54,54,75,43],"gold":237,"neow_bonus":"THREE_SMALL_POTIONS","is_prod":false,"is_daily":false,"chose_seed":false,"campfire_upgraded":8,"win_rate":0,"timestamp":1545811299,"path_taken":["M","M","?","$","M","?","E","R","T","R","?","R","M","?","R","BOSS","M","M","$","M","?","R","E","R","T","?","?","?","M","?","R","BOSS","M","?","M","?","M","R","M","R","T","?","M","M","?","?","R","BOSS"],"build_version":"2018-12-20","purchased_purges":0,"victory":true,"max_hp_per_floor":[75,75,75,75,75,75,75,75,75,75,75,75,75,75,75,75,75,75,75,75,75,75,75,75,75,75,75,75,75,75,75,75,75,75,75,75,75,75,75,75,75,75,75,75,75,75,75,75,75,75],"card_choices":[{"not_picked":["Rebound","Compile Driver"],"picked":"Defragment","floor":1},{"not_picked":["Steam","Cold Snap"],"picked":"Gash","floor":2},{"not_picked":["Sweeping Beam","Barrage"],"picked":"Hologram","floor":3},{"not_picked":["Ball Lightning","Turbo"],"picked":"Rebound","floor":5},{"not_picked":["Compile Driver","Stack","Rebound"],"picked":"SKIP","floor":7},{"not_picked":["Barrage","Steam"],"picked":"Electrodynamics","floor":13},{"not_picked":["Amplify","Fission"],"picked":"Seek","floor":16},{"not_picked":["Turbo","Aggregate"],"picked":"Coolheaded","floor":18},{"not_picked":["Streamline","Barrage","Compile Driver+1"],"picked":"SKIP","floor":19},{"not_picked":["Scrape+1","Redo+1"],"picked":"Consume","floor":21},{"not_picked":["Coolheaded","Buffer"],"picked":"Glacier+1","floor":24},{"not_picked":["Redo","Beam Cell"],"picked":"Gash","floor":30},{"not_picked":["Self Repair+1","Sweeping Beam+1"],"picked":"BootSequence+1","floor":35},{"not_picked":["Steam+1","Rebound"],"picked":"White Noise+1","floor":37},{"not_picked":["Sweeping Beam","Hologram","Steam+1"],"picked":"SKIP","floor":39},{"not_picked":["Barrage+1","Hello World","Steam"],"picked":"SKIP","floor":41},{"not_picked":["Redo","Cold Snap","Chill+1"],"picked":"SKIP","floor":45},{"not_picked":["Redo+1","Gash+1"],"picked":"Coolheaded+1","floor":46}],"player_experience":1626730,"relics_obtained":[{"floor":7,"key":"MawBank"},{"floor":9,"key":"Mercury Hourglass"},{"floor":24,"key":"Unceasing Top"},{"floor":26,"key":"Juzu Bracelet"},{"floor":43,"key":"Darkstone Periapt"},{"floor":47,"key":"War Paint"}],"event_choices":[{"damage_healed":0,"gold_gain":0,"player_choice":"Bought 2 Potions","damage_taken":0,"max_hp_gain":0,"max_hp_loss":0,"event_name":"The Woman in Blue","floor":6,"gold_loss":0},{"damage_healed":0,"gold_gain":0,"player_choice":"Upgraded","damage_taken":0,"max_hp_gain":0,"max_hp_loss":0,"event_name":"Upgrade Shrine","floor":14,"gold_loss":0,"cards_upgraded":["Electrodynamics"]},{"damage_healed":0,"gold_gain":0,"player_choice":"Ignored","damage_taken":0,"max_hp_gain":0,"max_hp_loss":0,"event_name":"Cursed Tome","floor":22,"gold_loss":0},{"damage_healed":0,"gold_gain":0,"player_choice":"Fight","damage_taken":0,"max_hp_gain":0,"max_hp_loss":0,"event_name":"Colosseum","floor":27,"gold_loss":0},{"damage_healed":0,"gold_gain":0,"player_choice":"Fled From Nobs","damage_taken":0,"max_hp_gain":0,"max_hp_loss":0,"event_name":"Colosseum","floor":27,"gold_loss":0},{"damage_healed":0,"gold_gain":0,"cards_transformed":["Strike_B"],"player_choice":"Transformed","damage_taken":0,"max_hp_gain":0,"max_hp_loss":0,"event_name":"Transmorgrifier","floor":29,"gold_loss":0,"cards_obtained":["Cold Snap"]},{"damage_healed":0,"gold_gain":0,"player_choice":"Ignored","damage_taken":0,"max_hp_gain":0,"max_hp_loss":0,"event_name":"SecretPortal","floor":36,"gold_loss":0},{"damage_healed":0,"gold_gain":0,"player_choice":"Ignored","damage_taken":0,"max_hp_gain":0,"max_hp_loss":0,"event_name":"Tomb of Lord Red Mask","floor":38,"gold_loss":0},{"cards_removed":["Defend_B"],"damage_healed":0,"gold_gain":0,"player_choice":"Removed Skill","damage_taken":0,"max_hp_gain":0,"max_hp_loss":0,"event_name":"Falling","floor":44,"gold_loss":0},{"damage_healed":0,"gold_gain":0,"player_choice":"Gave Potion","damage_taken":0,"relics_obtained":["Vajra"],"max_hp_gain":0,"max_hp_loss":0,"event_name":"WeMeetAgain","floor":48,"gold_loss":0}],"is_beta":false,"boss_relics":[{"not_picked":["Calling Bell","Sozu"],"picked":"Inserter"},{"not_picked":["Snecko Eye","Pandora\u0027s Box"],"picked":"Philosopher\u0027s Stone"}],"items_purged_floors":[],"is_endless":false,"potions_floor_spawned":[2,3,16,19,21,41],"ascension_level":2}