{"path_per_floor":["M","M","T","?","?","R","E","R","T","M","R","$","?","M","R","B",null,"M","?","?","M","?","R","M","M","T","M","R","$","?","M","R","B"],"character_chosen":"THE_SILENT","items_purchased":["Backflip","Adrenaline"],"gold_per_floor":[15,33,33,33,33,33,60,60,114,126,126,1,1,20,20,118,118,131,131,76,57,57,57,68,83,83,93,93,13,13,27,27,124,124],"floor_reached":34,"campfire_rested":4,"playtime":11053,"item_purchase_floors":[12,29],"current_hp_per_floor":[70,70,70,70,70,70,7,28,28,28,49,49,35,34,55,41,70,56,56,56,56,56,56,55,55,55,55,55,55,55,53,70,4,70],"items_purged":["Defend_G"],"gold":124,"score":350,"play_id":"96f3a2b3-d64a-4ebd-962b-6e6c4a3910df","local_time":"20180601005311","is_prod":false,"is_daily":false,"chose_seed":false,"is_ascension_mode":false,"campfire_upgraded":3,"win_rate":0,"timestamp":1527835991,"campfire_choices":[{"data":"Defend_G","floor":6,"key":"SMITH"},{"floor":8,"key":"REST"},{"floor":11,"key":"REST"},{"floor":15,"key":"REST"},{"data":"Acrobatics","floor":23,"key":"SMITH"},{"data":"Blur","floor":28,"key":"SMITH"},{"floor":32,"key":"REST"}],"path_taken":["M","M","?","?","?","R","E","R","T","M","R","$","?","M","R","BOSS","M","?","?","?","?","R","M","?","T","M","R","$","?","M","R","BOSS"],"build_version":"2018-05-31","seed_source_timestamp":4708415625337188,"purchased_purges":1,"victory":false,"master_deck":["Defend_G+1","Defend_G","Defend_G","Strike_G+1","Strike_G","Strike_G","Strike_G","Survivor","Neutralize+1","Cloak And Dagger+1","Escape Plan+1","Acrobatics+1","Backflip","Blur+1","Tactician+1","Infinite Blades+1","Prepared+1","Backstab+1","Normality","Adrenaline+1","Escape Plan","Tactician"],"max_hp_per_floor":[70,70,70,70,70,70,70,70,70,70,70,70,70,70,70,70,70,70,70,70,70,70,70,70,70,70,70,70,70,70,70,70,70,70],"relics":["Ring of the Snake","Dead Branch","Centennial Puzzle","Potion Belt","Cursed Key","Tiny Chest","Snake Skull","Lizard Tail"],"card_choices":[{"not_picked":["Quick Slash","Dagger Throw","Malaise"],"picked":"SKIP","floor":1},{"not_picked":["Underhanded Strike","Sucker Punch"],"picked":"Cloak And Dagger","floor":2},{"not_picked":["Deadly Poison","Flying Knee"],"picked":"Escape Plan","floor":7},{"not_picked":["Dodge and Roll","Bane"],"picked":"Acrobatics","floor":10},{"not_picked":["Poisoned Stab","Dagger Throw"],"picked":"Blur","floor":14},{"not_picked":["Wraith Form v2","Doppelganger"],"picked":"Tactician","floor":16},{"not_picked":["Outmaneuver","Dodge and Roll"],"picked":"Infinite Blades+1","floor":18},{"not_picked":["Quick Slash","Bane"],"picked":"Prepared+1","floor":21},{"not_picked":["Reflex","All Out Attack","Slice+1"],"picked":"SKIP","floor":24},{"not_picked":["Riddle With Holes","Poisoned Stab"],"picked":"Backstab+1","floor":25},{"not_picked":["Outmaneuver","Setup","Choke"],"picked":"SKIP","floor":27},{"not_picked":["PiercingWail","Malaise"],"picked":"Escape Plan","floor":31},{"not_picked":["Die Die Die","Wraith Form v2"],"picked":"Tactician","floor":33}],"player_experience":663671,"potions_floor_usage":[16,16,27,31,33,33,33],"damage_taken":[{"damage":0,"enemies":"Cultist","floor":1,"turns":4},{"damage":0,"enemies":"2 Louse","floor":2,"turns":3},{"damage":63,"enemies":"Gremlin Nob","floor":7,"turns":8},{"damage":0,"enemies":"Small Slimes","floor":10,"turns":3},{"damage":1,"enemies":"Exordium Wildlife","floor":14,"turns":3},{"damage":14,"enemies":"Hexaghost","floor":16,"turns":14},{"damage":14,"enemies":"Chosen","floor":18,"turns":6},{"damage":0,"enemies":"2 Thieves","floor":21,"turns":4},{"damage":1,"enemies":"Sentry and Sphere","floor":24,"turns":4},{"damage":0,"enemies":"Chosen and Byrds","floor":25,"turns":8},{"damage":0,"enemies":"Cultist and Chosen","floor":27,"turns":8},{"damage":2,"enemies":"Snake Plant","floor":31,"turns":4},{"damage":66,"enemies":"Champ","floor":33,"turns":15}],"relics_obtained":[{"floor":3,"key":"Dead Branch"},{"floor":7,"key":"Centennial Puzzle"},{"floor":9,"key":"Potion Belt"},{"floor":26,"key":"Snake Skull"}],"event_choices":[{"event_name":"Living Wall","player_choice":"Grow","floor":4,"damage_taken":0},{"event_name":"Upgrade Shrine","player_choice":"Upgraded","floor":5,"damage_taken":0},{"event_name":"Shining Light","player_choice":"Entered Light","floor":13,"damage_taken":0},{"event_name":"Upgrade Shrine","player_choice":"Upgraded","floor":19,"damage_taken":0},{"event_name":"Addict","player_choice":"Obtained Relic","floor":20,"damage_taken":0},{"event_name":"Beggar","player_choice":"Ignored","floor":22,"damage_taken":0},{"event_name":"Accursed Blacksmith","player_choice":"Forge","floor":30,"damage_taken":0}],"boss_relics":[{"not_picked":["Philosopher\u0027s Stone","Black Star"],"picked":"Cursed Key"},{"not_picked":["Eternal Feather","Runic Dome"],"picked":"Lizard Tail"}],"items_purged_floors":[12],"potions_floor_spawned":[7,10,16,24,25],"seed_played":"4975957181257565761","ascension_level":0,"potions_obtained":[{"floor":7,"key":"EssenceOfSteel"},{"floor":10,"key":"LiquidBronze"},{"floor":16,"key":"LiquidBronze"},{"floor":24,"key":"PowerPotion"},{"floor":25,"key":"Swift Potion"}],"is_trial":false}