{"gold_per_floor":[110,123,298,298,298,298,313,313,393,410,99,160,160,193,193,291,291,271,271,271,40,59,59,73,84,108,128,128,141,141,153,153,153],"floor_reached":33,"playtime":1068,"items_purged":["Doubt"],"score":247,"play_id":"99be679f-e31b-4264-92f4-be030a3d84c3","local_time":"20190825081356","is_ascension_mode":false,"campfire_choices":[{"floor":6,"key":"RECALL"},{"data":"Fire Breathing","floor":8,"key":"SMITH"},{"floor":15,"key":"REST"},{"data":"Armaments","floor":23,"key":"SMITH"},{"floor":32,"key":"REST"}],"neow_cost":"NONE","seed_source_timestamp":406262639836137,"circlet_count":0,"master_deck":["Strike_R","Strike_R+1","Strike_R","Strike_R","Defend_R","Defend_R","Defend_R","Defend_R","Bash+1","Seeing Red","Fire Breathing+1","Heavy Blade","Metallicize","Armaments+1","Demon Form","Pummel","True Grit","Body Slam","Armaments+1"],"relics":["Burning Blood","NeowsBlessing","MealTicket","Self Forming Clay","Bag of Preparation","Busted Crown","Letter Opener","Bronze Scales","Anchor","Mummified Hand"],"potions_floor_usage":[16,16,16,31,31,31],"damage_taken":[{"damage":0,"enemies":"Small Slimes","floor":1,"turns":1},{"damage":0,"enemies":"2 Louse","floor":2,"turns":1},{"damage":0,"enemies":"Cultist","floor":7,"turns":1},{"damage":9,"enemies":"Blue Slaver","floor":10,"turns":4},{"damage":37,"enemies":"3 Sentries","floor":14,"turns":13},{"damage":74,"enemies":"Slime Boss","floor":16,"turns":19},{"damage":16,"enemies":"2 Thieves","floor":18,"turns":4},{"damage":7,"enemies":"Chosen","floor":22,"turns":4},{"damage":16,"enemies":"Centurion and Healer","floor":24,"turns":7},{"damage":13,"enemies":"Snecko","floor":25,"turns":4},{"damage":12,"enemies":"Snake Plant","floor":27,"turns":4},{"damage":30,"enemies":"Centurion and Healer","floor":29,"turns":15},{"damage":14,"enemies":"3 Cultists","floor":31,"turns":6},{"damage":46,"enemies":"Automaton","floor":33,"turns":6}],"seed_played":"1204314652336501163","potions_obtained":[{"floor":1,"key":"SpeedPotion"},{"floor":7,"key":"Weak Potion"},{"floor":14,"key":"BloodPotion"},{"floor":18,"key":"SkillPotion"},{"floor":22,"key":"Strength Potion"},{"floor":29,"key":"SpeedPotion"}],"is_trial":false,"path_per_floor":["M","M","?","?","?","R","M","R","T","M","$","?","?","E","R","B",null,"M","T","?","$","M","R","M","M","T","M","?","M","T","M","R","B"],"character_chosen":"IRONCLAD","items_purchased":["MealTicket","SkillPotion","SkillPotion","Bronze Scales"],"campfire_rested":2,"item_purchase_floors":[11,11,11,21],"current_hp_per_floor":[80,80,80,64,64,64,70,70,70,67,67,67,67,36,60,12,80,70,70,70,80,79,79,69,62,62,56,41,17,17,9,34,0],"gold":153,"neow_bonus":"THREE_ENEMY_KILL","is_prod":false,"is_daily":false,"chose_seed":false,"campfire_upgraded":2,"win_rate":0,"timestamp":1566692036,"path_taken":["M","M","?","?","?","R","?","R","T","M","$","?","?","E","R","BOSS","M","?","?","$","M","R","M","M","T","M","?","M","?","M","R","BOSS"],"build_version":"2019-07-17","purchased_purges":1,"victory":false,"max_hp_per_floor":[80,80,80,80,80,80,80,80,80,80,80,80,80,80,80,80,80,80,80,80,80,80,80,80,80,80,80,85,85,85,85,85,85],"card_choices":[{"not_picked":["Second Wind","Inflame"],"picked":"Seeing Red","floor":1},{"not_picked":["Body Slam","Thunderclap"],"picked":"Fire Breathing","floor":2},{"not_picked":["Rage","Blood for Blood"],"picked":"Metallicize","floor":7},{"not_picked":["Hemokinesis","Wild Strike","Carnage"],"picked":"SKIP","floor":10},{"not_picked":["Thunderclap","Uppercut"],"picked":"Armaments","floor":14},{"not_picked":["Exhume","Berserk"],"picked":"Demon Form","floor":16},{"not_picked":["Sword Boomerang"],"picked":"SKIP","floor":18},{"not_picked":[],"picked":"Pummel","floor":22},{"not_picked":[],"picked":"True Grit","floor":24},{"not_picked":["Armaments"],"picked":"SKIP","floor":25},{"not_picked":["Iron Wave"],"picked":"SKIP","floor":27},{"not_picked":[],"picked":"Body Slam","floor":29},{"not_picked":[],"picked":"Armaments+1","floor":31}],"player_experience":250076,"relics_obtained":[{"floor":14,"key":"Bag of Preparation"},{"floor":19,"key":"Letter Opener"},{"floor":26,"key":"Anchor"},{"floor":30,"key":"Mummified Hand"}],"event_choices":[{"damage_healed":0,"gold_gain":175,"player_choice":"AGREE","damage_taken":0,"max_hp_gain":0,"max_hp_loss":0,"event_name":"Liars Game","floor":3,"gold_loss":0,"cards_obtained":["Doubt"]},{"damage_healed":0,"gold_gain":0,"player_choice":"Entered Light","damage_taken":16,"max_hp_gain":0,"max_hp_loss":0,"event_name":"Shining Light","floor":4,"gold_loss":0,"cards_upgraded":["Strike_R","Bash"]},{"damage_healed":0,"gold_gain":0,"cards_transformed":["Strike_R"],"player_choice":"Transformed","damage_taken":0,"max_hp_gain":0,"max_hp_loss":0,"event_name":"Transmorgrifier","floor":5,"gold_loss":0,"cards_obtained":["Heavy Blade"]},{"damage_healed":0,"gold_gain":61,"player_choice":"Gained Gold","damage_taken":0,"max_hp_gain":0,"max_hp_loss":0,"event_name":"Golden Wing","floor":12,"gold_loss":0},{"damage_healed":0,"gold_gain":0,"player_choice":"Gave Potion","damage_taken":0,"relics_obtained":["Self Forming Clay"],"max_hp_gain":0,"max_hp_loss":0,"event_name":"WeMeetAgain","floor":13,"gold_loss":0},{"damage_healed":0,"gold_gain":0,"player_choice":"Ignored","damage_taken":0,"max_hp_gain":0,"max_hp_loss":0,"event_name":"Beggar","floor":20,"gold_loss":0},{"damage_healed":0,"gold_gain":0,"player_choice":"Shed Blood","damage_taken":20,"max_hp_gain":5,"max_hp_loss":0,"event_name":"Forgotten Altar","floor":28,"gold_loss":0}],"is_beta":false,"boss_relics":[{"not_picked":["White Beast Statue","Empty Cage"],"picked":"Busted Crown"}],"items_purged_floors":[21],"is_endless":false,"potions_floor_spawned":[1,7,14,18,22,29],"killed_by":"Automaton","ascension_level":0}