{"gold_per_floor":[116,132,144,161,46,46,57,57,81,6,22,37,48,66,66,167,167,182,197,28,45,59,59,59,59,59,71,71,71,91,101,101,199,199,209,226,52,52,0,14,25,25,25,25],"floor_reached":44,"playtime":2224,"items_purged":["Strike_G","Strike_G","Writhe"],"score":435,"play_id":"f2a53df9-ea8d-4e2a-841a-bc50c03619ac","local_time":"20190812132320","is_ascension_mode":false,"campfire_choices":[{"data":"Noxious Fumes","floor":6,"key":"SMITH"},{"floor":15,"key":"REST"},{"data":"Footwork","floor":23,"key":"SMITH"},{"floor":25,"key":"REST"},{"floor":28,"key":"REST"},{"floor":32,"key":"REST"}],"neow_cost":"NONE","seed_source_timestamp":631550920189075,"circlet_count":0,"master_deck":["Strike_G","Defend_G","Defend_G","Defend_G","Defend_G","Defend_G","Survivor","Neutralize","Blur","Noxious Fumes+1","Dagger Spray","Poisoned Stab","Prepared","Blur","Well Laid Plans","Backflip","Poisoned Stab","A Thousand Cuts","Backflip","Tools of the Trade","Tactician","Footwork+1","Backflip","PiercingWail+1","Escape Plan","Cloak And Dagger","PiercingWail+1","Outmaneuver+1","Deflect","Slice","Deflect+1","Deflect+1","Prepared+1","Madness","Madness","Escape Plan+1","Parasite","Catalyst"],"relics":["Empty Cage","Orichalcum","Cursed Key","Ancient Tea Set","Orrery","Red Mask"],"potions_floor_usage":[16,16,21,30,33,44],"damage_taken":[{"damage":5,"enemies":"Jaw Worm","floor":1,"turns":8},{"damage":13,"enemies":"Cultist","floor":2,"turns":8},{"damage":0,"enemies":"Small Slimes","floor":3,"turns":5},{"damage":4,"enemies":"Red Slaver","floor":4,"turns":7},{"damage":0,"enemies":"Large Slime","floor":7,"turns":7},{"damage":4,"enemies":"3 Louse","floor":11,"turns":4},{"damage":7,"enemies":"Blue Slaver","floor":12,"turns":4},{"damage":0,"enemies":"Large Slime","floor":13,"turns":6},{"damage":0,"enemies":"Red Slaver","floor":14,"turns":5},{"damage":23,"enemies":"Slime Boss","floor":16,"turns":10},{"damage":10,"enemies":"Spheric Guardian","floor":18,"turns":7},{"damage":24,"enemies":"3 Byrds","floor":19,"turns":5},{"damage":1,"enemies":"Snake Plant","floor":21,"turns":5},{"damage":8,"enemies":"Snecko","floor":22,"turns":8},{"damage":5,"enemies":"Shelled Parasite and Fungi","floor":27,"turns":7},{"damage":55,"enemies":"Cultist and Chosen","floor":30,"turns":8},{"damage":2,"enemies":"Snake Plant","floor":31,"turns":6},{"damage":17,"enemies":"Collector","floor":33,"turns":12},{"damage":0,"enemies":"Orb Walker","floor":35,"turns":6},{"damage":3,"enemies":"3 Shapes","floor":36,"turns":11},{"damage":14,"enemies":"Transient","floor":40,"turns":5},{"damage":21,"enemies":"Writhing Mass","floor":41,"turns":9},{"damage":29,"enemies":"Sphere and 2 Shapes","floor":44,"turns":3}],"seed_played":"94504419212856933","potions_obtained":[{"floor":1,"key":"EssenceOfSteel"},{"floor":3,"key":"LiquidBronze"},{"floor":8,"key":"AttackPotion"},{"floor":16,"key":"SpeedPotion"},{"floor":27,"key":"Fire Potion"},{"floor":30,"key":"SteroidPotion"},{"floor":36,"key":"Energy Potion"}],"is_trial":false,"path_per_floor":["M","M","M","M","$","R","M","?","T","$","M","M","M","M","R","B",null,"M","M","$","M","M","R","?","R","T","M","R","$","M","M","R","B",null,"M","M","$","?","?","M","M","$","T","M"],"character_chosen":"THE_SILENT","items_purchased":["Prepared","Blur","Footwork","PowerPotion"],"campfire_rested":4,"item_purchase_floors":[5,5,20,37],"current_hp_per_floor":[65,52,52,48,48,48,48,48,48,48,44,37,37,37,58,35,70,60,36,36,35,27,27,27,48,48,43,64,64,9,7,28,11,70,70,67,67,58,58,44,23,23,23,0],"gold":25,"neow_bonus":"BOSS_RELIC","is_prod":false,"is_daily":false,"chose_seed":false,"campfire_upgraded":2,"win_rate":0,"timestamp":1565587400,"path_taken":["M","M","M","M","$","R","M","?","T","$","?","?","M","M","R","BOSS","M","M","$","M","M","R","?","R","T","M","R","$","M","M","R","BOSS","M","M","$","?","?","M","M","$","T","M"],"build_version":"2019-07-17","purchased_purges":3,"victory":false,"max_hp_per_floor":[70,70,70,70,70,70,70,70,70,70,70,70,70,70,70,70,70,70,70,70,70,70,70,70,70,70,70,70,70,70,70,70,70,70,70,70,70,70,70,70,70,70,70,70],"card_choices":[{"not_picked":["Heel Hook","All Out Attack"],"picked":"Blur","floor":1},{"not_picked":["Backstab","Sucker Punch"],"picked":"Noxious Fumes","floor":2},{"not_picked":["Dagger Throw","Sucker Punch"],"picked":"Dagger Spray","floor":3},{"not_picked":["Flying Knee","Concentrate"],"picked":"Poisoned Stab","floor":4},{"not_picked":["Underhanded Strike","Flying Knee"],"picked":"Well Laid Plans","floor":7},{"not_picked":["Deflect","Deadly Poison"],"picked":"Backflip","floor":11},{"not_picked":["Masterful Stab","Choke"],"picked":"Poisoned Stab","floor":12},{"not_picked":["Noxious Fumes","Outmaneuver"],"picked":"A Thousand Cuts","floor":13},{"not_picked":["Dagger Throw","Flying Knee"],"picked":"Backflip","floor":14},{"not_picked":["Grand Finale","Glass Knife"],"picked":"Tools of the Trade","floor":16},{"not_picked":["Catalyst","Prepared"],"picked":"Tactician","floor":18},{"not_picked":["Dagger Throw","Predator","Blade Dance"],"picked":"SKIP","floor":19},{"not_picked":["Sucker Punch+1","Underhanded Strike"],"picked":"Backflip","floor":21},{"not_picked":["Poisoned Stab","Quick Slash+1"],"picked":"PiercingWail+1","floor":22},{"not_picked":["Quick Slash+1","Acrobatics"],"picked":"Escape Plan","floor":27},{"not_picked":["Skewer","Bane+1"],"picked":"Cloak And Dagger","floor":30},{"not_picked":["Riddle With Holes","Well Laid Plans+1"],"picked":"PiercingWail+1","floor":31},{"not_picked":["Slice","Dagger Throw"],"picked":"Outmaneuver+1","floor":34},{"not_picked":["Blade Dance+1","Footwork"],"picked":"Deflect","floor":34},{"not_picked":["Expertise","PiercingWail+1"],"picked":"Slice","floor":34},{"not_picked":["Unload","Flechettes+1"],"picked":"Deflect+1","floor":34},{"not_picked":["Outmaneuver","Flying Knee"],"picked":"Deflect+1","floor":35},{"not_picked":["Dodge and Roll+1","Deflect"],"picked":"Prepared+1","floor":36},{"not_picked":["Bane","Underhanded Strike+1"],"picked":"Escape Plan+1","floor":40},{"not_picked":["Underhanded Strike","Burst"],"picked":"Catalyst","floor":41}],"player_experience":183594,"relics_obtained":[{"floor":9,"key":"Orichalcum"}],"event_choices":[{"damage_healed":0,"gold_gain":0,"player_choice":"Got Potions","damage_taken":0,"max_hp_gain":0,"max_hp_loss":0,"event_name":"Lab","floor":8,"gold_loss":0},{"damage_healed":0,"gold_gain":0,"player_choice":"Opened","damage_taken":0,"relics_obtained":["Ancient Tea Set"],"max_hp_gain":0,"max_hp_loss":0,"event_name":"The Mausoleum","floor":24,"gold_loss":0,"cards_obtained":["Writhe"]},{"damage_healed":0,"gold_gain":0,"player_choice":"Embrace Madness","damage_taken":9,"max_hp_gain":0,"max_hp_loss":0,"event_name":"Winding Halls","floor":38,"gold_loss":0,"cards_obtained":["Madness","Madness"]},{"damage_healed":0,"gold_gain":0,"player_choice":"Paid","damage_taken":0,"relics_obtained":["Red Mask"],"max_hp_gain":0,"max_hp_loss":0,"event_name":"Tomb of Lord Red Mask","floor":39,"gold_loss":52}],"is_beta":false,"boss_relics":[{"not_picked":["Snecko Eye","Runic Dome"],"picked":"Cursed Key"},{"not_picked":["Fusion Hammer","WristBlade"],"picked":"Orrery"}],"items_purged_floors":[10,20,37],"is_endless":false,"potions_floor_spawned":[1,3,16,27,30,36,41],"killed_by":"Sphere and 2 Shapes","ascension_level":0}