{"gold_per_floor":[111,111,123,153,182,229,241,253,291,334,35,53,53,0,0,76,76,86,1,1,1,1,1],"floor_reached":23,"playtime":1148,"items_purged":["Strike_G"],"score":490,"play_id":"489af56a-84b5-4651-bf5b-2a967d2989fe","local_time":"20190822212449","is_ascension_mode":true,"campfire_choices":[{"floor":7,"key":"REST"},{"floor":13,"key":"REST"},{"data":"Catalyst","floor":15,"key":"SMITH"}],"neow_cost":"NONE","seed_source_timestamp":86089549714488,"circlet_count":0,"master_deck":["AscendersBane","Strike_G","Strike_G","Strike_G+1","Strike_G+1","Defend_G","Defend_G","Defend_G","Defend_G","Defend_G","Survivor","Neutralize","Deadly Poison","Blur","PiercingWail","Crippling Poison","Well Laid Plans","Catalyst+1","Bullet Time","Backflip","PiercingWail","Deadly Poison","Leg Sweep","Necronomicurse"],"relics":["Ring of the Snake","Whetstone","MawBank","Mango","Juzu Bracelet","Bronze Scales","Oddly Smooth Stone","Orrery","Toxic Egg 2","Necronomicon"],"potions_floor_usage":[6,10,16],"damage_taken":[{"damage":1,"enemies":"2 Louse","floor":1,"turns":3},{"damage":0,"enemies":"Cultist","floor":4,"turns":3},{"damage":1,"enemies":"Small Slimes","floor":5,"turns":4},{"damage":43,"enemies":"Lagavulin","floor":6,"turns":8},{"damage":41,"enemies":"3 Sentries","floor":10,"turns":9},{"damage":9,"enemies":"3 Louse","floor":12,"turns":2},{"damage":0,"enemies":"The Guardian","floor":16,"turns":7},{"damage":15,"enemies":"Shell Parasite","floor":18,"turns":5},{"damage":38,"enemies":"Slavers","floor":23,"turns":4}],"seed_played":"1468841156848304913","potions_obtained":[{"floor":1,"key":"Poison Potion"},{"floor":4,"key":"GamblersBrew"},{"floor":6,"key":"LiquidBronze"},{"floor":16,"key":"Ancient Potion"}],"is_trial":false,"path_per_floor":["M","?","$","M","M","E","R","$","T","E","$","M","R","$","R","B",null,"M","?","?","?","?","E"],"character_chosen":"THE_SILENT","items_purchased":["Oddly Smooth Stone","Well Laid Plans","Poison Potion"],"campfire_rested":2,"item_purchase_floors":[11,11,14],"current_hp_per_floor":[58,58,58,58,57,28,52,52,52,11,11,2,26,26,26,26,67,52,52,52,52,31,0],"gold":1,"neow_bonus":"RANDOM_COMMON_RELIC","is_prod":false,"is_daily":false,"chose_seed":false,"campfire_upgraded":1,"win_rate":0,"timestamp":1566476689,"path_taken":["M","?","$","M","M","E","R","$","T","E","$","M","R","?","R","BOSS","M","?","?","?","?","E"],"build_version":"2019-07-17","purchased_purges":1,"victory":false,"max_hp_per_floor":[66,66,66,66,66,80,80,80,80,80,80,80,80,80,80,80,80,80,80,80,80,80,80],"card_choices":[{"not_picked":["Distraction","Choke"],"picked":"Deadly Poison","floor":1},{"not_picked":["Slice","Sucker Punch"],"picked":"Blur","floor":4},{"not_picked":["Dagger Spray","Quick Slash"],"picked":"PiercingWail","floor":5},{"not_picked":["Heel Hook","Bane","Masterful Stab"],"picked":"SKIP","floor":6},{"not_picked":["Riddle With Holes","Expertise"],"picked":"Crippling Poison","floor":10},{"not_picked":["Dagger Spray","Dodge and Roll"],"picked":"Catalyst","floor":12},{"not_picked":["Glass Knife","Grand Finale"],"picked":"Bullet Time","floor":16},{"not_picked":["Flechettes","Deflect"],"picked":"Backflip","floor":17},{"not_picked":["Prepared","Underhanded Strike"],"picked":"PiercingWail","floor":17},{"not_picked":["Blade Dance","Prepared"],"picked":"Deadly Poison","floor":17},{"not_picked":["Well Laid Plans","Heel Hook"],"picked":"Leg Sweep","floor":18}],"player_experience":589829,"relics_obtained":[{"floor":6,"key":"Mango"},{"floor":9,"key":"Juzu Bracelet"},{"floor":10,"key":"Bronze Scales"},{"floor":22,"key":"Necronomicon"}],"event_choices":[{"damage_healed":0,"gold_gain":0,"player_choice":"Gave Potion","damage_taken":0,"relics_obtained":["MawBank"],"max_hp_gain":0,"max_hp_loss":0,"event_name":"WeMeetAgain","floor":2,"gold_loss":0},{"damage_healed":0,"gold_gain":0,"player_choice":"Obtained Relic","damage_taken":0,"relics_obtained":["Toxic Egg 2"],"max_hp_gain":0,"max_hp_loss":0,"event_name":"Addict","floor":19,"gold_loss":85},{"damage_healed":0,"gold_gain":0,"player_choice":"Ignored","damage_taken":0,"max_hp_gain":0,"max_hp_loss":0,"event_name":"Vampires","floor":20,"gold_loss":0},{"damage_healed":0,"gold_gain":0,"player_choice":"Ignored","damage_taken":0,"max_hp_gain":0,"max_hp_loss":0,"event_name":"The Mausoleum","floor":21,"gold_loss":0},{"damage_healed":0,"gold_gain":0,"player_choice":"Obtained Book","damage_taken":21,"max_hp_gain":0,"max_hp_loss":0,"event_name":"Cursed Tome","floor":22,"gold_loss":0}],"is_beta":false,"boss_relics":[{"not_picked":["Runic Dome","Empty Cage"],"picked":"Orrery"}],"items_purged_floors":[11],"is_endless":false,"potions_floor_spawned":[1,4,6,16],"killed_by":"Slavers","ascension_level":20}