{"gold_per_floor":[112,129,141,48,64,64,64,64,64,95,110,110,126,137,137,137],"floor_reached":16,"playtime":806,"items_purged":[],"score":109,"play_id":"70b2ec33-0a11-473b-94aa-72e88d5bbe16","local_time":"20190419192015","is_ascension_mode":true,"campfire_choices":[{"data":"True Grit","floor":6,"key":"SMITH"},{"data":"Bash","floor":8,"key":"SMITH"},{"data":"Shrug It Off","floor":12,"key":"SMITH"},{"floor":15,"key":"REST"}],"neow_cost":"NONE","seed_source_timestamp":30533103157279,"circlet_count":0,"master_deck":["Strike_R","Strike_R","Strike_R","Strike_R","Strike_R","Defend_R","Defend_R","Defend_R","Defend_R","Bash+1","Double Tap","True Grit+1","Shrug It Off+1","Heavy Blade","True Grit"],"relics":["Burning Blood","Dodecahedron","Bag of Preparation","Centennial Puzzle"],"potions_floor_usage":[10,16,16,16],"damage_taken":[{"damage":8,"enemies":"Jaw Worm","floor":1,"turns":4},{"damage":6,"enemies":"Cultist","floor":2,"turns":3},{"damage":5,"enemies":"2 Louse","floor":3,"turns":2},{"damage":19,"enemies":"Blue Slaver","floor":5,"turns":4},{"damage":18,"enemies":"Lagavulin","floor":10,"turns":6},{"damage":10,"enemies":"2 Fungi Beasts","floor":11,"turns":4},{"damage":13,"enemies":"Red Slaver","floor":13,"turns":3},{"damage":2,"enemies":"Large Slime","floor":14,"turns":6},{"damage":73,"enemies":"Slime Boss","floor":16,"turns":15}],"seed_played":"-6985489048599378695","potions_obtained":[{"floor":5,"key":"Energy Potion"},{"floor":10,"key":"Poison Potion"},{"floor":13,"key":"Energy Potion"},{"floor":14,"key":"Strength Potion"}],"is_trial":false,"path_per_floor":["M","M","M","?","M","R","$","R","T","E","M","R","M","M","R","B"],"character_chosen":"IRONCLAD","items_purchased":[],"campfire_rested":1,"item_purchase_floors":[],"current_hp_per_floor":[78,78,79,79,66,66,66,66,66,54,50,50,43,47,71,0],"gold":137,"neow_bonus":"ONE_RANDOM_RARE_CARD","is_prod":false,"is_daily":false,"chose_seed":false,"campfire_upgraded":3,"win_rate":0,"timestamp":1555672815,"path_taken":["M","M","M","?","M","R","$","R","T","E","M","R","M","M","R","BOSS"],"build_version":"2019-01-23","purchased_purges":0,"victory":false,"max_hp_per_floor":[80,80,80,80,80,80,80,80,80,80,80,80,80,80,80,80],"card_choices":[{"not_picked":["Pommel Strike","Warcry","Burning Pact"],"picked":"SKIP","floor":1},{"not_picked":["Wild Strike","Clothesline"],"picked":"True Grit","floor":2},{"not_picked":["Carnage","Iron Wave","Thunderclap"],"picked":"SKIP","floor":3},{"not_picked":["Body Slam","Rupture","Thunderclap"],"picked":"SKIP","floor":5},{"not_picked":["Headbutt","True Grit","Second Wind"],"picked":"SKIP","floor":10},{"not_picked":["Whirlwind","Warcry"],"picked":"Shrug It Off","floor":11},{"not_picked":["Infernal Blade","Power Through"],"picked":"Heavy Blade","floor":13},{"not_picked":["Bloodletting","Berserk"],"picked":"True Grit","floor":14}],"player_experience":81167,"relics_obtained":[{"floor":9,"key":"Bag of Preparation"},{"floor":10,"key":"Centennial Puzzle"}],"event_choices":[{"damage_healed":0,"gold_gain":0,"player_choice":"Paid Gold","damage_taken":0,"relics_obtained":["Dodecahedron"],"max_hp_gain":0,"max_hp_loss":0,"event_name":"WeMeetAgain","floor":4,"gold_loss":93}],"is_beta":false,"boss_relics":[],"items_purged_floors":[],"is_endless":false,"potions_floor_spawned":[5,10,13,14],"killed_by":"Slime Boss","ascension_level":1}