{"gold_per_floor":[110,185,285,300,23,23,40,118,194,214,89,124,124,136,136,233,233,249,260,63,63,73,73,99,99,167,167,167],"floor_reached":28,"playtime":1162,"items_purged":["Strike_B","Defend_B"],"score":391,"play_id":"2cb3593c-4007-4e3c-854f-2b10c6ca4aab","local_time":"20190823165340","is_ascension_mode":true,"campfire_choices":[{"data":"Electrodynamics","floor":6,"key":"SMITH"},{"floor":13,"key":"REST"},{"data":"Go for the Eyes","floor":15,"key":"SMITH"},{"data":"Sunder","floor":23,"key":"SMITH"},{"data":"Bite","floor":25,"key":"SMITH"},{"data":"Defend_B","floor":27,"key":"SMITH"}],"neow_cost":"NONE","seed_source_timestamp":95291149444839,"circlet_count":0,"master_deck":["AscendersBane","Defend_B","Defend_B","Defend_B+1","Zap","Dualcast","Go for the Eyes+1","Sunder+1","Electrodynamics+1","Cold Snap","Cold Snap","Barrage","Go for the Eyes","Ball Lightning","Creative AI","Bite","Bite+1","Bite","Bite","Bite","Static Discharge+1"],"special_seed":0,"relics":["Cracked Core","Singing Bowl","PreservedInsect","Snecko Eye","Toy Ornithopter","Boot","The Courier"],"potions_floor_usage":[12,12,16,16,19,24,28],"damage_taken":[{"damage":2.0,"enemies":"2 Louse","floor":1.0,"turns":2.0},{"damage":0.0,"enemies":"Small Slimes","floor":4.0,"turns":3.0},{"damage":0,"enemies":"Cultist","floor":7,"turns":3},{"damage":11,"enemies":"3 Louse","floor":10,"turns":2},{"damage":15,"enemies":"Lagavulin","floor":12,"turns":5},{"damage":4,"enemies":"Looter","floor":14,"turns":2},{"damage":28,"enemies":"Hexaghost","floor":16,"turns":9},{"damage":19,"enemies":"Shell Parasite","floor":18,"turns":3},{"damage":0,"enemies":"Chosen","floor":19,"turns":3},{"damage":23,"enemies":"Snecko","floor":22,"turns":4},{"damage":25,"enemies":"Book of Stabbing","floor":24,"turns":4},{"damage":31,"enemies":"Shelled Parasite and Fungi","floor":28,"turns":3}],"seed_played":"-817312150058645253","potions_obtained":[{"floor":0.0,"key":"GamblersBrew"},{"floor":0.0,"key":"EntropicBrew"},{"floor":4.0,"key":"Block Potion"},{"floor":16,"key":"EssenceOfSteel"},{"floor":18,"key":"SteroidPotion"},{"floor":24,"key":"SpeedPotion"}],"is_trial":false,"path_per_floor":["M","?","?","M","$","R","M","?","T","M","$","E","R","M","R","B",null,"M","M","$","?","M","R","E","R","T","R","M"],"character_chosen":"DEFECT","items_purchased":["Electrodynamics","Cold Snap","Barrage","Toy Ornithopter"],"campfire_rested":1,"item_purchase_floors":[5,5,11,20],"current_hp_per_floor":[66,55,55,55,55,55,55,55,55,46,46,31,54,50,50,22,63,46,48,48,48,37,37,17,17,17,17,0],"gold":167,"neow_bonus":"THREE_SMALL_POTIONS","is_prod":false,"is_daily":false,"chose_seed":false,"campfire_upgraded":5,"win_rate":0,"timestamp":1566604420,"path_taken":["M","?","?","?","$","R","M","?","T","M","$","E","R","M","R","BOSS","M","M","$","?","M","R","E","R","T","R","M"],"build_version":"2019-07-17","purchased_purges":2,"victory":false,"max_hp_per_floor":[75,75,75,75,75,75,75,75,75,77,77,77,77,77,77,77,77,79,81,81,56,58,58,58,58,58,58,58],"card_choices":[{"not_picked":["Compile Driver","Rebound"],"picked":"Go for the Eyes","floor":1.0},{"not_picked":["Gash","Barrage"],"picked":"Sunder","floor":4.0},{"not_picked":["Rebound","Aggregate"],"picked":"Cold Snap","floor":7},{"not_picked":["Redo","Rainbow","Streamline"],"picked":"Singing Bowl","floor":10},{"not_picked":["Darkness","Aggregate"],"picked":"Go for the Eyes","floor":12},{"not_picked":["Hologram","Conserve Battery"],"picked":"Ball Lightning","floor":14},{"not_picked":["Meteor Strike","Fission"],"picked":"Creative AI","floor":16},{"not_picked":["Sweeping Beam","Conserve Battery","Hello World"],"picked":"Singing Bowl","floor":18},{"not_picked":["Coolheaded+1","Sweeping Beam+1","Heatsinks"],"picked":"Singing Bowl","floor":19},{"not_picked":["Hologram","Double Energy","Lockon"],"picked":"Singing Bowl","floor":22},{"not_picked":["Compile Driver","Hello World+1"],"picked":"Static Discharge+1","floor":24}],"player_experience":567980,"relics_obtained":[{"floor":9,"key":"Singing Bowl"},{"floor":12,"key":"PreservedInsect"},{"floor":24,"key":"Boot"},{"floor":26,"key":"The Courier"}],"event_choices":[{"damage_healed":0.0,"max_hp_gain":0.0,"max_hp_loss":0.0,"gold_gain":75.0,"event_name":"World of Goop","player_choice":"Gather Gold","floor":2.0,"gold_loss":0.0,"damage_taken":11.0},{"damage_healed":0.0,"max_hp_gain":0.0,"max_hp_loss":0.0,"gold_gain":100.0,"event_name":"Wheel of Change","player_choice":"Gold","floor":3.0,"gold_loss":0.0,"damage_taken":0.0},{"damage_healed":0,"gold_gain":78,"player_choice":"Gained Gold","damage_taken":0,"max_hp_gain":0,"max_hp_loss":0,"event_name":"Golden Wing","floor":8,"gold_loss":0},{"damage_healed":0,"gold_gain":0,"player_choice":"Became a vampire","damage_taken":0,"max_hp_gain":0,"max_hp_loss":25,"event_name":"Vampires","floor":21,"gold_loss":0,"cards_obtained":["Bite","Bite","Bite","Bite","Bite"]}],"is_beta":false,"boss_relics":[{"not_picked":["Astrolabe","Busted Crown"],"picked":"Snecko Eye"}],"items_purged_floors":[5,11],"is_endless":false,"potions_floor_spawned":[4,7,10,16,18,24],"killed_by":"Shelled Parasite and Fungi","ascension_level":11}