{"gold_per_floor":[115,41,41,216,181,181,181,221,245,245,261,261,295,174,174,302,302,316,415,439,457,138,138,138,152,227,243,243,243,145,161,161,284,284,302,321,321,336,356,356,356,356,404,404,420,420],"floor_reached":46,"playtime":2567,"items_purged":["Doubt","Strike_G"],"score":501,"play_id":"31f0c40b-5f08-4a1e-b343-47e82fe5df35","local_time":"20190814185650","is_ascension_mode":false,"campfire_choices":[{"data":"Noxious Fumes","floor":6,"key":"SMITH"},{"data":"Calculated Gamble","floor":10,"key":"SMITH"},{"data":"Well Laid Plans","floor":12,"key":"SMITH"},{"floor":15,"key":"REST"},{"data":"Catalyst","floor":23,"key":"SMITH"},{"floor":28,"key":"REST"},{"floor":32,"key":"REST"},{"floor":40,"key":"REST"},{"data":"Catalyst","floor":42,"key":"SMITH"},{"data":"Glass Knife","floor":44,"key":"SMITH"}],"neow_cost":"NONE","seed_source_timestamp":824034528885543,"circlet_count":0,"master_deck":["Strike_G","Strike_G","Strike_G","Strike_G","Defend_G","Defend_G","Defend_G","Defend_G","Defend_G","Survivor","Neutralize","Noxious Fumes+1","Calculated Gamble+1","Finisher","Well Laid Plans+1","Infinite Blades","Catalyst+1","Deadly Poison","Adrenaline+1","Deflect+1","Deadly Poison","Catalyst+1","Distraction","Neutralize","Caltrops","Outmaneuver+1","Prepared","Glass Knife+1","Acrobatics+1"],"relics":["Ring of the Snake","NeowsBlessing","Golden Idol","Smiling Mask","Snake Skull","Mango","Philosopher\u0027s Stone","Lee\u0027s Waffle","Bottled Lightning","Eternal Feather","Dream Catcher"],"potions_floor_usage":[13,13,27,31,36,39,46],"damage_taken":[{"damage":0,"enemies":"2 Louse","floor":1,"turns":1},{"damage":0,"enemies":"3 Sentries","floor":8,"turns":1},{"damage":0,"enemies":"Small Slimes","floor":11,"turns":2},{"damage":48,"enemies":"Gremlin Nob","floor":13,"turns":5},{"damage":29,"enemies":"The Guardian","floor":16,"turns":9},{"damage":18,"enemies":"Spheric Guardian","floor":18,"turns":5},{"damage":16,"enemies":"Shell Parasite","floor":20,"turns":5},{"damage":33,"enemies":"Centurion and Healer","floor":21,"turns":7},{"damage":11,"enemies":"Snake Plant","floor":25,"turns":4},{"damage":68,"enemies":"Cultist and Chosen","floor":27,"turns":8},{"damage":25,"enemies":"3 Cultists","floor":31,"turns":6},{"damage":22,"enemies":"Collector","floor":33,"turns":6},{"damage":76,"enemies":"3 Darklings","floor":35,"turns":7},{"damage":0,"enemies":"3 Shapes","floor":36,"turns":4},{"damage":10,"enemies":"Jaw Worm Horde","floor":38,"turns":5},{"damage":9,"enemies":"Transient","floor":39,"turns":5},{"damage":65,"enemies":"Sphere and 2 Shapes","floor":45,"turns":8},{"damage":47,"enemies":"Spire Growth","floor":46,"turns":5}],"seed_played":"-105115213695173802","potions_obtained":[{"floor":1,"key":"SteroidPotion"},{"floor":8,"key":"SteroidPotion"},{"floor":21,"key":"FairyPotion"},{"floor":25,"key":"AttackPotion"},{"floor":31,"key":"Regen Potion"},{"floor":33,"key":"SteroidPotion"},{"floor":38,"key":"Dexterity Potion"},{"floor":39,"key":"Regen Potion"}],"is_trial":false,"path_per_floor":["M","$","?","?","?","R","$","E","T","R","M","R","E","$","R","B",null,"M","?","M","M","$","R","?","M","T","M","R","$","$","M","R","B",null,"M","M","?","M","M","R","?","R","T","R","M","M"],"character_chosen":"THE_SILENT","items_purchased":["Calculated Gamble","Catalyst","Deadly Poison","Lee\u0027s Waffle","Catalyst","Block Potion"],"campfire_rested":4,"item_purchase_floors":[2,14,14,22,22,30],"current_hp_per_floor":[70,70,53,53,70,70,70,70,70,70,70,70,36,36,61,32,84,66,66,50,17,91,91,91,80,80,12,39,39,39,14,41,19,91,15,27,27,17,8,50,50,65,65,80,15,0],"gold":420,"neow_bonus":"THREE_ENEMY_KILL","is_prod":false,"is_daily":false,"chose_seed":false,"campfire_upgraded":6,"win_rate":0,"timestamp":1565780210,"path_taken":["M","$","?","?","?","R","$","E","T","R","M","R","E","?","R","BOSS","M","?","M","M","$","R","?","?","T","?","R","?","$","M","R","BOSS","M","M","?","?","M","R","?","R","T","R","M","M"],"build_version":"2019-07-17","purchased_purges":2,"victory":false,"max_hp_per_floor":[70,70,70,70,70,70,70,70,70,70,70,70,84,84,84,84,84,84,84,84,84,91,91,91,91,91,91,91,91,91,91,91,91,91,91,91,91,91,91,91,91,91,91,91,91,91],"card_choices":[{"not_picked":["Expertise","Bane"],"picked":"Noxious Fumes","floor":1},{"not_picked":["Prepared","Deadly Poison"],"picked":"Finisher","floor":8},{"not_picked":["Expertise","Slice"],"picked":"Well Laid Plans","floor":11},{"not_picked":["Bane","Backflip"],"picked":"Infinite Blades","floor":13},{"not_picked":["Night Terror","Unload"],"picked":"Adrenaline","floor":16},{"not_picked":["Slice","Underhanded Strike+1"],"picked":"Deflect+1","floor":18},{"not_picked":["Underhanded Strike","Flying Knee+1","Endless Agony"],"picked":"SKIP","floor":20},{"not_picked":["Bullet Time","Expertise"],"picked":"Deadly Poison","floor":21},{"not_picked":["Endless Agony","Dagger Throw"],"picked":"Caltrops","floor":25},{"not_picked":["Caltrops+1","Dagger Spray"],"picked":"Outmaneuver+1","floor":27},{"not_picked":["Well Laid Plans+1","Dagger Throw"],"picked":"Prepared","floor":31},{"not_picked":["Envenom","Phantasmal Killer"],"picked":"Glass Knife","floor":33},{"not_picked":["Dash","Blade Dance"],"picked":"Acrobatics+1","floor":35},{"not_picked":["Accuracy+1","Cloak And Dagger+1","Concentrate+1"],"picked":"SKIP","floor":36},{"not_picked":["Noxious Fumes","Acrobatics","Prepared+1"],"picked":"SKIP","floor":38},{"not_picked":["Bouncing Flask+1","Poisoned Stab+1","Quick Slash"],"picked":"SKIP","floor":39},{"not_picked":["Quick Slash+1","Prepared+1","Dagger Throw+1"],"picked":"SKIP","floor":45}],"player_experience":200283,"relics_obtained":[{"floor":8,"key":"Smiling Mask"},{"floor":9,"key":"Snake Skull"},{"floor":13,"key":"Mango"},{"floor":26,"key":"Bottled Lightning"},{"floor":43,"key":"Dream Catcher"}],"event_choices":[{"damage_healed":0,"gold_gain":0,"player_choice":"Take Damage","damage_taken":17,"relics_obtained":["Golden Idol"],"max_hp_gain":0,"max_hp_loss":0,"event_name":"Golden Idol","floor":3,"gold_loss":0},{"damage_healed":0,"gold_gain":175,"player_choice":"AGREE","damage_taken":0,"max_hp_gain":0,"max_hp_loss":0,"event_name":"Liars Game","floor":4,"gold_loss":0,"cards_obtained":["Doubt"]},{"damage_healed":17,"gold_gain":0,"player_choice":"Healed","damage_taken":0,"max_hp_gain":0,"max_hp_loss":0,"event_name":"The Cleric","floor":5,"gold_loss":35},{"damage_healed":0,"gold_gain":99,"player_choice":"Stole From Cult","damage_taken":0,"max_hp_gain":0,"max_hp_loss":0,"event_name":"Nest","floor":19,"gold_loss":0},{"damage_healed":0,"gold_gain":0,"player_choice":"2 cards matched","damage_taken":0,"max_hp_gain":0,"max_hp_loss":0,"event_name":"Match and Keep!","floor":24,"gold_loss":0,"cards_obtained":["Distraction","Neutralize"]},{"damage_healed":0,"gold_gain":0,"player_choice":"Upgraded","damage_taken":0,"max_hp_gain":0,"max_hp_loss":0,"event_name":"Upgrade Shrine","floor":37,"gold_loss":0,"cards_upgraded":["Adrenaline"]},{"damage_healed":0,"gold_gain":0,"player_choice":"Ignored","damage_taken":0,"max_hp_gain":0,"max_hp_loss":0,"event_name":"NoteForYourself","floor":41,"gold_loss":0}],"is_beta":false,"boss_relics":[{"not_picked":["White Beast Statue","Calling Bell"],"picked":"Philosopher\u0027s Stone"},{"not_picked":["Black Star","Empty Cage"],"picked":"Eternal Feather"}],"items_purged_floors":[22,30],"is_endless":false,"potions_floor_spawned":[1,8,21,25,31,33,38,39],"killed_by":"Spire Growth","ascension_level":0}