{"gold_per_floor":[114,114,81,94,19,50,81,103,115,127,139,151,163,186,198,210],"floor_reached":16,"playtime":474,"items_purged":["Strike_G"],"score":125,"play_id":"41c40e2d-60c7-42a7-900e-ca31ffa33669","local_time":"20190807200351","is_ascension_mode":false,"campfire_choices":[{"data":"Prepared","floor":10,"key":"SMITH"},{"data":"Backflip","floor":13,"key":"SMITH"},{"floor":15,"key":"REST"}],"neow_cost":"NONE","seed_source_timestamp":225289910982201,"circlet_count":0,"master_deck":["Strike_G","Strike_G","Strike_G","Strike_G","Defend_G","Defend_G","Defend_G","Defend_G","Defend_G","Survivor","Neutralize","Prepared+1","Backflip+1","Blade Dance"],"relics":["Ring of the Snake","NeowsBlessing","MawBank","Gremlin Horn","FossilizedHelix"],"potions_floor_usage":[],"damage_taken":[{"damage":0,"enemies":"Jaw Worm","floor":1,"turns":1},{"damage":0,"enemies":"Small Slimes","floor":4,"turns":1},{"damage":0,"enemies":"Gremlin Nob","floor":6,"turns":1},{"damage":0,"enemies":"Cultist","floor":7,"turns":5},{"damage":10,"enemies":"Large Slime","floor":8,"turns":11},{"damage":4,"enemies":"Gremlin Gang","floor":14,"turns":7},{"damage":38,"enemies":"Hexaghost","floor":16,"turns":10}],"seed_played":"7257198505873469778","potions_obtained":[{"floor":6,"key":"SkillPotion"},{"floor":7,"key":"AttackPotion"},{"floor":8,"key":"Swift Potion"}],"is_trial":false,"path_per_floor":["M","?","?","M","$","E","M","M","T","R","$","?","R","M","R","B"],"character_chosen":"THE_SILENT","items_purchased":[],"campfire_rested":1,"item_purchase_floors":[],"current_hp_per_floor":[70,75,75,75,75,75,75,65,65,65,65,62,62,58,75,37],"gold":210,"neow_bonus":"THREE_ENEMY_KILL","is_prod":false,"is_daily":false,"chose_seed":false,"campfire_upgraded":2,"win_rate":0,"timestamp":1565179431,"path_taken":["M","?","?","M","$","E","M","M","T","R","$","?","R","M","R","BOSS"],"build_version":"2019-07-17","purchased_purges":1,"victory":false,"max_hp_per_floor":[70,75,75,75,75,75,75,75,75,75,75,75,75,75,75,75],"card_choices":[{"not_picked":["Cloak And Dagger","Quick Slash","Flying Knee"],"picked":"SKIP","floor":1},{"not_picked":["All Out Attack","Predator"],"picked":"Prepared","floor":4},{"not_picked":["Flying Knee","Heel Hook","PiercingWail"],"picked":"SKIP","floor":6},{"not_picked":["Dagger Spray","Flying Knee","Blade Dance"],"picked":"SKIP","floor":7},{"not_picked":["Sucker Punch","Flying Knee"],"picked":"Backflip","floor":8},{"not_picked":["Dagger Spray","Bane"],"picked":"Blade Dance","floor":14}],"player_experience":121008,"relics_obtained":[{"floor":6,"key":"MawBank"},{"floor":9,"key":"Gremlin Horn"}],"event_choices":[{"damage_healed":0,"gold_gain":0,"player_choice":"Donut","damage_taken":0,"max_hp_gain":5,"max_hp_loss":0,"event_name":"Big Fish","floor":2,"gold_loss":0},{"damage_healed":0,"gold_gain":0,"player_choice":"Left Gold","damage_taken":0,"max_hp_gain":0,"max_hp_loss":0,"event_name":"World of Goop","floor":3,"gold_loss":33},{"damage_healed":0,"gold_gain":0,"player_choice":"Success","damage_taken":3,"relics_obtained":["FossilizedHelix"],"max_hp_gain":0,"max_hp_loss":0,"event_name":"Scrap Ooze","floor":12,"gold_loss":0}],"is_beta":false,"boss_relics":[],"items_purged_floors":[5],"is_endless":false,"potions_floor_spawned":[6,7,8],"killed_by":"Hexaghost","ascension_level":0}