{"gold_per_floor":[116,129,144,160,335,335,364,376,402,420,420,438,162,180,180,285,285,303,315,329,329,361,361,377,393,393,393],"floor_reached":27,"playtime":3887,"items_purged":["Doubt"],"score":265,"play_id":"e4d9f62b-848c-4f7c-b5fb-5c86fafef24d","local_time":"20190124135309","is_ascension_mode":true,"campfire_choices":[{"data":"Neutralize","floor":6.0,"key":"SMITH"},{"floor":15.0,"key":"REST"},{"floor":23.0,"key":"REST"}],"neow_cost":"TEN_PERCENT_HP_LOSS","seed_source_timestamp":0,"circlet_count":0,"master_deck":["Defend_G","Defend_G","Defend_G","Defend_G","Defend_G","Strike_G","Strike_G","Strike_G","Survivor","Neutralize+1","Bullet Time","Tools of the Trade","Tactician","Acrobatics","Flying Knee","Predator","Underhanded Strike","Underhanded Strike","Neutralize","Footwork","Noxious Fumes","Leg Sweep","Venomology","Backflip","Decay","Catalyst"],"special_seed":0,"relics":["Ring of the Snake","Happy Flower","Art of War","Busted Crown","Red Mask","Orichalcum"],"potions_floor_usage":[27,27],"damage_taken":[{"damage":4.0,"enemies":"Cultist","floor":1.0,"turns":6.0},{"damage":1.0,"enemies":"Small Slimes","floor":2.0,"turns":4.0},{"damage":0.0,"enemies":"2 Louse","floor":3.0,"turns":4.0},{"damage":0.0,"enemies":"Gremlin Gang","floor":4.0,"turns":3.0},{"damage":41.0,"enemies":"Gremlin Nob","floor":7.0,"turns":5.0},{"damage":3.0,"enemies":"Blue Slaver","floor":8.0,"turns":5.0},{"damage":2.0,"enemies":"Exordium Wildlife","floor":10.0,"turns":5.0},{"damage":8.0,"enemies":"Red Slaver","floor":12.0,"turns":5.0},{"damage":5.0,"enemies":"Large Slime","floor":14.0,"turns":5.0},{"damage":8.0,"enemies":"The Guardian","floor":16.0,"turns":11.0},{"damage":16.0,"enemies":"Chosen","floor":18.0,"turns":5.0},{"damage":19.0,"enemies":"Spheric Guardian","floor":19.0,"turns":7.0},{"damage":0.0,"enemies":"Cultist and Chosen","floor":20.0,"turns":7.0},{"damage":33.0,"enemies":"Masked Bandits","floor":22.0,"turns":8.0},{"damage":13.0,"enemies":"Snake Plant","floor":24.0,"turns":6.0},{"damage":11.0,"enemies":"3 Cultists","floor":25.0,"turns":7.0},{"damage":5,"enemies":"Centurion and Healer","floor":27,"turns":7}],"seed_played":"1336530209293379201","potions_obtained":[{"floor":1.0,"key":"Explosive Potion"},{"floor":4.0,"key":"Fire Potion"},{"floor":12.0,"key":"EssenceOfSteel"},{"floor":20.0,"key":"Swift Potion"},{"floor":24.0,"key":"FearPotion"},{"floor":25.0,"key":"GhostInAJar"}],"is_trial":false,"path_per_floor":["M","?","?","M",null,"M","M","M","?","?","R","M","M","T","M"],"character_chosen":"THE_SILENT","items_purchased":["Regen Potion","Dexterity Potion","Leg Sweep"],"campfire_rested":2,"item_purchase_floors":[13,13,13],"current_hp_per_floor":[59,58,58,58,58,58,17,14,14,12,12,4,4,14,32,24,63,47,28,28,28,10,28,15,4,4,0],"gold":393,"neow_bonus":"TRANSFORM_TWO_CARDS","is_prod":false,"is_daily":false,"chose_seed":false,"campfire_upgraded":1,"win_rate":0,"timestamp":1548363189,"path_taken":["M","?","M","M","?","R","E","M","T","M","?","?","$","M","R","BOSS","M","M","M","?","?","R","M","M","T","M"],"build_version":"2019-01-23","purchased_purges":1,"victory":false,"max_hp_per_floor":[63,63,63,63,63,63,63,63,63,63,63,63,63,63,63,63,63,63,63,63,63,63,63,63,63,63,63],"card_choices":[{"not_picked":["Outmaneuver","Poisoned Stab"],"picked":"Tactician","floor":1.0},{"not_picked":["Flying Knee","Bane"],"picked":"Acrobatics","floor":2.0},{"not_picked":["Blade Dance","Bullet Time","Riddle With Holes"],"picked":"SKIP","floor":3.0},{"not_picked":["Outmaneuver","Deadly Poison"],"picked":"Flying Knee","floor":4.0},{"not_picked":["Acrobatics","Prepared"],"picked":"Predator","floor":7.0},{"not_picked":["PiercingWail","Accuracy"],"picked":"Underhanded Strike","floor":8.0},{"not_picked":["Eviscerate","Prepared"],"picked":"Underhanded Strike","floor":10.0},{"not_picked":["Dagger Spray","Deflect"],"picked":"Noxious Fumes","floor":12.0},{"not_picked":["Blade Dance","Acrobatics","Sucker Punch"],"picked":"SKIP","floor":14.0},{"not_picked":["Burst","Storm of Steel"],"picked":"Venomology","floor":16.0},{"not_picked":["Leg Sweep"],"picked":"SKIP","floor":18.0},{"not_picked":["Blade Dance"],"picked":"SKIP","floor":19.0},{"not_picked":[],"picked":"Backflip","floor":20.0},{"not_picked":["Riddle With Holes+1"],"picked":"SKIP","floor":24.0},{"not_picked":[],"picked":"Catalyst","floor":25.0}],"player_experience":1731869,"relics_obtained":[{"floor":7.0,"key":"Happy Flower"},{"floor":9.0,"key":"Art of War"},{"floor":22.0,"key":"Red Mask"},{"floor":26,"key":"Orichalcum"}],"event_choices":[{"damage_healed":0.0,"max_hp_gain":0.0,"max_hp_loss":0.0,"gold_gain":175.0,"event_name":"Liars Game","player_choice":"AGREE","floor":5.0,"gold_loss":0.0,"damage_taken":0.0,"cards_obtained":["Doubt"]},{"damage_healed":0.0,"max_hp_gain":0.0,"max_hp_loss":0.0,"gold_gain":0.0,"event_name":"Match and Keep!","player_choice":"2 cards matched","floor":11.0,"gold_loss":0.0,"damage_taken":0.0,"cards_obtained":["Neutralize","Footwork"]},{"damage_healed":0.0,"max_hp_gain":0.0,"max_hp_loss":0.0,"gold_gain":0.0,"event_name":"Forgotten Altar","player_choice":"Smashed Altar","floor":21.0,"gold_loss":0.0,"damage_taken":0.0,"cards_obtained":["Decay"]},{"damage_healed":0.0,"max_hp_gain":0.0,"max_hp_loss":0.0,"gold_gain":0.0,"event_name":"Masked Bandits","player_choice":"Fought Bandits","floor":22.0,"gold_loss":0.0,"damage_taken":0.0}],"is_beta":false,"boss_relics":[{"not_picked":["Astrolabe","Lizard Tail"],"picked":"Busted Crown"}],"items_purged_floors":[13],"is_endless":false,"potions_floor_spawned":[1,4,12,20,24,25],"killed_by":"Centurion and Healer","ascension_level":4}