{"gold_per_floor":[219,234,26,43,218,16,16,16,41,41,56,56,30,49,49,145,145,132,35,52,65,65,65,85,104,104,154,154,167,167,179,179,278,278,288,82,100,117,194,223,223],"floor_reached":41,"playtime":2163,"items_purged":["Doubt","Strike_G"],"score":415,"play_id":"8238aead-ea40-4b0f-a3ba-d44720e33a5e","local_time":"20190809071330","is_ascension_mode":false,"campfire_choices":[{"data":"Tactician","floor":8,"key":"SMITH"},{"data":"Blade Dance","floor":10,"key":"SMITH"},{"data":"Acrobatics","floor":12,"key":"SMITH"},{"data":"After Image","floor":15,"key":"SMITH"},{"data":"Backflip","floor":23,"key":"SMITH"},{"data":"Bouncing Flask","floor":28,"key":"SMITH"},{"floor":30,"key":"REST"},{"floor":32,"key":"REST"}],"neow_cost":"NONE","seed_source_timestamp":350188361481883,"circlet_count":0,"master_deck":["Strike_G","Strike_G+1","Strike_G","Strike_G+1","Defend_G","Defend_G","Defend_G","Defend_G","Defend_G+1","Survivor","Neutralize","Bouncing Flask+1","Tactician+1","Acrobatics+1","Slice","Accuracy+1","Blade Dance+1","After Image+1","After Image","Cloak And Dagger","Deflect+1","Backflip+1","Slice+1","After Image","Catalyst","Noxious Fumes","Prepared","Footwork+1","Reflex+1","Outmaneuver+1"],"relics":["Ring of the Snake","Membership Card","Snake Skull","Whetstone","Philosopher\u0027s Stone","Lantern","Sundial","Lizard Tail","War Paint","Tiny Chest","Centennial Puzzle"],"potions_floor_usage":[18,25,25,33,33,40],"damage_taken":[{"damage":0,"enemies":"2 Louse","floor":1,"turns":2},{"damage":2,"enemies":"Small Slimes","floor":2,"turns":4},{"damage":1,"enemies":"Cultist","floor":4,"turns":4},{"damage":0,"enemies":"Blue Slaver","floor":11,"turns":3},{"damage":9,"enemies":"2 Fungi Beasts","floor":14,"turns":4},{"damage":4,"enemies":"The Guardian","floor":16,"turns":11},{"damage":5,"enemies":"2 Thieves","floor":18,"turns":4},{"damage":12,"enemies":"Spheric Guardian","floor":20,"turns":4},{"damage":9,"enemies":"Snake Plant","floor":21,"turns":6},{"damage":16,"enemies":"Sentry and Sphere","floor":24,"turns":7},{"damage":0,"enemies":"3 Cultists","floor":25,"turns":6},{"damage":29,"enemies":"Chosen and Byrds","floor":29,"turns":8},{"damage":9,"enemies":"Shelled Parasite and Fungi","floor":31,"turns":5},{"damage":15,"enemies":"Champ","floor":33,"turns":13},{"damage":39,"enemies":"3 Darklings","floor":35,"turns":10},{"damage":2,"enemies":"3 Shapes","floor":37,"turns":7},{"damage":25,"enemies":"Jaw Worm Horde","floor":38,"turns":7},{"damage":3,"enemies":"Giant Head","floor":40,"turns":9},{"damage":39,"enemies":"4 Shapes","floor":41,"turns":3}],"seed_played":"-6958781190040929100","potions_obtained":[{"floor":4,"key":"Energy Potion"},{"floor":11,"key":"SpeedPotion"},{"floor":14,"key":"LiquidBronze"},{"floor":21,"key":"PowerPotion"},{"floor":24,"key":"Regen Potion"},{"floor":31,"key":"PowerPotion"},{"floor":33,"key":"Dexterity Potion"}],"is_trial":false,"path_per_floor":["M","M","$","M","?","$","?","R","T","R","M","R","?","M","R","B",null,"M","$","M","M","?","R","M","M","T","?","R","M","R","M","R","B",null,"M","$","M","M","T","E","M"],"character_chosen":"THE_SILENT","items_purchased":["Membership Card","Snake Skull","Acrobatics","Slice","Accuracy","Blade Dance","Lantern","Cloak And Dagger","Noxious Fumes","EssenceOfSteel","Prepared","War Paint"],"campfire_rested":2,"item_purchase_floors":[3,6,6,6,6,6,19,19,36,36,36,36],"current_hp_per_floor":[70,68,68,67,67,67,67,67,67,67,67,67,67,58,58,54,70,65,65,53,44,44,44,28,43,43,43,43,14,35,26,47,32,70,31,31,29,4,4,1,0],"gold":223,"neow_bonus":"HUNDRED_GOLD","is_prod":false,"is_daily":false,"chose_seed":false,"campfire_upgraded":6,"win_rate":0,"timestamp":1565306010,"path_taken":["M","M","$","M","?","$","?","R","T","R","?","R","?","M","R","BOSS","M","$","M","M","?","R","M","M","T","?","R","M","R","M","R","BOSS","M","$","?","M","?","E","M"],"build_version":"2019-07-17","purchased_purges":2,"victory":false,"max_hp_per_floor":[70,70,70,70,70,70,70,70,70,70,70,70,70,70,70,70,70,70,70,70,70,70,70,70,70,70,70,70,70,70,70,70,70,70,70,70,70,70,70,70,70],"card_choices":[{"not_picked":["Poisoned Stab","Heel Hook"],"picked":"Bouncing Flask","floor":1},{"not_picked":["Endless Agony","Bane"],"picked":"Tactician","floor":2},{"not_picked":["Crippling Poison","Flechettes","Heel Hook"],"picked":"SKIP","floor":4},{"not_picked":["Flying Knee","Poisoned Stab","Crippling Poison"],"picked":"SKIP","floor":11},{"not_picked":["Flying Knee","Poisoned Stab","Crippling Poison"],"picked":"SKIP","floor":11},{"not_picked":["Distraction","Endless Agony"],"picked":"After Image","floor":14},{"not_picked":["Doppelganger","Venomology"],"picked":"After Image","floor":16},{"not_picked":["Quick Slash","Eviscerate","Masterful Stab"],"picked":"SKIP","floor":18},{"not_picked":["Deadly Poison+1","Dagger Throw"],"picked":"Deflect","floor":20},{"not_picked":["Catalyst","Underhanded Strike"],"picked":"Backflip","floor":21},{"not_picked":["Bane","Underhanded Strike"],"picked":"Slice+1","floor":24},{"not_picked":["Dagger Spray","Concentrate","Dagger Throw"],"picked":"SKIP","floor":25},{"not_picked":["Concentrate","Phantasmal Killer","Dagger Throw"],"picked":"SKIP","floor":29},{"not_picked":["Crippling Poison","Sucker Punch","Dodge and Roll"],"picked":"SKIP","floor":31},{"not_picked":["Venomology","Glass Knife"],"picked":"After Image","floor":33},{"not_picked":["Dodge and Roll+1","Flying Knee+1"],"picked":"Catalyst","floor":35},{"not_picked":["Cloak And Dagger+1","Blade Dance+1"],"picked":"Footwork+1","floor":37},{"not_picked":["Concentrate","Tools of the Trade"],"picked":"Reflex+1","floor":38},{"not_picked":["Eviscerate+1","Cloak And Dagger+1"],"picked":"Outmaneuver+1","floor":40}],"player_experience":151806,"relics_obtained":[{"floor":9,"key":"Whetstone"},{"floor":26,"key":"Sundial"},{"floor":39,"key":"Tiny Chest"},{"floor":40,"key":"Centennial Puzzle"}],"event_choices":[{"damage_healed":0,"gold_gain":175,"player_choice":"AGREE","damage_taken":0,"max_hp_gain":0,"max_hp_loss":0,"event_name":"Liars Game","floor":5,"gold_loss":0,"cards_obtained":["Doubt"]},{"damage_healed":0,"gold_gain":0,"player_choice":"Forge","damage_taken":0,"max_hp_gain":0,"max_hp_loss":0,"event_name":"Accursed Blacksmith","floor":7,"gold_loss":0,"cards_upgraded":["Accuracy"]},{"damage_healed":0,"gold_gain":0,"player_choice":"Left Gold","damage_taken":0,"max_hp_gain":0,"max_hp_loss":0,"event_name":"World of Goop","floor":13,"gold_loss":26},{"damage_healed":0,"gold_gain":0,"player_choice":"Ignored","damage_taken":0,"max_hp_gain":0,"max_hp_loss":0,"event_name":"Ghosts","floor":22,"gold_loss":0},{"damage_healed":0,"gold_gain":100,"player_choice":"Bet on Murderer","damage_taken":0,"max_hp_gain":0,"max_hp_loss":0,"event_name":"The Joust","floor":27,"gold_loss":50}],"is_beta":false,"boss_relics":[{"not_picked":["Empty Cage","Tiny House"],"picked":"Philosopher\u0027s Stone"},{"not_picked":["Sozu","Pandora\u0027s Box"],"picked":"Lizard Tail"}],"items_purged_floors":[6,36],"is_endless":false,"potions_floor_spawned":[4,11,14,21,24,31,33],"killed_by":"4 Shapes","ascension_level":0}