{"gold_per_floor":[114,114,39,49,62,62,76,76,76,87,35,35,46,58,58,157,157,175,75,75,0,17,49,49,64,64,64,64,64,84,96,96,193,193,209,226,236,251,263,263,289,304,331,331,331,155,0,11,11,11],"floor_reached":51,"playtime":32998,"items_purged":["Strike_R","Strike_R","Normality"],"score":762,"play_id":"e650fcfd-1716-4631-ab59-0ddde074d96e","local_time":"20181224225118","is_ascension_mode":true,"campfire_choices":[{"data":"Bash","floor":6.0,"key":"SMITH"},{"data":"True Grit","floor":8.0,"key":"SMITH"},{"data":"Reaper","floor":12.0,"key":"SMITH"},{"data":"Disarm","floor":15.0,"key":"SMITH"},{"data":"Shrug It Off","floor":24,"key":"SMITH"},{"data":"Pummel","floor":27,"key":"SMITH"},{"data":"Cleave","floor":29,"key":"SMITH"},{"data":"Shrug It Off","floor":32,"key":"SMITH"},{"data":"Limit Break","floor":40,"key":"SMITH"},{"data":"Heavy Blade","floor":44,"key":"SMITH"},{"data":"Defend_R","floor":49,"key":"SMITH"}],"neow_cost":"NONE","seed_source_timestamp":0,"circlet_count":0,"master_deck":["Strike_R","Strike_R","Defend_R","Defend_R","Defend_R","Defend_R+1","Bash+1","Shrug It Off+1","Pummel+1","True Grit+1","Reaper+1","Disarm+1","Barricade","Shrug It Off+1","Body Slam","Cleave+1","Shrug It Off+1","Limit Break+1","Metallicize+1","Body Slam","Heavy Blade+1","Warcry+1","Shrug It Off+1","Power Through+1","Shrug It Off+1"],"special_seed":0,"relics":["Burning Blood","Bronze Scales","Mercury Hourglass","Sundial","Snecko Eye","Red Skull","Kunai","Cursed Key","Toxic Egg 2","Bag of Preparation","Red Mask"],"potions_floor_usage":[22,23,33,39,45,50,50,50],"damage_taken":[{"damage":6.0,"enemies":"Cultist","floor":1.0,"turns":3.0},{"damage":0.0,"enemies":"2 Louse","floor":4.0,"turns":2.0},{"damage":7.0,"enemies":"Small Slimes","floor":5.0,"turns":3.0},{"damage":6.0,"enemies":"Exordium Thugs","floor":7.0,"turns":4.0},{"damage":0.0,"enemies":"Blue Slaver","floor":10.0,"turns":4.0},{"damage":5.0,"enemies":"Gremlin Gang","floor":13.0,"turns":4.0},{"damage":10.0,"enemies":"Exordium Wildlife","floor":14.0,"turns":3.0},{"damage":3.0,"enemies":"The Guardian","floor":16.0,"turns":12.0},{"damage":31,"enemies":"Spheric Guardian","floor":18,"turns":6},{"damage":2,"enemies":"Chosen","floor":22,"turns":4},{"damage":7,"enemies":"Gremlin Leader","floor":23,"turns":13},{"damage":0,"enemies":"Snecko","floor":25,"turns":7},{"damage":3,"enemies":"Snake Plant","floor":30,"turns":4},{"damage":0,"enemies":"Cultist and Chosen","floor":31,"turns":6},{"damage":17,"enemies":"Automaton","floor":33,"turns":13},{"damage":2,"enemies":"Orb Walker","floor":35,"turns":5},{"damage":0,"enemies":"3 Shapes","floor":36,"turns":5},{"damage":22,"enemies":"Maw","floor":37,"turns":7},{"damage":17,"enemies":"4 Shapes","floor":38,"turns":5},{"damage":14,"enemies":"Spire Growth","floor":39,"turns":7},{"damage":13,"enemies":"Nemesis","floor":41,"turns":7},{"damage":0,"enemies":"3 Darklings","floor":42,"turns":5},{"damage":0,"enemies":"Jaw Worm Horde","floor":45,"turns":1},{"damage":12,"enemies":"Writhing Mass","floor":48,"turns":7},{"damage":21,"enemies":"Donu and Deca","floor":50,"turns":14}],"seed_played":"-2481862176257637195","potions_obtained":[{"floor":1.0,"key":"Ancient Potion"},{"floor":4.0,"key":"Explosive Potion"},{"floor":7.0,"key":"SkillPotion"},{"floor":14.0,"key":"AttackPotion"},{"floor":16.0,"key":"Weak Potion"},{"floor":22,"key":"Weak Potion"},{"floor":23,"key":"Dexterity Potion"},{"floor":35,"key":"Ancient Potion"},{"floor":41,"key":"SmokeBomb"}],"is_trial":false,"path_per_floor":["M","T","$","M","M","R","M","R","T","M","$","R","M","M","R","B",null,"M","$","?","?","M","E","R","M","T","R","?","R","M","M","R","B",null,"M","M","M","M","M","R","E","M","T","R","M","$","?","M","R","B",null],"character_chosen":"IRONCLAD","items_purchased":["Dexterity Potion","SkillPotion"],"campfire_rested":0,"item_purchase_floors":[11,46],"current_hp_per_floor":[80,80,80,80,79,79,79,79,79,80,80,80,80,80,80,80,80,57,57,42,42,53,69,69,80,80,80,80,80,85,85,85,84,85,85,85,76,75,74,74,74,85,85,85,85,85,85,79,79,76],"gold":11,"neow_bonus":"RANDOM_COMMON_RELIC","is_prod":false,"is_daily":false,"chose_seed":false,"campfire_upgraded":11,"win_rate":0,"timestamp":1545717078,"path_taken":["M","?","$","M","M","R","M","R","T","?","$","R","M","M","R","BOSS","M","$","?","?","M","E","R","M","T","R","?","R","M","M","R","BOSS","M","M","M","M","M","R","E","M","T","R","M","$","?","M","R","BOSS"],"build_version":"2018-12-20","purchased_purges":3,"victory":true,"max_hp_per_floor":[80,80,80,80,80,80,80,80,80,80,80,80,80,80,80,80,80,80,80,85,85,85,85,85,85,85,85,85,85,85,85,85,85,85,85,85,85,85,85,85,85,85,85,85,85,85,85,85,85,85],"card_choices":[{"not_picked":["Wild Strike","Headbutt"],"picked":"Shrug It Off","floor":1.0},{"not_picked":["Clash","Twin Strike","Corruption"],"picked":"SKIP","floor":4.0},{"not_picked":["Clash","Power Through"],"picked":"Pummel","floor":5.0},{"not_picked":["Heavy Blade","Havoc"],"picked":"True Grit","floor":7.0},{"not_picked":["Body Slam","Blood for Blood"],"picked":"Reaper","floor":10.0},{"not_picked":["Seeing Red","True Grit","Anger"],"picked":"SKIP","floor":13.0},{"not_picked":["Shrug It Off","Armaments"],"picked":"Disarm","floor":14.0},{"not_picked":["Impervious","Fiend Fire"],"picked":"Barricade","floor":16.0},{"not_picked":["Anger","Burning Pact+1","Intimidate"],"picked":"SKIP","floor":18},{"not_picked":["Seeing Red","Cleave"],"picked":"Shrug It Off+1","floor":22},{"not_picked":["Infernal Blade","Sever Soul","Hemokinesis"],"picked":"SKIP","floor":23},{"not_picked":["Armaments+1","Shrug It Off"],"picked":"Body Slam","floor":25},{"not_picked":["Headbutt","Blood for Blood"],"picked":"Shrug It Off","floor":30},{"not_picked":["Pummel+1","Cleave"],"picked":"Limit Break","floor":31},{"not_picked":["Carnage+1","Clothesline+1"],"picked":"Metallicize+1","floor":35},{"not_picked":["Sword Boomerang","True Grit+1"],"picked":"Body Slam","floor":36},{"not_picked":["Ghostly Armor","True Grit"],"picked":"Heavy Blade","floor":37},{"not_picked":["Armaments","Dark Embrace"],"picked":"Warcry+1","floor":38},{"not_picked":["Twin Strike","Thunderclap"],"picked":"Shrug It Off+1","floor":39},{"not_picked":["Headbutt+1","Pummel+1"],"picked":"Power Through+1","floor":41},{"not_picked":["Body Slam","Burning Pact+1","Perfected Strike+1"],"picked":"SKIP","floor":42},{"not_picked":["True Grit+1","Corruption+1"],"picked":"Shrug It Off+1","floor":48}],"player_experience":1593732,"relics_obtained":[{"floor":2.0,"key":"Mercury Hourglass"},{"floor":9.0,"key":"Sundial"},{"floor":23,"key":"Red Skull"},{"floor":26,"key":"Kunai"},{"floor":41,"key":"Toxic Egg 2"},{"floor":43,"key":"Bag of Preparation"}],"event_choices":[{"damage_healed":0,"gold_gain":0,"player_choice":"Shed Blood","damage_taken":20,"max_hp_gain":5,"max_hp_loss":0,"event_name":"Forgotten Altar","floor":20,"gold_loss":0},{"damage_healed":0,"gold_gain":0,"player_choice":"Paid Fearfully","damage_taken":0,"max_hp_gain":0,"max_hp_loss":0,"event_name":"Masked Bandits","floor":21,"gold_loss":75},{"damage_healed":0,"gold_gain":0,"cards_transformed":["Strike_R"],"player_choice":"Transformed","damage_taken":0,"max_hp_gain":0,"max_hp_loss":0,"event_name":"Transmorgrifier","floor":28,"gold_loss":0,"cards_obtained":["Cleave"]},{"damage_healed":0,"gold_gain":0,"player_choice":"Paid","damage_taken":0,"relics_obtained":["Red Mask"],"max_hp_gain":0,"max_hp_loss":0,"event_name":"Tomb of Lord Red Mask","floor":47,"gold_loss":155}],"is_beta":false,"boss_relics":[{"not_picked":["Sozu","Ectoplasm"],"picked":"Snecko Eye"},{"not_picked":["Tiny House","Lizard Tail"],"picked":"Cursed Key"}],"items_purged_floors":[3,19,46],"is_endless":false,"potions_floor_spawned":[1,4,7,14,16,22,23,31,35,36,41,45,48],"ascension_level":2}