{"gold_per_floor":[114,130,140,158,168,168,53,85,85,95,113,113,113,147,147,244,244,257,237,254,97,97],"floor_reached":22,"playtime":2751,"items_purged":["Strike_G","Defend_G"],"score":300,"play_id":"9c7b23a8-a46c-490d-85cd-48237a925ad2","local_time":"20181228000341","is_ascension_mode":true,"campfire_choices":[{"data":"Backflip","floor":6.0,"key":"SMITH"},{"floor":12.0,"key":"REST"},{"floor":15.0,"key":"REST"}],"neow_cost":"NONE","seed_source_timestamp":0,"circlet_count":0,"master_deck":["AscendersBane","Defend_G","Defend_G","Strike_G","Strike_G","Strike_G","Survivor","Neutralize","Noxious Fumes","Dash","Well Laid Plans","Prepared","Backflip+1","Well Laid Plans","Crippling Poison","Noxious Fumes","Cloak And Dagger","Prepared","PiercingWail","A Thousand Cuts","Quick Slash","Bouncing Flask","Dagger Throw","Heel Hook+1","Dash","Catalyst"],"special_seed":0,"relics":["Ring of the Snake","NeowsBlessing","Prayer Wheel","Smiling Mask","Art of War","Empty Cage"],"potions_floor_usage":[19,20,20,22],"damage_taken":[{"damage":0.0,"enemies":"Cultist","floor":1.0,"turns":1.0},{"damage":0.0,"enemies":"Small Slimes","floor":2.0,"turns":1.0},{"damage":0.0,"enemies":"2 Louse","floor":3.0,"turns":1.0},{"damage":11.0,"enemies":"Lots of Slimes","floor":4.0,"turns":7.0},{"damage":13.0,"enemies":"Large Slime","floor":5.0,"turns":7.0},{"damage":13.0,"enemies":"Lagavulin","floor":8.0,"turns":10.0},{"damage":1.0,"enemies":"Looter","floor":10.0,"turns":4.0},{"damage":5.0,"enemies":"2 Fungi Beasts","floor":11.0,"turns":4.0},{"damage":7.0,"enemies":"3 Sentries","floor":14.0,"turns":7.0},{"damage":19,"enemies":"The Guardian","floor":16,"turns":12},{"damage":4,"enemies":"Shell Parasite","floor":18,"turns":9},{"damage":16,"enemies":"2 Thieves","floor":19,"turns":5},{"damage":11,"enemies":"3 Cultists","floor":20,"turns":5},{"damage":35,"enemies":"Snake Plant","floor":22,"turns":3}],"seed_played":"-8007901705925385964","potions_obtained":[{"floor":1.0,"key":"Energy Potion"},{"floor":5.0,"key":"Weak Potion"},{"floor":8.0,"key":"Dexterity Potion"},{"floor":11.0,"key":"EssenceOfSteel"},{"floor":16,"key":"Dexterity Potion"},{"floor":19,"key":"EssenceOfSteel"}],"is_trial":false,"path_per_floor":["M","M","M","M","M","R","$","E","T","M","M","R","?","E","R","B",null,"M","M","M","$","M"],"character_chosen":"THE_SILENT","items_purchased":["Well Laid Plans","Dash","Catalyst"],"campfire_rested":2,"item_purchase_floors":[7,21,21],"current_hp_per_floor":[63,63,63,52,39,39,39,26,26,25,20,41,41,34,55,36,62,58,42,31,31,0],"gold":97,"neow_bonus":"THREE_ENEMY_KILL","is_prod":false,"is_daily":false,"chose_seed":false,"campfire_upgraded":1,"win_rate":0,"timestamp":1545977021,"path_taken":["M","M","?","M","M","R","$","E","T","?","M","R","?","E","R","BOSS","M","M","M","$","M"],"build_version":"2018-12-20","purchased_purges":2,"victory":false,"max_hp_per_floor":[70,70,70,70,70,70,70,70,70,70,70,70,70,70,70,70,70,70,70,70,70,70],"card_choices":[{"not_picked":["Heel Hook","Acrobatics"],"picked":"Noxious Fumes","floor":1.0},{"not_picked":["Blade Dance","Poisoned Stab"],"picked":"Dash","floor":2.0},{"not_picked":["Poisoned Stab","Dodge and Roll"],"picked":"Well Laid Plans","floor":3.0},{"not_picked":["Deflect","Flying Knee"],"picked":"Prepared","floor":4.0},{"not_picked":["Deadly Poison","Blade Dance"],"picked":"Backflip","floor":5.0},{"not_picked":["A Thousand Cuts","Outmaneuver"],"picked":"Crippling Poison","floor":8.0},{"not_picked":["Blade Dance","Prepared"],"picked":"Noxious Fumes","floor":10.0},{"not_picked":["Concentrate","Accuracy"],"picked":"Cloak And Dagger","floor":10.0},{"not_picked":["Underhanded Strike","Outmaneuver"],"picked":"Prepared","floor":11.0},{"not_picked":["Well Laid Plans","Escape Plan","Outmaneuver"],"picked":"SKIP","floor":11.0},{"not_picked":["Die Die Die","Noxious Fumes"],"picked":"PiercingWail","floor":14.0},{"not_picked":["Burst","Wraith Form v2"],"picked":"A Thousand Cuts","floor":16},{"not_picked":["Deadly Poison","Dodge and Roll"],"picked":"Quick Slash","floor":18},{"not_picked":["Outmaneuver","Deflect","Choke"],"picked":"SKIP","floor":18},{"not_picked":["Noxious Fumes","Dodge and Roll"],"picked":"Bouncing Flask","floor":19},{"not_picked":["Leg Sweep","All Out Attack"],"picked":"Dagger Throw","floor":19},{"not_picked":["Outmaneuver","Deadly Poison"],"picked":"Heel Hook+1","floor":20},{"not_picked":["Bouncing Flask+1","A Thousand Cuts","Reflex"],"picked":"SKIP","floor":20}],"player_experience":475658,"relics_obtained":[{"floor":8.0,"key":"Prayer Wheel"},{"floor":9.0,"key":"Smiling Mask"},{"floor":14.0,"key":"Art of War"}],"event_choices":[{"cards_removed":["Strike_G"],"damage_healed":0.0,"max_hp_gain":0.0,"max_hp_loss":0.0,"gold_gain":0.0,"event_name":"Bonfire Elementals","player_choice":"Offered Basic","floor":13.0,"gold_loss":0.0,"damage_taken":0.0}],"is_beta":false,"boss_relics":[{"not_picked":["White Beast Statue","Lizard Tail"],"picked":"Empty Cage"}],"items_purged_floors":[7,21],"is_endless":false,"potions_floor_spawned":[1,5,8,11,16,19],"killed_by":"Snake Plant","ascension_level":10}