{"gold_per_floor":[109,126,141,159,159,190,190,15,62,62,85,100,100,100],"floor_reached":14,"playtime":1317,"items_purged":["Injury"],"score":138,"play_id":"800445ca-52ba-47eb-b399-d8bdaabf075b","local_time":"20181225125218","is_ascension_mode":true,"campfire_choices":[{"floor":13,"key":"REST"}],"neow_cost":"TEN_PERCENT_HP_LOSS","seed_source_timestamp":0,"circlet_count":0,"master_deck":["AscendersBane","Defend_G","Defend_G","Defend_G","Defend_G","Strike_G","Strike_G","Strike_G","Survivor","Neutralize","Burst+1","Phantasmal Killer+1","Skewer","Leg Sweep","Prepared","Dagger Spray","Malaise","Escape Plan"],"special_seed":0,"relics":["Ring of the Snake","The Courier","Strawberry","Golden Idol","War Paint","Blood Vial"],"potions_floor_usage":[6,6,14],"damage_taken":[{"damage":2.0,"enemies":"Jaw Worm","floor":1.0,"turns":5.0},{"damage":2.0,"enemies":"2 Louse","floor":2.0,"turns":3.0},{"damage":1.0,"enemies":"Small Slimes","floor":3.0,"turns":3.0},{"damage":0.0,"enemies":"2 Fungi Beasts","floor":4.0,"turns":4.0},{"damage":32,"enemies":"Lagavulin","floor":6,"turns":11},{"damage":12,"enemies":"Exordium Thugs","floor":11,"turns":6},{"damage":4,"enemies":"Looter","floor":12,"turns":4},{"damage":37,"enemies":"Gremlin Nob","floor":14,"turns":5}],"seed_played":"2766254047976849049","potions_obtained":[{"floor":2.0,"key":"Swift Potion"},{"floor":3.0,"key":"Explosive Potion"},{"floor":6,"key":"Explosive Potion"}],"is_trial":false,"path_per_floor":["M","M","M","M","?","E","?","$","T","?","M","M","R","E"],"character_chosen":"THE_SILENT","items_purchased":["War Paint"],"campfire_rested":1,"item_purchase_floors":[8],"current_hp_per_floor":[61,59,58,58,51,26,26,26,26,19,9,7,28,0],"gold":100,"neow_bonus":"TRANSFORM_TWO_CARDS","is_prod":false,"is_daily":false,"chose_seed":false,"campfire_upgraded":0,"win_rate":0,"timestamp":1545763938,"path_taken":["M","M","M","M","?","E","?","$","T","?","M","M","R","E"],"build_version":"2018-12-20","purchased_purges":1,"victory":false,"max_hp_per_floor":[63,63,63,63,63,70,70,70,70,70,70,70,70,70],"card_choices":[{"not_picked":["Outmaneuver","Dodge and Roll"],"picked":"Skewer","floor":1.0},{"not_picked":["Catalyst","Endless Agony","All Out Attack"],"picked":"SKIP","floor":2.0},{"not_picked":["Dodge and Roll","Backstab"],"picked":"Leg Sweep","floor":3.0},{"not_picked":["Deflect","Quick Slash"],"picked":"Prepared","floor":4.0},{"not_picked":["Deadly Poison","Quick Slash"],"picked":"Dagger Spray","floor":6},{"not_picked":["Deflect","Finisher"],"picked":"Malaise","floor":11},{"not_picked":["Prepared","Dagger Spray"],"picked":"Escape Plan","floor":12}],"player_experience":463254,"relics_obtained":[{"floor":6,"key":"Strawberry"},{"floor":9,"key":"Blood Vial"}],"event_choices":[{"damage_healed":0.0,"max_hp_gain":0.0,"max_hp_loss":0.0,"gold_gain":0.0,"event_name":"Scrap Ooze","player_choice":"Success","floor":5.0,"gold_loss":0.0,"damage_taken":7.0,"relics_obtained":["The Courier"]},{"damage_healed":0,"gold_gain":0,"player_choice":"Take Wound","damage_taken":0,"relics_obtained":["Golden Idol"],"max_hp_gain":0,"max_hp_loss":0,"event_name":"Golden Idol","floor":7,"gold_loss":0,"cards_obtained":["Injury"]},{"cards_removed":["Strike_G"],"damage_healed":0,"gold_gain":0,"player_choice":"Card Removal","damage_taken":7,"max_hp_gain":0,"max_hp_loss":0,"event_name":"Golden Wing","floor":10,"gold_loss":0}],"is_beta":false,"boss_relics":[],"items_purged_floors":[8],"is_endless":false,"potions_floor_spawned":[2,3,6],"killed_by":"Gremlin Nob","ascension_level":10}