{"gold_per_floor":[117,117,63,76,88,88,113,79,79,3,3,13,31,51,51,51],"floor_reached":16,"playtime":1034,"items_purged":[],"score":134,"play_id":"f1408263-6df3-44a2-8b66-a09e1cbd9cde","local_time":"20190419182002","is_ascension_mode":true,"campfire_choices":[{"data":"Envenom","floor":6,"key":"SMITH"},{"floor":15,"key":"REST"}],"neow_cost":"NONE","seed_source_timestamp":26697549173944,"circlet_count":0,"master_deck":["Defend_G","Defend_G","Defend_G","Defend_G","Defend_G","Strike_G","Strike_G","Strike_G","Survivor","Neutralize","Envenom+1","Well Laid Plans","Finisher","Acrobatics","Distraction","Footwork","Deflect","Deflect","PiercingWail","Slice","Deflect","Deflect","Expertise"],"relics":["Ring of the Snake","Frozen Egg 2","The Courier"],"potions_floor_usage":[7,13,14,14,16],"damage_taken":[{"damage":8,"enemies":"Jaw Worm","floor":1,"turns":8},{"damage":4,"enemies":"Cultist","floor":4,"turns":4},{"damage":3,"enemies":"Small Slimes","floor":5,"turns":2},{"damage":33,"enemies":"Gremlin Nob","floor":7,"turns":6},{"damage":14,"enemies":"Exordium Thugs","floor":8,"turns":9},{"damage":4,"enemies":"2 Fungi Beasts","floor":12,"turns":5},{"damage":3,"enemies":"Exordium Wildlife","floor":13,"turns":6},{"damage":0,"enemies":"Lots of Slimes","floor":14,"turns":4},{"damage":23,"enemies":"Hexaghost","floor":16,"turns":16}],"seed_played":"4347505396116942381","potions_obtained":[{"floor":4,"key":"PowerPotion"},{"floor":5,"key":"FearPotion"},{"floor":7,"key":"LiquidBronze"},{"floor":8,"key":"Swift Potion"},{"floor":13,"key":"AttackPotion"}],"is_trial":false,"path_per_floor":["M","?","$","M","M","R","E","M","T","$","?","M","M","M","R","B"],"character_chosen":"THE_SILENT","items_purchased":["Acrobatics","PiercingWail","Slice"],"campfire_rested":1,"item_purchase_floors":[3,10,10],"current_hp_per_floor":[62,62,62,58,55,55,22,8,8,8,8,4,1,1,22,0],"gold":51,"neow_bonus":"TRANSFORM_CARD","is_prod":false,"is_daily":false,"chose_seed":false,"campfire_upgraded":1,"win_rate":0,"timestamp":1555669202,"path_taken":["M","?","$","?","M","R","E","M","T","$","?","M","M","M","R","BOSS"],"build_version":"2019-01-23","purchased_purges":0,"victory":false,"max_hp_per_floor":[70,70,70,70,70,70,70,70,70,70,70,70,70,70,70,70],"card_choices":[{"not_picked":["Underhanded Strike","Sucker Punch"],"picked":"Well Laid Plans","floor":1},{"not_picked":["Eviscerate","Outmaneuver"],"picked":"Distraction","floor":4},{"not_picked":["Flying Knee","Reflex"],"picked":"Footwork","floor":5},{"not_picked":["Choke","Burst"],"picked":"Deflect","floor":7},{"not_picked":["Crippling Poison","Tactician"],"picked":"Deflect","floor":8},{"not_picked":["Noxious Fumes+1","Dagger Throw"],"picked":"Deflect","floor":12},{"not_picked":["Deadly Poison","Accuracy+1"],"picked":"Deflect","floor":13},{"not_picked":["Deadly Poison","Accuracy+1"],"picked":"Expertise","floor":14}],"player_experience":79441,"relics_obtained":[{"floor":7,"key":"Frozen Egg 2"},{"floor":9,"key":"The Courier"}],"event_choices":[{"damage_healed":0,"gold_gain":0,"cards_transformed":["Strike_G"],"player_choice":"Transformed","damage_taken":0,"max_hp_gain":0,"max_hp_loss":0,"event_name":"Transmorgrifier","floor":2,"gold_loss":0,"cards_obtained":["Finisher"]},{"damage_healed":0,"gold_gain":0,"player_choice":"Leave","damage_taken":0,"max_hp_gain":0,"max_hp_loss":0,"event_name":"The Cleric","floor":11,"gold_loss":0}],"is_beta":false,"boss_relics":[],"items_purged_floors":[],"is_endless":false,"potions_floor_spawned":[4,5,7,8,13],"killed_by":"Hexaghost","ascension_level":1}