{"gold_per_floor":[109,109,122,142,112,112,147,147,217,231,258,17,29,29,29,130,130,145,145,26,26,39,39,69,69,95,95,112,1,1,21,21,117,117,129,229,32,32,46,46,46,75,101,101,115,115,115,37,37,37],"floor_reached":51,"playtime":13515,"items_purged":["Strike_G","Writhe"],"score":969,"play_id":"aea62e0a-5b60-46c2-a1c6-1463317c4f25","local_time":"20190801140407","is_ascension_mode":true,"campfire_choices":[{"data":"Phantasmal Killer","floor":6.0,"key":"SMITH"},{"floor":8.0,"key":"REST"},{"data":"Sucker Punch","floor":15.0,"key":"SMITH"},{"floor":23.0,"key":"REST"},{"data":"Footwork","floor":25.0,"key":"SMITH"},{"floor":27.0,"key":"REST"},{"data":"Noxious Fumes","floor":30.0,"key":"SMITH"},{"floor":32.0,"key":"REST"},{"floor":40,"key":"REST"},{"floor":44,"key":"REST"},{"data":"Well Laid Plans","floor":46,"key":"SMITH"},{"data":"Neutralize","floor":49,"key":"SMITH"}],"neow_cost":"NONE","seed_source_timestamp":0,"circlet_count":0,"master_deck":["Strike_G","Strike_G","Strike_G","Strike_G","Defend_G","Defend_G","Defend_G","Defend_G","Defend_G","Survivor","Neutralize+1","Phantasmal Killer+1","Predator","Terror","Deflect","Cloak And Dagger+1","Well Laid Plans+1","Sucker Punch+1","Setup+1","Noxious Fumes+1","Parasite","Corpse Explosion+1","Prepared+1","Footwork+1","Backflip+1","Acrobatics+1","Leg Sweep+1","Footwork+1","Catalyst+1","Crippling Poison+1","Dodge and Roll+1","Blind+1","Dodge and Roll+1","Backflip+1","Writhe","Heel Hook"],"special_seed":0,"relics":["Ring of the Snake","Lantern","Letter Opener","Toxic Egg 2","Sozu","Pen Nib","Mercury Hourglass","Orichalcum","Lizard Tail","FossilizedHelix","Anchor","Ancient Tea Set"],"potions_floor_usage":[],"damage_taken":[{"damage":2.0,"enemies":"2 Louse","floor":1.0,"turns":3.0},{"damage":0.0,"enemies":"Jaw Worm","floor":3.0,"turns":4.0},{"damage":1.0,"enemies":"Cultist","floor":4.0,"turns":4.0},{"damage":15.0,"enemies":"Gremlin Nob","floor":7.0,"turns":3.0},{"damage":3.0,"enemies":"Looter","floor":10.0,"turns":2.0},{"damage":22.0,"enemies":"Lagavulin","floor":11.0,"turns":5.0},{"damage":2.0,"enemies":"3 Louse","floor":13.0,"turns":3.0},{"damage":30.0,"enemies":"Slime Boss","floor":16.0,"turns":11.0},{"damage":16.0,"enemies":"Spheric Guardian","floor":18.0,"turns":4.0},{"damage":12.0,"enemies":"2 Thieves","floor":22.0,"turns":2.0},{"damage":19.0,"enemies":"Slavers","floor":24.0,"turns":3.0},{"damage":12.0,"enemies":"Snecko","floor":28.0,"turns":3.0},{"damage":4.0,"enemies":"Cultist and Chosen","floor":31.0,"turns":3.0},{"damage":56.0,"enemies":"Champ","floor":33.0,"turns":11.0},{"damage":25,"enemies":"3 Shapes","floor":35,"turns":4},{"damage":0,"enemies":"Mind Bloom Boss Battle","floor":36,"turns":8},{"damage":12,"enemies":"3 Darklings","floor":39,"turns":4},{"damage":13,"enemies":"Reptomancer","floor":42,"turns":7},{"damage":0,"enemies":"Jaw Worm Horde","floor":45,"turns":3},{"damage":43,"enemies":"Awakened One","floor":50,"turns":17}],"seed_played":"4494802176377069375","potions_obtained":[{"floor":3.0,"key":"Energy Potion"},{"floor":5.0,"key":"Ancient Potion"},{"floor":5.0,"key":"Poison Potion"},{"floor":7.0,"key":"Regen Potion"},{"floor":11.0,"key":"Weak Potion"}],"is_trial":false,"path_per_floor":["M","?","M","M","?","R","E","R","T","M","E","$","M","?","R","B",null,"M","?","$","?","M","R","E","R","T","R","M","$","R","M","R","B",null,"M","?","$","?","M","R","?","E","T","R","M","R","?","$","R","B",null],"character_chosen":"THE_SILENT","items_purchased":["Well Laid Plans","Sucker Punch","Setup+1","Footwork","Backflip+1","Footwork","Catalyst+1","Blind+1","Heel Hook"],"campfire_rested":6,"item_purchase_floors":[12,12,12,20,20,29,29,37,48],"current_hp_per_floor":[61,61,61,60,60,60,45,66,66,63,50,50,48,65,65,35,61,45,45,45,45,33,54,35,35,35,56,44,44,44,40,61,5,54,29,29,29,29,17,38,38,25,25,46,46,46,64,64,64,21],"gold":37,"neow_bonus":"ONE_RANDOM_RARE_CARD","is_prod":false,"is_daily":false,"chose_seed":false,"campfire_upgraded":6,"win_rate":0,"timestamp":1564689847,"path_taken":["M","?","M","M","?","R","E","R","T","M","E","$","?","?","R","BOSS","M","?","$","?","M","R","E","R","T","R","M","$","R","M","R","BOSS","M","?","$","?","?","R","?","E","T","R","M","R","?","$","R","BOSS"],"build_version":"2019-07-17","purchased_purges":2,"victory":true,"max_hp_per_floor":[70,70,70,70,70,70,70,70,70,70,70,70,70,70,70,70,70,70,70,70,70,70,70,70,70,70,70,70,70,70,70,70,70,70,70,70,70,70,70,70,70,70,70,70,70,70,70,70,70,70],"card_choices":[{"not_picked":["Sucker Punch","PiercingWail"],"picked":"Predator","floor":1.0},{"not_picked":["Deadly Poison","Concentrate"],"picked":"Terror","floor":3.0},{"not_picked":["Outmaneuver","Finisher","Calculated Gamble"],"picked":"SKIP","floor":4.0},{"not_picked":["Outmaneuver","Poisoned Stab","Tactician"],"picked":"SKIP","floor":7.0},{"not_picked":["Outmaneuver","Calculated Gamble"],"picked":"Deflect","floor":10.0},{"not_picked":["Skewer","Endless Agony"],"picked":"Cloak And Dagger","floor":11.0},{"not_picked":["Terror+1","PiercingWail+1"],"picked":"Noxious Fumes","floor":13.0},{"not_picked":["Envenom","Die Die Die"],"picked":"Corpse Explosion+1","floor":16.0},{"not_picked":["Underhanded Strike","Blade Dance+1"],"picked":"Prepared+1","floor":18.0},{"not_picked":["Flying Knee","Deadly Poison+1"],"picked":"Acrobatics+1","floor":22.0},{"not_picked":["Bouncing Flask+1","Deadly Poison+1","Sucker Punch"],"picked":"SKIP","floor":24.0},{"not_picked":["Flechettes+1","Bane"],"picked":"Leg Sweep+1","floor":28.0},{"not_picked":["Underhanded Strike","Prepared+1"],"picked":"Crippling Poison+1","floor":31.0},{"not_picked":["PiercingWail+1","Deflect+1"],"picked":"Dodge and Roll+1","floor":35},{"not_picked":["Cloak And Dagger+1","Tactician+1"],"picked":"Dodge and Roll+1","floor":39},{"not_picked":["Acrobatics+1","Expertise+1"],"picked":"Backflip+1","floor":42},{"not_picked":["Eviscerate+1","Caltrops+1","Acrobatics+1"],"picked":"SKIP","floor":45}],"player_experience":2070721,"relics_obtained":[{"floor":7.0,"key":"Lantern"},{"floor":9.0,"key":"Letter Opener"},{"floor":11.0,"key":"Toxic Egg 2"},{"floor":24.0,"key":"Mercury Hourglass"},{"floor":26.0,"key":"Orichalcum"},{"floor":36,"key":"FossilizedHelix"},{"floor":42,"key":"Anchor"},{"floor":43,"key":"Ancient Tea Set"}],"event_choices":[{"damage_healed":0.0,"max_hp_gain":0.0,"max_hp_loss":0.0,"gold_gain":0.0,"event_name":"Golden Idol","player_choice":"Ignored","floor":2.0,"gold_loss":0.0,"damage_taken":0.0},{"damage_healed":0.0,"max_hp_gain":0.0,"max_hp_loss":0.0,"gold_gain":0.0,"event_name":"The Woman in Blue","player_choice":"Bought 2 Potions","floor":5.0,"gold_loss":0.0,"damage_taken":0.0},{"damage_healed":17.0,"max_hp_gain":0.0,"max_hp_loss":0.0,"gold_gain":0.0,"event_name":"Mushrooms","player_choice":"Healed and dodged fight","floor":14.0,"gold_loss":0.0,"damage_taken":0.0,"cards_obtained":["Parasite"]},{"damage_healed":0.0,"max_hp_gain":0.0,"max_hp_loss":0.0,"gold_gain":0.0,"event_name":"The Mausoleum","player_choice":"Opened","floor":19.0,"gold_loss":0.0,"damage_taken":0.0,"relics_obtained":["Pen Nib"],"cards_obtained":["Writhe"]},{"damage_healed":0.0,"max_hp_gain":0.0,"max_hp_loss":0.0,"gold_gain":0.0,"event_name":"Lab","player_choice":"Got Potions","floor":21.0,"gold_loss":0.0,"damage_taken":0.0},{"damage_healed":0,"gold_gain":0,"player_choice":"Fight","damage_taken":0,"max_hp_gain":0,"max_hp_loss":0,"event_name":"MindBloom","floor":36,"gold_loss":0},{"damage_healed":0,"gold_gain":0,"player_choice":"Upgraded","damage_taken":0,"max_hp_gain":0,"max_hp_loss":0,"event_name":"Upgrade Shrine","floor":38,"gold_loss":0,"cards_upgraded":["Footwork"]},{"damage_healed":0,"gold_gain":0,"player_choice":"Ignored","damage_taken":0,"max_hp_gain":0,"max_hp_loss":0,"event_name":"Mysterious Sphere","floor":41,"gold_loss":0},{"damage_healed":18,"gold_gain":0,"player_choice":"Writhe","damage_taken":0,"max_hp_gain":0,"max_hp_loss":0,"event_name":"Winding Halls","floor":47,"gold_loss":0,"cards_obtained":["Writhe"]}],"is_beta":false,"boss_relics":[{"not_picked":["Ectoplasm","Astrolabe"],"picked":"Sozu"},{"not_picked":["Velvet Choker","Runic Dome"],"picked":"Lizard Tail"}],"items_purged_floors":[12,37],"is_endless":false,"potions_floor_spawned":[3,7,11,24,28,36,42],"ascension_level":8}