{"path_per_floor":["M","$","M","?","M","E","M","?","T","M","M","?","R","?","R"],"character_chosen":"IRONCLAD","items_purchased":["Cleave","True Grit"],"gold_per_floor":[116,37,47,47,66,92,111,111,111,126,81,81,81,81,81,81],"floor_reached":16,"campfire_rested":1,"playtime":1210,"current_hp_per_floor":[79,79,78,78,76,18,17,17,17,23,27,27,27,27,51,0],"items_purged":[],"gold":81,"score":100,"play_id":"34253bb4-a95a-447f-bcd8-f43414f32515","local_time":"20180404210433","is_prod":false,"is_daily":false,"is_ascension_mode":false,"campfire_upgraded":1,"timestamp":1522897473,"path_taken":["M","$","M","?","M","E","M","?","T","M","M","?","R","?","R","BOSS"],"build_version":"2018-03-29v2","purchased_purges":0,"victory":false,"master_deck":["Strike_R","Strike_R","Strike_R","Strike_R","Strike_R","Defend_R","Defend_R","Defend_R","Defend_R","Bash","Shrug It Off","Cleave","True Grit","Warcry","Regret","Iron Wave","Flame Barrier","Warcry","Iron Wave","Pommel Strike+1"],"max_hp_per_floor":[80,80,80,80,80,80,80,80,80,80,80,80,80,80,80,80],"relics":["Burning Blood","Paper Frog","Ice Cream","Unceasing Top"],"card_choices":[{"not_picked":["Seeing Red","Twin Strike"],"picked":"Shrug It Off","floor":1},{"not_picked":["Flame Barrier","Fire Breathing"],"picked":"Warcry","floor":3},{"not_picked":["Clothesline","Battle Trance"],"picked":"Iron Wave","floor":5},{"not_picked":["Twin Strike","Juggernaut"],"picked":"Flame Barrier","floor":6},{"not_picked":["Perfected Strike","True Grit"],"picked":"Warcry","floor":7},{"not_picked":["Blood for Blood","Twin Strike"],"picked":"Iron Wave","floor":10},{"not_picked":["Clothesline","Shrug It Off"],"picked":"Pommel Strike","floor":11}],"player_experience":878,"potions_floor_usage":[7,10],"damage_taken":[{"damage":7,"enemies":"Small Slimes","floor":1,"turns":4},{"damage":7,"enemies":"Jaw Worm","floor":3,"turns":5},{"damage":8,"enemies":"Cultist","floor":5,"turns":4},{"damage":64,"enemies":"Lagavulin","floor":6,"turns":9},{"damage":7,"enemies":"3 Louse","floor":7,"turns":2},{"damage":0,"enemies":"Exordium Wildlife","floor":10,"turns":3},{"damage":2,"enemies":"Looter","floor":11,"turns":5},{"damage":52,"enemies":"The Guardian","floor":16,"turns":12}],"event_choices":[{"event_name":"Big Fish","player_choice":"Box","floor":4,"damage_taken":0},{"event_name":"Shining Light","player_choice":"Ignored","floor":8,"damage_taken":0},{"event_name":"Golden Idol","player_choice":"Ignored","floor":12,"damage_taken":0},{"event_name":"Liars Game","player_choice":"disagreed","floor":14,"damage_taken":0}],"boss_relics":[],"potions_floor_spawned":[1,7],"seed_played":"-7668469481297775864","killed_by":"The Guardian","ascension_level":0,"is_trial":false}