{"gold_per_floor":[113,38,56,73,89,118,138,138,164,164,175,207,220,235,235,334,334,349,264,88,99,117,117,149,159,236,250,250,260,10,0,0,98,98,117,131,131,131,142,142,142,142,142,161,176,196,196,15,15,15],"floor_reached":51,"playtime":7600,"items_purged":["Injury","Defend_G","Strike_G"],"score":667,"play_id":"9680d783-262c-4764-987c-8a763dc02ca0","local_time":"20181018004119","is_ascension_mode":true,"campfire_choices":[{"data":"Neutralize","floor":8,"key":"SMITH"},{"data":"Deadly Poison","floor":10,"key":"SMITH"},{"floor":15,"key":"REST"},{"data":"Footwork","floor":23,"key":"SMITH"},{"floor":28,"key":"REST"},{"floor":32,"key":"REST"},{"data":"Envenom","floor":41,"key":"SMITH"},{"data":"Footwork","floor":49,"key":"SMITH"}],"neow_cost":"CURSE","seed_source_timestamp":5440152934012876,"circlet_count":0,"master_deck":["Defend_G","Defend_G","Defend_G","Defend_G","Strike_G","Strike_G","Survivor","Neutralize+1","Dagger Spray","Sucker Punch","Skewer","Deadly Poison+1","PiercingWail","Corpse Explosion","Backflip","Well Laid Plans","Footwork+1","Blur","Footwork+1","Terror","Blur+1","Noxious Fumes","Envenom+1","Dodge and Roll","Bouncing Flask+1","Apotheosis"],"relics":["Ring of the Snake","Snake Skull","Bag of Preparation","Dream Catcher","Empty Cage","Orichalcum","Gambling Chip","Paper Crane","Velvet Choker","Prayer Wheel","The Specimen"],"potions_floor_usage":[6,6,16,16,16,24,29,33,39,45,50,50,50,50],"damage_taken":[{"damage":2,"enemies":"Cultist","floor":1,"turns":5},{"damage":3,"enemies":"Jaw Worm","floor":3,"turns":5},{"damage":0,"enemies":"2 Louse","floor":4,"turns":3},{"damage":1,"enemies":"2 Fungi Beasts","floor":5,"turns":3},{"damage":11,"enemies":"3 Sentries","floor":6,"turns":9},{"damage":0,"enemies":"Gremlin Gang","floor":7,"turns":4},{"damage":1,"enemies":"Exordium Wildlife","floor":11,"turns":4},{"damage":13,"enemies":"Lagavulin","floor":12,"turns":6},{"damage":0,"enemies":"Large Slime","floor":13,"turns":5},{"damage":3,"enemies":"Lots of Slimes","floor":14,"turns":2},{"damage":29,"enemies":"Slime Boss","floor":16,"turns":13},{"damage":5,"enemies":"Shell Parasite","floor":18,"turns":5},{"damage":9,"enemies":"2 Thieves","floor":21,"turns":3},{"damage":0,"enemies":"3 Cultists","floor":22,"turns":3},{"damage":18,"enemies":"Gremlin Leader","floor":24,"turns":8},{"damage":3,"enemies":"Snecko","floor":25,"turns":7},{"damage":25,"enemies":"Sentry and Sphere","floor":27,"turns":8},{"damage":11,"enemies":"Shelled Parasite and Fungi","floor":29,"turns":6},{"damage":3,"enemies":"Champ","floor":33,"turns":15},{"damage":0,"enemies":"Orb Walker","floor":35,"turns":5},{"damage":0,"enemies":"3 Shapes","floor":36,"turns":4},{"damage":0,"enemies":"Mind Bloom Boss Battle","floor":37,"turns":8},{"damage":6,"enemies":"Transient","floor":39,"turns":5},{"damage":24,"enemies":"Spire Growth","floor":44,"turns":5},{"damage":17,"enemies":"Sphere and 2 Shapes","floor":45,"turns":6},{"damage":3,"enemies":"3 Darklings","floor":46,"turns":5},{"damage":21,"enemies":"Awakened One","floor":50,"turns":13}],"seed_played":"7381490730963261728","potions_obtained":[{"floor":3,"key":"GamblersBrew"},{"floor":4,"key":"PowerPotion"},{"floor":5,"key":"GamblersBrew"},{"floor":13,"key":"LiquidBronze"},{"floor":14,"key":"Dexterity Potion"},{"floor":18,"key":"SkillPotion"},{"floor":24,"key":"PowerPotion"},{"floor":27,"key":"Poison Potion"},{"floor":39,"key":"Ancient Potion"},{"floor":44,"key":"AttackPotion"},{"floor":46,"key":"EntropicBrew"}],"is_trial":false,"path_per_floor":["M","$","M","M","M","E","M","R","T","R","M","E","M","M","R","B",null,"M","?","$","M","M","R","E","M","T","M","R","M","$","?","R","B",null,"M","M","?","?","M","$","R","?","T","M","M","M","?","$","R","B"],"character_chosen":"THE_SILENT","items_purchased":["Well Laid Plans","Noxious Fumes","Block Potion","Apotheosis"],"campfire_rested":3,"item_purchase_floors":[20,30,30,48],"current_hp_per_floor":[82,82,79,79,78,67,67,67,67,67,66,53,53,50,75,46,84,79,79,79,70,70,70,52,49,49,24,49,38,38,38,63,60,84,84,84,84,84,78,78,78,78,78,54,37,34,70,70,70,49],"gold":15,"neow_bonus":"TWENTY_PERCENT_HP_BONUS","is_prod":false,"is_daily":false,"chose_seed":false,"campfire_upgraded":5,"win_rate":0,"timestamp":1539844879,"path_taken":["M","$","M","?","M","E","M","R","T","R","M","E","M","M","R","BOSS","M","?","$","M","?","R","E","M","T","M","R","M","$","?","R","BOSS","M","M","?","?","M","$","R","?","T","M","M","M","?","$","R","BOSS"],"build_version":"2018-10-11","purchased_purges":3,"victory":true,"max_hp_per_floor":[84,84,84,84,84,84,84,84,84,84,84,84,84,84,84,84,84,84,84,84,84,84,84,84,84,84,84,84,84,84,84,84,84,84,84,84,84,84,84,84,84,80,80,80,80,80,70,70,70,70],"card_choices":[{"not_picked":["Outmaneuver","Poisoned Stab"],"picked":"Dagger Spray","floor":1},{"not_picked":["Dagger Spray","Flying Knee"],"picked":"Sucker Punch","floor":3},{"not_picked":["Flechettes","Quick Slash","Reflex"],"picked":"SKIP","floor":4},{"not_picked":["Sucker Punch","Acrobatics","Finisher"],"picked":"SKIP","floor":5},{"not_picked":["Setup","Quick Slash"],"picked":"Skewer","floor":6},{"not_picked":["Prepared","PiercingWail"],"picked":"Deadly Poison","floor":7},{"not_picked":["Setup","Wraith Form v2","Slice"],"picked":"SKIP","floor":11},{"not_picked":["Underhanded Strike","Flying Knee","Reflex"],"picked":"SKIP","floor":12},{"not_picked":["Outmaneuver","Quick Slash","Poisoned Stab"],"picked":"SKIP","floor":13},{"not_picked":["Dodge and Roll","Acrobatics"],"picked":"PiercingWail","floor":14},{"not_picked":["Phantasmal Killer","Night Terror"],"picked":"Corpse Explosion","floor":16},{"not_picked":["Dagger Throw","Distraction+1"],"picked":"Backflip","floor":18},{"not_picked":["Tactician","Predator"],"picked":"Footwork","floor":21},{"not_picked":["Acrobatics+1","Calculated Gamble+1","Dagger Throw"],"picked":"SKIP","floor":22},{"not_picked":["Finisher","PiercingWail"],"picked":"Blur","floor":24},{"not_picked":["Concentrate","Cloak And Dagger"],"picked":"Footwork","floor":25},{"not_picked":["Setup","Slice","Deflect"],"picked":"SKIP","floor":27},{"not_picked":["Bane+1","Acrobatics+1"],"picked":"Terror","floor":28},{"not_picked":["Well Laid Plans+1","PiercingWail+1"],"picked":"Blur+1","floor":29},{"not_picked":["Tools of the Trade","Venomology"],"picked":"Envenom","floor":33},{"not_picked":["Underhanded Strike+1","Poisoned Stab","Acrobatics"],"picked":"SKIP","floor":35},{"not_picked":["Poisoned Stab","Accuracy","Quick Slash"],"picked":"SKIP","floor":36},{"not_picked":["Blade Dance+1","Eviscerate+1"],"picked":"Dodge and Roll","floor":37},{"not_picked":["Reflex+1","Infinite Blades"],"picked":"Bouncing Flask+1","floor":39},{"not_picked":["Dash+1","Deadly Poison+1","PiercingWail"],"picked":"SKIP","floor":39},{"not_picked":["Deflect+1","Setup","Phantasmal Killer"],"picked":"SKIP","floor":44},{"not_picked":["Underhanded Strike+1","Cloak And Dagger","Flying Knee"],"picked":"SKIP","floor":44},{"not_picked":["Dodge and Roll","Heel Hook+1","Doppelganger"],"picked":"SKIP","floor":45},{"not_picked":["Heel Hook","Dodge and Roll","Calculated Gamble+1"],"picked":"SKIP","floor":45},{"not_picked":["Reflex+1","Accuracy","Deadly Poison"],"picked":"SKIP","floor":46},{"not_picked":["Prepared","Blur","Flechettes"],"picked":"SKIP","floor":46}],"player_experience":856888,"relics_obtained":[{"floor":6,"key":"Snake Skull"},{"floor":9,"key":"Bag of Preparation"},{"floor":12,"key":"Dream Catcher"},{"floor":24,"key":"Gambling Chip"},{"floor":26,"key":"Paper Crane"},{"floor":37,"key":"Prayer Wheel"},{"floor":43,"key":"The Specimen"}],"event_choices":[{"event_name":"Addict","player_choice":"Obtained Relic","floor":19,"damage_taken":0},{"event_name":"Masked Bandits","player_choice":"Paid Fearfully","floor":31,"damage_taken":0},{"event_name":"MindBloom","player_choice":"Fight","floor":37,"damage_taken":0},{"event_name":"Tomb of Lord Red Mask","player_choice":"Ignored","floor":38,"damage_taken":0},{"event_name":"Winding Halls","player_choice":"Max HP","floor":42,"damage_taken":0},{"event_name":"The Moai Head","player_choice":"Heal","floor":47,"damage_taken":0}],"is_beta":false,"boss_relics":[{"not_picked":["Ectoplasm","WristBlade"],"picked":"Empty Cage"},{"not_picked":["Sozu","Fusion Hammer"],"picked":"Velvet Choker"}],"items_purged_floors":[2,20,30],"is_endless":false,"potions_floor_spawned":[3,4,5,13,14,18,24,27,39,44,46],"ascension_level":1}