{"gold_per_floor":[110,60,60,73,73,103,103,103,128,128,128,51,84,98,98,98],"floor_reached":16,"playtime":530,"items_purged":[],"score":210,"play_id":"87d5f85a-abf3-4119-8377-8d4072cbad75","local_time":"20190822182033","is_ascension_mode":true,"campfire_choices":[{"floor":7,"key":"REST"},{"floor":11,"key":"REST"},{"floor":15,"key":"REST"}],"neow_cost":"NONE","seed_source_timestamp":116969895302632,"circlet_count":0,"master_deck":["AscendersBane","Strike_B","Strike_B","Strike_B","Defend_B","Defend_B","Defend_B","Defend_B","Zap+1","Dualcast","Rip and Tear","Auto Shields","Melter","Fission","Coolheaded","Reinforced Body"],"relics":["Cracked Core","NeowsBlessing","Emotion Chip","Art of War","Golden Idol","PreservedInsect","Omamori","Shuriken"],"potions_floor_usage":[13,16],"damage_taken":[{"damage":0,"enemies":"Small Slimes","floor":1,"turns":1},{"damage":0,"enemies":"2 Louse","floor":4,"turns":1},{"damage":0,"enemies":"3 Sentries","floor":6,"turns":1},{"damage":19,"enemies":"Lagavulin","floor":13,"turns":4},{"damage":7,"enemies":"Jaw Worm","floor":14,"turns":2},{"damage":69,"enemies":"Slime Boss","floor":16,"turns":10}],"seed_played":"2099137874318640001","potions_obtained":[{"floor":1,"key":"Poison Potion"},{"floor":6,"key":"EssenceOfSteel"}],"is_trial":false,"path_per_floor":["M","?","?","M","?","E","R","?","T","T","R","$","E","M","R","B"],"character_chosen":"DEFECT","items_purchased":["Fission"],"campfire_rested":3,"item_purchase_floors":[12],"current_hp_per_floor":[68,68,43,43,43,43,65,47,47,47,69,69,50,43,65,0],"gold":98,"neow_bonus":"THREE_ENEMY_KILL","is_prod":false,"is_daily":false,"chose_seed":false,"campfire_upgraded":0,"win_rate":0,"timestamp":1566494433,"path_taken":["M","?","?","M","?","E","R","?","T","?","R","$","E","?","R","BOSS"],"build_version":"2019-07-17","purchased_purges":0,"victory":false,"max_hp_per_floor":[75,75,75,75,75,75,75,75,75,75,75,75,75,75,75,75],"card_choices":[{"not_picked":["Steam","Recycle"],"picked":"Rip and Tear","floor":1},{"not_picked":["Beam Cell","Skim"],"picked":"Auto Shields","floor":4},{"not_picked":["Redo","Sweeping Beam"],"picked":"Melter","floor":6},{"not_picked":["Redo","Compile Driver"],"picked":"Coolheaded","floor":13},{"not_picked":["Go for the Eyes","Gash"],"picked":"Reinforced Body","floor":14}],"player_experience":519943,"relics_obtained":[{"floor":6,"key":"Art of War"},{"floor":9,"key":"PreservedInsect"},{"floor":10,"key":"Omamori"},{"floor":13,"key":"Shuriken"}],"event_choices":[{"cards_removed":["Strike_B"],"damage_healed":0,"gold_gain":0,"player_choice":"Card Removal","damage_taken":0,"max_hp_gain":0,"max_hp_loss":0,"event_name":"The Cleric","floor":2,"gold_loss":50},{"damage_healed":0,"gold_gain":0,"player_choice":"Success","damage_taken":25,"relics_obtained":["Emotion Chip"],"max_hp_gain":0,"max_hp_loss":0,"event_name":"Scrap Ooze","floor":3,"gold_loss":0},{"damage_healed":0,"gold_gain":0,"player_choice":"Grow","damage_taken":0,"max_hp_gain":0,"max_hp_loss":0,"event_name":"Living Wall","floor":5,"gold_loss":0,"cards_upgraded":["Zap"]},{"damage_healed":0,"gold_gain":0,"player_choice":"Take Damage","damage_taken":18,"relics_obtained":["Golden Idol"],"max_hp_gain":0,"max_hp_loss":0,"event_name":"Golden Idol","floor":8,"gold_loss":0}],"is_beta":false,"boss_relics":[],"items_purged_floors":[],"is_endless":false,"potions_floor_spawned":[1,6],"killed_by":"Slime Boss","ascension_level":12}