{"gold_per_floor":[118,135,135,146,160,160,178,178,254,271,271,286,120,130,130,230,230,240,257,182,182,182,182,201,211,211,211,33,33,33,50,50,150,150,165,40,54,329,345,40,40,57,112,0,0,0,16,28,28,28],"floor_reached":50,"playtime":3793,"items_purged":["Strike_G","Defend_G","Decay","Regret"],"score":438,"play_id":"feb82f7c-d25f-466a-a460-5f3cb99979b8","local_time":"20190815220036","is_ascension_mode":false,"campfire_choices":[{"data":"Bane","floor":6.0,"key":"SMITH"},{"data":"Deflect","floor":8.0,"key":"SMITH"},{"data":"Deadly Poison","floor":11.0,"key":"SMITH"},{"data":"Noxious Fumes","floor":15.0,"key":"SMITH"},{"floor":23.0,"key":"REST"},{"data":"PiercingWail","floor":30.0,"key":"SMITH"},{"floor":32.0,"key":"REST"},{"floor":41,"key":"REST"},{"floor":49,"key":"REST"}],"neow_cost":"NONE","seed_source_timestamp":0,"circlet_count":0,"master_deck":["Strike_G+1","Strike_G","Defend_G","Defend_G","Defend_G","Defend_G","Survivor","Neutralize+1","Deadly Poison","Deadly Poison+1","Deadly Poison+1","Bane+1","Deflect+1","Noxious Fumes","Deflect","Noxious Fumes+1","Adrenaline","Poisoned Stab","Noxious Fumes","Backflip","PiercingWail+1","Bouncing Flask+1","Venomology","Dodge and Roll","Backflip","Bane","Leg Sweep","Dagger Spray","Backstab","Outmaneuver+1","PiercingWail","Deflect+1"],"special_seed":0,"relics":["Ring of the Snake","Whetstone","Darkstone Periapt","Lizard Tail","MutagenicStrength","Mummified Hand","Orrery","Regal Pillow","Blood Vial","Red Mask"],"potions_floor_usage":[39,42,42,50,50,50],"damage_taken":[{"damage":0.0,"enemies":"Small Slimes","floor":1.0,"turns":3.0},{"damage":0.0,"enemies":"Cultist","floor":2.0,"turns":3.0},{"damage":0.0,"enemies":"Jaw Worm","floor":4.0,"turns":3.0},{"damage":0.0,"enemies":"Large Slime","floor":5.0,"turns":6.0},{"damage":6.0,"enemies":"Exordium Wildlife","floor":7.0,"turns":4.0},{"damage":2.0,"enemies":"Looter","floor":10.0,"turns":2.0},{"damage":6.0,"enemies":"Lots of Slimes","floor":12.0,"turns":4.0},{"damage":0.0,"enemies":"Large Slime","floor":14.0,"turns":4.0},{"damage":16.0,"enemies":"Slime Boss","floor":16.0,"turns":6.0},{"damage":16.0,"enemies":"Spheric Guardian","floor":18.0,"turns":5.0},{"damage":4.0,"enemies":"Shell Parasite","floor":19.0,"turns":4.0},{"damage":14.0,"enemies":"Chosen and Byrds","floor":24.0,"turns":6.0},{"damage":3.0,"enemies":"Snecko","floor":25.0,"turns":5.0},{"damage":10.0,"enemies":"Centurion and Healer","floor":31.0,"turns":5.0},{"damage":59.0,"enemies":"Collector","floor":33.0,"turns":10.0},{"damage":21,"enemies":"Orb Walker","floor":35,"turns":5},{"damage":5,"enemies":"3 Shapes","floor":37,"turns":4},{"damage":30,"enemies":"Transient","floor":39,"turns":5},{"damage":30,"enemies":"Spire Growth","floor":42,"turns":4},{"damage":26,"enemies":"4 Shapes","floor":47,"turns":5},{"damage":20,"enemies":"Sphere and 2 Shapes","floor":48,"turns":5},{"damage":83,"enemies":"Donu and Deca","floor":50,"turns":8}],"seed_played":"7702244920469272221","potions_obtained":[{"floor":2.0,"key":"EntropicBrew"},{"floor":5.0,"key":"LiquidBronze"},{"floor":7.0,"key":"Ancient Potion"},{"floor":14.0,"key":"EssenceOfSteel"},{"floor":24.0,"key":"GhostInAJar"},{"floor":31.0,"key":"GhostInAJar"},{"floor":37,"key":"Fire Potion"},{"floor":47,"key":"SteroidPotion"}],"is_trial":false,"path_per_floor":["M","M","?","M","M","R","M","R","T","M","R","M","$","M","R","B",null,"M","M","?","?","?","R","M","M","T","?","$","?","R","M","R","B",null,"M","$","M","?","M","$","R","M","T","?","$","$","M","M","R","B"],"character_chosen":"THE_SILENT","items_purchased":["Noxious Fumes","Deflect","Backflip","PiercingWail","Regal Pillow"],"campfire_rested":4,"item_purchase_floors":[13,13,28,28,40],"current_hp_per_floor":[70,70,70,70,70,70,64,64,64,62,62,56,56,56,56,40,70,54,50,50,50,50,70,65,62,62,62,62,68,68,58,76,17,76,55,55,50,56,26,26,65,35,35,35,35,35,11,41,80,0],"gold":28,"neow_bonus":"RANDOM_COMMON_RELIC","is_prod":false,"is_daily":false,"chose_seed":false,"campfire_upgraded":5,"win_rate":0.0,"timestamp":1565895636,"path_taken":["M","M","?","M","M","R","M","R","T","?","R","M","$","M","R","BOSS","M","?","?","?","?","R","M","?","T","?","$","?","R","?","R","BOSS","M","$","M","?","?","$","R","M","T","?","?","$","M","M","R","BOSS"],"build_version":"2019-07-17","purchased_purges":4,"victory":false,"max_hp_per_floor":[70,70,70,70,70,70,70,70,70,70,70,70,70,70,70,70,70,70,70,70,70,70,70,70,70,70,70,70,76,76,76,76,76,76,76,76,76,82,82,82,82,82,82,82,82,82,82,82,82,82],"card_choices":[{"not_picked":["Acrobatics","Eviscerate"],"picked":"Deadly Poison","floor":1.0},{"not_picked":["Dagger Spray","Leg Sweep"],"picked":"Deadly Poison","floor":2.0},{"not_picked":["Heel Hook","Blade Dance"],"picked":"Deadly Poison","floor":4.0},{"not_picked":["Poisoned Stab","Infinite Blades"],"picked":"Bane","floor":5.0},{"not_picked":["Masterful Stab","Slice"],"picked":"Deflect","floor":7.0},{"not_picked":["Sucker Punch","Eviscerate","Prepared"],"picked":"SKIP","floor":10.0},{"not_picked":["Heel Hook","Sucker Punch","After Image"],"picked":"SKIP","floor":12.0},{"not_picked":["Outmaneuver","Prepared"],"picked":"Noxious Fumes","floor":14.0},{"not_picked":["Die Die Die","Doppelganger"],"picked":"Adrenaline","floor":16.0},{"not_picked":["Dagger Throw","Quick Slash","Dodge and Roll"],"picked":"SKIP","floor":18.0},{"not_picked":["Tactician","Dagger Throw+1"],"picked":"Poisoned Stab","floor":19.0},{"not_picked":["Underhanded Strike","Escape Plan+1"],"picked":"Noxious Fumes","floor":24.0},{"not_picked":["Deflect","Tools of the Trade","Sucker Punch"],"picked":"SKIP","floor":25.0},{"not_picked":["Well Laid Plans","Flying Knee"],"picked":"Bouncing Flask+1","floor":31.0},{"not_picked":["Doppelganger","After Image"],"picked":"Venomology","floor":33.0},{"not_picked":["Deadly Poison","Sucker Punch"],"picked":"Dodge and Roll","floor":34},{"not_picked":["Slice","Deadly Poison"],"picked":"Backflip","floor":34},{"not_picked":["Acrobatics","Die Die Die"],"picked":"Bane","floor":34},{"not_picked":["Noxious Fumes","Backflip"],"picked":"Leg Sweep","floor":34},{"not_picked":["Acrobatics+1","Deadly Poison"],"picked":"Dagger Spray","floor":34},{"not_picked":["Dash+1","Slice"],"picked":"Backstab","floor":35},{"not_picked":["Distraction","Dagger Throw","Deadly Poison+1"],"picked":"SKIP","floor":37},{"not_picked":["Deadly Poison","Heel Hook+1","Slice+1"],"picked":"SKIP","floor":39},{"not_picked":["Heel Hook","Dagger Throw+1"],"picked":"Outmaneuver+1","floor":42},{"not_picked":["Sucker Punch+1","Flechettes"],"picked":"PiercingWail","floor":47},{"not_picked":["Blade Dance","Caltrops"],"picked":"Deflect+1","floor":48}],"player_experience":21657,"relics_obtained":[{"floor":9.0,"key":"Darkstone Periapt"},{"floor":26.0,"key":"Mummified Hand"},{"floor":43,"key":"Blood Vial"}],"event_choices":[{"damage_healed":0.0,"max_hp_gain":0.0,"max_hp_loss":0.0,"gold_gain":0.0,"event_name":"Upgrade Shrine","player_choice":"Upgraded","floor":3.0,"gold_loss":0.0,"damage_taken":0.0,"cards_upgraded":["Deadly Poison"]},{"cards_removed":["Strike_G"],"damage_healed":0.0,"max_hp_gain":0.0,"max_hp_loss":0.0,"gold_gain":0.0,"event_name":"Beggar","player_choice":"Gave Gold","floor":20.0,"gold_loss":75.0,"damage_taken":0.0},{"damage_healed":0.0,"max_hp_gain":0.0,"max_hp_loss":0.0,"gold_gain":0.0,"event_name":"Drug Dealer","player_choice":"Inject Mutagens","floor":21.0,"gold_loss":0.0,"damage_taken":0.0,"relics_obtained":["MutagenicStrength"]},{"damage_healed":0.0,"max_hp_gain":0.0,"max_hp_loss":0.0,"gold_gain":0.0,"event_name":"Ghosts","player_choice":"Ignored","floor":22.0,"gold_loss":0.0,"damage_taken":0.0},{"cards_removed":["Strike_G"],"damage_healed":0.0,"max_hp_gain":0.0,"max_hp_loss":0.0,"gold_gain":0.0,"event_name":"Back to Basics","player_choice":"Elegance","floor":27.0,"gold_loss":0.0,"damage_taken":0.0},{"damage_healed":0.0,"max_hp_gain":0.0,"max_hp_loss":0.0,"gold_gain":0.0,"event_name":"Wheel of Change","player_choice":"Cursed","floor":29.0,"gold_loss":0.0,"damage_taken":0.0,"cards_obtained":["Decay"]},{"damage_healed":0,"gold_gain":275,"player_choice":"Desecrate","damage_taken":0,"max_hp_gain":0,"max_hp_loss":0,"event_name":"Golden Shrine","floor":38,"gold_loss":0,"cards_obtained":["Regret"]},{"damage_healed":0,"gold_gain":0,"player_choice":"Paid","damage_taken":0,"relics_obtained":["Red Mask"],"max_hp_gain":0,"max_hp_loss":0,"event_name":"Tomb of Lord Red Mask","floor":44,"gold_loss":112}],"is_beta":false,"boss_relics":[{"not_picked":["Snecko Eye","Ring of the Serpent"],"picked":"Lizard Tail"},{"not_picked":["Astrolabe","Busted Crown"],"picked":"Orrery"}],"items_purged_floors":[13,28,36,40],"is_endless":false,"potions_floor_spawned":[2,5,7,12,14,24,31,37,47,48],"killed_by":"Donu and Deca","ascension_level":0}