{"gold_per_floor":[111,40,56,70,80,80,93,104,104,104,32,32,48,60,60,163,163,175,175,137,149,74,74,89,89],"floor_reached":25,"playtime":1092,"items_purged":[],"score":197,"play_id":"1ddbb3de-dd59-4bb4-bc4c-fabdff029d51","local_time":"20190411001744","is_ascension_mode":false,"campfire_choices":[{"data":"Scrape","floor":6,"key":"SMITH"},{"floor":10,"key":"REST"},{"data":"FTL","floor":12,"key":"SMITH"},{"data":"Go for the Eyes","floor":15,"key":"SMITH"},{"data":"Gash","floor":23,"key":"SMITH"}],"neow_cost":"NONE","seed_source_timestamp":309550671166581,"circlet_count":0,"master_deck":["Strike_B","Strike_B","Defend_B","Defend_B","Defend_B","Defend_B","Dualcast","Stack","Scrape+1","FTL","Stack","Beam Cell","FTL+1","Go for the Eyes+1","Leap","Buffer","FTL","Heatsinks","Gash+1","Go for the Eyes"],"relics":["Cracked Core","NeowsBlessing","Kunai","Empty Cage"],"potions_floor_usage":[21,24,25,25],"damage_taken":[{"damage":0,"enemies":"Jaw Worm","floor":1,"turns":1},{"damage":0,"enemies":"Cultist","floor":3,"turns":1},{"damage":0,"enemies":"Small Slimes","floor":4,"turns":1},{"damage":13,"enemies":"Gremlin Gang","floor":5,"turns":5},{"damage":23,"enemies":"Exordium Thugs","floor":7,"turns":5},{"damage":4,"enemies":"Exordium Wildlife","floor":8,"turns":3},{"damage":6,"enemies":"2 Fungi Beasts","floor":13,"turns":3},{"damage":5,"enemies":"Looter","floor":14,"turns":3},{"damage":43,"enemies":"The Guardian","floor":16,"turns":13},{"damage":6,"enemies":"Chosen","floor":18,"turns":6},{"damage":18,"enemies":"2 Thieves","floor":21,"turns":4},{"damage":8,"enemies":"Snake Plant","floor":24,"turns":8},{"damage":45,"enemies":"Slavers","floor":25,"turns":7}],"seed_played":"-6371700861290582889","potions_obtained":[{"floor":4,"key":"Explosive Potion"},{"floor":7,"key":"SkillPotion"},{"floor":8,"key":"Poison Potion"},{"floor":14,"key":"GamblersBrew"},{"floor":21,"key":"SkillPotion"}],"is_trial":false,"path_per_floor":["M","$","M","M","M","R","M","M","T","R","$","R","M","M","R","B",null,"M","?","$","M","$","R","M","E"],"character_chosen":"DEFECT","items_purchased":["Scrape","FTL","FTL","Gash","Go for the Eyes"],"campfire_rested":1,"item_purchase_floors":[2,11,20,22,22],"current_hp_per_floor":[75,75,75,75,62,62,39,35,35,57,57,57,51,46,46,3,75,69,69,69,51,51,51,43,0],"gold":89,"neow_bonus":"THREE_ENEMY_KILL","is_prod":false,"is_daily":false,"chose_seed":false,"campfire_upgraded":4,"win_rate":0.0,"timestamp":1554913064,"path_taken":["M","$","M","M","M","R","M","M","T","R","$","R","M","M","R","BOSS","M","?","$","M","?","R","M","E"],"build_version":"2019-01-23","purchased_purges":0,"victory":false,"max_hp_per_floor":[75,75,75,75,75,75,75,75,75,75,75,75,75,75,75,75,75,75,75,75,75,75,75,75,75],"card_choices":[{"not_picked":["Compile Driver","Sweeping Beam"],"picked":"Stack","floor":1},{"not_picked":["Sweeping Beam","Rip and Tear"],"picked":"FTL","floor":3},{"not_picked":["Coolheaded","Defragment"],"picked":"Stack","floor":4},{"not_picked":["Steam","Compile Driver","Defragment"],"picked":"SKIP","floor":5},{"not_picked":["Consume","Rainbow"],"picked":"Beam Cell","floor":7},{"not_picked":["Barrage","Ball Lightning","Aggregate"],"picked":"SKIP","floor":8},{"not_picked":["Static Discharge","Auto Shields"],"picked":"Go for the Eyes","floor":13},{"not_picked":["White Noise","Go for the Eyes"],"picked":"Leap","floor":14},{"not_picked":["Seek","Rainbow"],"picked":"Buffer","floor":16},{"not_picked":["Defragment+1","Coolheaded","Cold Snap"],"picked":"SKIP","floor":18},{"not_picked":["Ball Lightning+1","Chaos"],"picked":"Heatsinks","floor":21},{"not_picked":["Beam Cell","Electrodynamics","Hello World"],"picked":"SKIP","floor":24}],"player_experience":14082,"relics_obtained":[{"floor":9,"key":"Kunai"}],"event_choices":[{"cards_removed":["Strike_B"],"damage_healed":0,"gold_gain":0,"player_choice":"Purged","damage_taken":0,"max_hp_gain":0,"max_hp_loss":0,"event_name":"Purifier","floor":19,"gold_loss":0}],"is_beta":false,"boss_relics":[{"not_picked":["Cursed Key","Nuclear Battery"],"picked":"Empty Cage"}],"items_purged_floors":[],"is_endless":false,"potions_floor_spawned":[4,7,8,14,16,21],"killed_by":"Slavers","ascension_level":0}