{"gold_per_floor":[112,112,73,136,136,136,147,147,147,147,147,147,72,97,97,222,222,242,258,279,292,25,25,64,85,85,129,129,129],"floor_reached":29,"playtime":1120,"items_purged":["Strike_R"],"score":235,"play_id":"575e8f3d-902e-42fe-b85b-a82819081b93","local_time":"20190411013514","is_ascension_mode":false,"campfire_choices":[{"data":"Uppercut","floor":6,"key":"SMITH"},{"data":"Armaments","floor":8,"key":"SMITH"},{"floor":11,"key":"REST"},{"data":"Rupture","floor":15,"key":"SMITH"},{"data":"Juggernaut","floor":23,"key":"SMITH"}],"neow_cost":"NONE","seed_source_timestamp":314170571278140,"circlet_count":0,"master_deck":["Strike_R","Strike_R","Strike_R","Strike_R","Defend_R","Defend_R","Defend_R","Defend_R","Bash","Headbutt","Uppercut+1","Armaments+1","Juggernaut+1","Rupture+1","Shrug It Off","Anger+1","Twin Strike+1","True Grit","Anger","Iron Wave"],"relics":["Burning Blood","NeowsBlessing","Omamori","Regal Pillow","Golden Idol","Philosopher\u0027s Stone","Bottled Flame","Pocketwatch","Frozen Egg 2","Red Mask"],"potions_floor_usage":[16,16,25,27,27],"damage_taken":[{"damage":0,"enemies":"Small Slimes","floor":1,"turns":1},{"damage":0,"enemies":"2 Louse","floor":2,"turns":1},{"damage":0,"enemies":"Jaw Worm","floor":7,"turns":1},{"damage":18,"enemies":"Blue Slaver","floor":12,"turns":4},{"damage":7,"enemies":"2 Fungi Beasts","floor":14,"turns":4},{"damage":41,"enemies":"Hexaghost","floor":16,"turns":11},{"damage":9,"enemies":"Shell Parasite","floor":18,"turns":7},{"damage":0,"enemies":"Chosen","floor":19,"turns":5},{"damage":24,"enemies":"Snecko","floor":20,"turns":5},{"damage":12,"enemies":"Centurion and Healer","floor":21,"turns":7},{"damage":36,"enemies":"Book of Stabbing","floor":24,"turns":6},{"damage":5,"enemies":"Chosen and Byrds","floor":25,"turns":6},{"damage":7,"enemies":"Masked Bandits","floor":27,"turns":3},{"damage":34,"enemies":"Colosseum Slavers","floor":29,"turns":5},{"damage":49,"enemies":"Colosseum Nobs","floor":29,"turns":4}],"seed_played":"1451717635112069696","potions_obtained":[{"floor":1,"key":"Weak Potion"},{"floor":14,"key":"PowerPotion"},{"floor":20,"key":"Poison Potion"},{"floor":24,"key":"SkillPotion"},{"floor":25,"key":"Explosive Potion"}],"is_trial":false,"path_per_floor":["M","M","$","?","?","R","M","R","T","?","R","M","$","M","R","B",null,"M","M","M","M","$","R","E","M","T","?","?","?"],"character_chosen":"IRONCLAD","items_purchased":["Uppercut","True Grit","Bottled Flame"],"campfire_rested":1,"item_purchase_floors":[3,22,22],"current_hp_per_floor":[80,80,80,80,55,55,61,61,61,61,80,68,68,67,67,32,80,77,80,62,56,56,56,26,27,27,26,52,0],"gold":129,"neow_bonus":"THREE_ENEMY_KILL","is_prod":false,"is_daily":false,"chose_seed":false,"campfire_upgraded":4,"win_rate":0.0,"timestamp":1554917714,"path_taken":["M","M","$","?","?","R","M","R","T","?","R","M","?","M","R","BOSS","M","M","M","M","$","R","E","M","T","?","?","?"],"build_version":"2019-01-23","purchased_purges":1,"victory":false,"max_hp_per_floor":[80,80,80,80,80,80,80,80,80,80,80,80,80,80,80,80,80,80,80,80,80,80,80,80,80,80,80,80,80],"card_choices":[{"not_picked":["Bloodletting","Spot Weakness"],"picked":"Headbutt","floor":1},{"not_picked":["Sword Boomerang","Thunderclap","Reckless Charge"],"picked":"SKIP","floor":2},{"not_picked":["Perfected Strike","Thunderclap"],"picked":"Armaments","floor":7},{"not_picked":["Clash","Armaments"],"picked":"Juggernaut","floor":12},{"not_picked":["Burning Pact","Sword Boomerang"],"picked":"Rupture","floor":14},{"not_picked":["Inflame","Sever Soul+1"],"picked":"Shrug It Off","floor":18},{"not_picked":["Thunderclap","Rampage"],"picked":"Anger+1","floor":19},{"not_picked":["Power Through","Second Wind"],"picked":"Twin Strike+1","floor":20},{"not_picked":["Heavy Blade","Armaments","Flex+1"],"picked":"SKIP","floor":21},{"not_picked":["Hemokinesis","Body Slam"],"picked":"Anger","floor":24},{"not_picked":["Cleave","Spot Weakness"],"picked":"Iron Wave","floor":25}],"player_experience":17626,"relics_obtained":[{"floor":9,"key":"Regal Pillow"},{"floor":24,"key":"Pocketwatch"},{"floor":26,"key":"Frozen Egg 2"},{"floor":27,"key":"Red Mask"}],"event_choices":[{"damage_healed":0,"gold_gain":63,"player_choice":"Gained Gold","damage_taken":0,"max_hp_gain":0,"max_hp_loss":0,"event_name":"Golden Wing","floor":4,"gold_loss":0},{"damage_healed":0,"gold_gain":0,"player_choice":"Success","damage_taken":25,"relics_obtained":["Omamori"],"max_hp_gain":0,"max_hp_loss":0,"event_name":"Scrap Ooze","floor":5,"gold_loss":0},{"damage_healed":0,"gold_gain":0,"player_choice":"Take Wound","damage_taken":0,"relics_obtained":["Golden Idol"],"max_hp_gain":0,"max_hp_loss":0,"event_name":"Golden Idol","floor":10,"gold_loss":0,"cards_obtained":["Injury"]},{"damage_healed":0,"gold_gain":0,"player_choice":"Fought Bandits","damage_taken":0,"max_hp_gain":0,"max_hp_loss":0,"event_name":"Masked Bandits","floor":27,"gold_loss":0},{"damage_healed":26,"gold_gain":0,"player_choice":"Heal","damage_taken":0,"max_hp_gain":0,"max_hp_loss":0,"event_name":"The Library","floor":28,"gold_loss":0},{"damage_healed":0,"gold_gain":0,"player_choice":"Fight","damage_taken":0,"max_hp_gain":0,"max_hp_loss":0,"event_name":"Colosseum","floor":29,"gold_loss":0},{"damage_healed":0,"gold_gain":0,"player_choice":"Fought Nobs","damage_taken":0,"max_hp_gain":0,"max_hp_loss":0,"event_name":"Colosseum","floor":29,"gold_loss":0}],"is_beta":false,"boss_relics":[{"not_picked":["Mark of Pain","Empty Cage"],"picked":"Philosopher\u0027s Stone"}],"items_purged_floors":[13],"is_endless":false,"potions_floor_spawned":[1,14,20,24,25],"killed_by":"Colosseum Nobs","ascension_level":0}