{"gold_per_floor":[110,123,14,14,83,111,111,122,122,122,150,166,183,199,199,296,296,310,322,372,422,438,438,454,504,504,504,653,664,664,664],"floor_reached":31,"playtime":1260,"items_purged":["Strike_R"],"score":249,"play_id":"6f8a3f38-8a72-41f1-a68e-abd5aca9c4df","local_time":"20190411094120","is_ascension_mode":false,"campfire_choices":[{"data":"Twin Strike","floor":7,"key":"SMITH"},{"data":"Intimidate","floor":10,"key":"SMITH"},{"data":"Metallicize","floor":15,"key":"SMITH"},{"data":"Barricade","floor":23,"key":"SMITH"},{"data":"Pommel Strike","floor":27,"key":"SMITH"},{"data":"Flex","floor":30,"key":"SMITH"}],"neow_cost":"NONE","seed_source_timestamp":2869720739442,"circlet_count":0,"master_deck":["Strike_R","Strike_R","Defend_R","Defend_R","Defend_R","Defend_R","Bash+1","Intimidate+1","Twin Strike+1","Pummel","Anger","Metallicize+1","Pommel Strike","Pommel Strike+1","True Grit","Juggernaut","Barricade+1","Anger+1","Pommel Strike+1","Iron Wave","Feel No Pain","Blood for Blood","Headbutt","Flex+1","Heavy Blade","Blood for Blood+1","Rampage","Flex+1"],"relics":["Burning Blood","SsserpentHead","PreservedInsect","Mercury Hourglass","Prayer Wheel","Sozu","Meat on the Bone"],"potions_floor_usage":[6,16,16,21],"damage_taken":[{"damage":7,"enemies":"2 Louse","floor":1,"turns":4},{"damage":6,"enemies":"Cultist","floor":2,"turns":3},{"damage":0,"enemies":"Jaw Worm","floor":5,"turns":3},{"damage":35,"enemies":"Lagavulin","floor":6,"turns":8},{"damage":6,"enemies":"Exordium Wildlife","floor":8,"turns":3},{"damage":3,"enemies":"Gremlin Nob","floor":11,"turns":3},{"damage":10,"enemies":"Large Slime","floor":12,"turns":5},{"damage":1,"enemies":"2 Fungi Beasts","floor":13,"turns":3},{"damage":6,"enemies":"3 Louse","floor":14,"turns":2},{"damage":43,"enemies":"The Guardian","floor":16,"turns":9},{"damage":0,"enemies":"3 Byrds","floor":18,"turns":4},{"damage":17,"enemies":"Spheric Guardian","floor":19,"turns":4},{"damage":15,"enemies":"Colosseum Slavers","floor":21,"turns":5},{"damage":29,"enemies":"Shelled Parasite and Fungi","floor":22,"turns":6},{"damage":20,"enemies":"Snake Plant","floor":24,"turns":4},{"damage":16,"enemies":"Sentry and Sphere","floor":29,"turns":5},{"damage":26,"enemies":"Book of Stabbing","floor":31,"turns":4}],"seed_played":"4986577456600636499","potions_obtained":[{"floor":1,"key":"Swift Potion"},{"floor":12,"key":"SpeedPotion"},{"floor":14,"key":"Explosive Potion"},{"floor":16,"key":"Block Potion"}],"is_trial":false,"path_per_floor":["M","M","$","?","M","E","R","M","T","R","E","M","M","M","R","B",null,"M","M","?","?","M","R","M","?","T","R","?","M","R","E"],"character_chosen":"IRONCLAD","items_purchased":["Pummel"],"campfire_rested":0,"item_purchase_floors":[3],"current_hp_per_floor":[79,79,79,79,80,51,51,51,51,51,54,50,55,55,55,18,80,80,69,69,60,37,37,23,23,23,23,23,25,25,0],"gold":664,"neow_bonus":"UPGRADE_CARD","is_prod":false,"is_daily":false,"chose_seed":false,"campfire_upgraded":6,"win_rate":0.0,"timestamp":1554946880,"path_taken":["M","M","$","?","?","E","R","M","T","R","E","M","M","M","R","BOSS","M","M","?","?","M","R","M","?","T","R","?","M","R","E"],"build_version":"2019-01-23","purchased_purges":1,"victory":false,"max_hp_per_floor":[80,80,80,80,80,80,80,80,80,80,80,80,80,80,80,80,80,80,80,80,80,80,80,80,80,80,80,80,80,80,80],"card_choices":[{"not_picked":["Reckless Charge","Evolve"],"picked":"Intimidate","floor":1},{"not_picked":["Body Slam","Clash"],"picked":"Twin Strike","floor":2},{"not_picked":["Burning Pact","Corruption","Cleave"],"picked":"SKIP","floor":5},{"not_picked":["Ghostly Armor","Wild Strike"],"picked":"Anger","floor":6},{"not_picked":["Hemokinesis","Ghostly Armor"],"picked":"Metallicize","floor":8},{"not_picked":["Clothesline","Immolate","Cleave"],"picked":"SKIP","floor":11},{"not_picked":["Iron Wave","Sword Boomerang"],"picked":"Pommel Strike","floor":12},{"not_picked":["Inflame","Armaments","Thunderclap"],"picked":"SKIP","floor":12},{"not_picked":["Infernal Blade","Seeing Red"],"picked":"Pommel Strike","floor":13},{"not_picked":["Sword Boomerang","Dual Wield","Metallicize"],"picked":"SKIP","floor":13},{"not_picked":["Warcry","Rupture"],"picked":"True Grit","floor":14},{"not_picked":["Heavy Blade","Infernal Blade"],"picked":"Juggernaut","floor":14},{"not_picked":["Immolate","Brutality"],"picked":"Barricade","floor":16},{"not_picked":["Clash","Ghostly Armor"],"picked":"Anger+1","floor":18},{"not_picked":["Perfected Strike+1","Anger"],"picked":"Pommel Strike+1","floor":18},{"not_picked":["Body Slam","Armaments"],"picked":"Iron Wave","floor":19},{"not_picked":["Rampage","Sever Soul"],"picked":"Feel No Pain","floor":19},{"not_picked":["Fiend Fire","Shockwave"],"picked":"Flex+1","floor":22},{"not_picked":["Reckless Charge+1","Carnage"],"picked":"Heavy Blade","floor":22},{"not_picked":["Whirlwind","Thunderclap"],"picked":"Blood for Blood+1","floor":24},{"not_picked":["Armaments","Disarm+1","Wild Strike"],"picked":"SKIP","floor":24},{"not_picked":["Warcry+1","Bloodletting"],"picked":"Rampage","floor":29},{"not_picked":["Whirlwind","Sword Boomerang"],"picked":"Flex","floor":29}],"player_experience":22802,"relics_obtained":[{"floor":6,"key":"PreservedInsect"},{"floor":9,"key":"Mercury Hourglass"},{"floor":11,"key":"Prayer Wheel"},{"floor":26,"key":"Meat on the Bone"}],"event_choices":[{"damage_healed":0,"gold_gain":0,"player_choice":"Trade","damage_taken":0,"relics_obtained":["SsserpentHead"],"max_hp_gain":0,"max_hp_loss":0,"event_name":"FaceTrader","floor":4,"gold_loss":0},{"damage_healed":0,"gold_gain":0,"cards_transformed":["Strike_R","Strike_R"],"player_choice":"Became Test Subject","damage_taken":0,"max_hp_gain":0,"max_hp_loss":0,"event_name":"Drug Dealer","floor":20,"gold_loss":0,"cards_obtained":["Blood for Blood","Headbutt"]},{"damage_healed":0,"gold_gain":0,"player_choice":"Fight","damage_taken":0,"max_hp_gain":0,"max_hp_loss":0,"event_name":"Colosseum","floor":21,"gold_loss":0},{"damage_healed":0,"gold_gain":0,"player_choice":"Fled From Nobs","damage_taken":0,"max_hp_gain":0,"max_hp_loss":0,"event_name":"Colosseum","floor":21,"gold_loss":0},{"damage_healed":0,"gold_gain":0,"player_choice":"Ignored","damage_taken":0,"max_hp_gain":0,"max_hp_loss":0,"event_name":"Cursed Tome","floor":25,"gold_loss":0},{"damage_healed":0,"gold_gain":99,"player_choice":"Stole From Cult","damage_taken":0,"max_hp_gain":0,"max_hp_loss":0,"event_name":"Nest","floor":28,"gold_loss":0}],"is_beta":false,"boss_relics":[{"not_picked":["Snecko Eye","Busted Crown"],"picked":"Sozu"}],"items_purged_floors":[3],"is_endless":false,"potions_floor_spawned":[1,12,14,16,18,21,22,24],"killed_by":"Book of Stabbing","ascension_level":0}