{"gold_per_floor":[119,194,369,380,35,35,53,53,77,77,77,91,101,113,113,211,211,230,34,34,34,34,34,34],"floor_reached":24,"playtime":631,"items_purged":["Doubt"],"score":209,"play_id":"e7d1c5fb-ec05-424c-afac-603c924fed92","local_time":"20190821131857","is_ascension_mode":false,"campfire_choices":[{"floor":6,"key":"REST"},{"data":"Hello World","floor":8,"key":"SMITH"},{"data":"Loop","floor":11,"key":"SMITH"},{"data":"White Noise","floor":15,"key":"SMITH"},{"floor":23,"key":"REST"}],"neow_cost":"NONE","seed_source_timestamp":79381193743809,"circlet_count":0,"master_deck":["Strike_B","Strike_B","Strike_B","Defend_B","Defend_B","Defend_B","Defend_B","Zap","Dualcast","Dramatic Entrance","Hologram","Static Discharge","Loop+1","Hello World+1","White Noise+1","Defragment","Storm","Steam"],"relics":["Cracked Core","Strange Spoon","Anchor","Mango","Black Star","Runic Capacitor"],"potions_floor_usage":[],"damage_taken":[{"damage":6,"enemies":"Jaw Worm","floor":1,"turns":3},{"damage":10,"enemies":"Small Slimes","floor":4,"turns":3},{"damage":3,"enemies":"Cultist","floor":7,"turns":3},{"damage":6,"enemies":"Large Slime","floor":12,"turns":5},{"damage":7,"enemies":"Blue Slaver","floor":13,"turns":4},{"damage":6,"enemies":"2 Fungi Beasts","floor":14,"turns":3},{"damage":47,"enemies":"Hexaghost","floor":16,"turns":8},{"damage":0,"enemies":"Chosen","floor":18,"turns":5},{"damage":94,"enemies":"Slavers","floor":24,"turns":5}],"seed_played":"7837334593534713643","potions_obtained":[{"floor":1,"key":"SpeedPotion"},{"floor":13,"key":"SpeedPotion"},{"floor":16,"key":"SkillPotion"}],"is_trial":false,"path_per_floor":["M","?","?","M","$","R","M","R","T","?","R","M","M","M","R","B",null,"M","$","?","$","?","R","E"],"character_chosen":"DEFECT","items_purchased":["Loop","Strange Spoon","Runic Capacitor"],"campfire_rested":2,"item_purchase_floors":[5,5,19],"current_hp_per_floor":[69,58,58,48,48,70,67,67,67,81,81,75,68,62,62,15,89,89,89,72,72,72,94,0],"gold":34,"neow_bonus":"RANDOM_COLORLESS","is_prod":false,"is_daily":false,"chose_seed":false,"campfire_upgraded":3,"win_rate":0,"timestamp":1566364737,"path_taken":["M","?","?","M","$","R","M","R","T","?","R","?","M","M","R","BOSS","M","$","?","$","?","R","E"],"build_version":"2019-07-17","purchased_purges":1,"victory":false,"max_hp_per_floor":[75,75,75,75,75,75,75,75,75,89,89,89,89,89,89,89,89,89,89,94,94,94,94,94],"card_choices":[{"not_picked":["Beam Cell","Go for the Eyes"],"picked":"Hologram","floor":1},{"not_picked":["Go for the Eyes","Undo"],"picked":"Static Discharge","floor":4},{"not_picked":["Rebound","Coolheaded"],"picked":"Hello World","floor":7},{"not_picked":["Streamline","Aggregate"],"picked":"White Noise","floor":12},{"not_picked":["Leap","Loop"],"picked":"Defragment","floor":13},{"not_picked":["Rebound","Ball Lightning"],"picked":"Storm","floor":14},{"not_picked":["Rebound+1","Beam Cell"],"picked":"Steam","floor":18}],"player_experience":235525,"relics_obtained":[{"floor":9,"key":"Anchor"}],"event_choices":[{"damage_healed":0,"gold_gain":75,"player_choice":"Gather Gold","damage_taken":11,"max_hp_gain":0,"max_hp_loss":0,"event_name":"World of Goop","floor":2,"gold_loss":0},{"damage_healed":0,"gold_gain":175,"player_choice":"AGREE","damage_taken":0,"max_hp_gain":0,"max_hp_loss":0,"event_name":"Liars Game","floor":3,"gold_loss":0,"cards_obtained":["Doubt"]},{"damage_healed":0,"gold_gain":0,"player_choice":"Gave Potion","damage_taken":0,"relics_obtained":["Mango"],"max_hp_gain":0,"max_hp_loss":0,"event_name":"WeMeetAgain","floor":10,"gold_loss":0},{"damage_healed":0,"gold_gain":0,"player_choice":"Shed Blood","damage_taken":22,"max_hp_gain":5,"max_hp_loss":0,"event_name":"Forgotten Altar","floor":20,"gold_loss":0},{"cards_removed":["Strike_B"],"damage_healed":0,"gold_gain":0,"player_choice":"Elegance","damage_taken":0,"max_hp_gain":0,"max_hp_loss":0,"event_name":"Back to Basics","floor":22,"gold_loss":0}],"is_beta":false,"boss_relics":[{"not_picked":["Cursed Key","Runic Dome"],"picked":"Black Star"}],"items_purged_floors":[5],"is_endless":false,"potions_floor_spawned":[1,13,16],"killed_by":"Slavers","ascension_level":0}