{"gold_per_floor":[111,32,43,43,43,72,91,109,158,158,177,196,213,226,226,226],"floor_reached":16,"playtime":447,"items_purged":[],"score":131,"play_id":"b493f4c4-d90b-4d56-989d-6c1ee69e7025","local_time":"20190808170856","is_ascension_mode":false,"campfire_choices":[{"data":"Acrobatics","floor":10,"key":"SMITH"},{"data":"Infinite Blades","floor":15,"key":"SMITH"}],"neow_cost":"NONE","seed_source_timestamp":301229866602154,"circlet_count":0,"master_deck":["Strike_G","Strike_G","Strike_G","Strike_G","Strike_G","Defend_G","Defend_G","Defend_G","Defend_G","Defend_G","Survivor","Neutralize","Well Laid Plans+1","Escape Plan","Deflect","Acrobatics+1","Slice","Cloak And Dagger","Infinite Blades+1","Backflip"],"relics":["Ring of the Snake","NeowsBlessing","Letter Opener","Strawberry"],"potions_floor_usage":[11,16,16],"damage_taken":[{"damage":0,"enemies":"Small Slimes","floor":1,"turns":1},{"damage":0,"enemies":"Cultist","floor":3,"turns":1},{"damage":0,"enemies":"Gremlin Nob","floor":6,"turns":1},{"damage":0,"enemies":"Jaw Worm","floor":7,"turns":4},{"damage":0,"enemies":"Red Slaver","floor":8,"turns":7},{"damage":5,"enemies":"3 Louse","floor":11,"turns":3},{"damage":8,"enemies":"2 Fungi Beasts","floor":12,"turns":4},{"damage":10,"enemies":"Looter","floor":13,"turns":3},{"damage":1,"enemies":"3 Louse","floor":14,"turns":3},{"damage":3,"enemies":"Hexaghost","floor":16,"turns":5}],"seed_played":"6338785148350540707","potions_obtained":[{"floor":6,"key":"Poison Potion"},{"floor":8,"key":"Ancient Potion"},{"floor":13,"key":"GamblersBrew"},{"floor":14,"key":"AttackPotion"}],"is_trial":false,"path_per_floor":["M","$","M","?","$","E","M","M","T","R","M","M","M","M","R","B"],"character_chosen":"THE_SILENT","items_purchased":["Well Laid Plans"],"campfire_rested":0,"item_purchase_floors":[2],"current_hp_per_floor":[70,70,70,70,70,70,70,70,77,77,72,64,54,53,53,50],"gold":226,"neow_bonus":"THREE_ENEMY_KILL","is_prod":false,"is_daily":false,"chose_seed":false,"campfire_upgraded":2,"win_rate":0,"timestamp":1565255336,"path_taken":["M","$","M","?","?","E","M","M","T","R","M","M","M","?","R","BOSS"],"build_version":"2019-07-17","purchased_purges":0,"victory":false,"max_hp_per_floor":[70,70,70,70,70,70,70,70,77,77,77,77,77,77,77,77],"card_choices":[{"not_picked":["Flying Knee","All Out Attack","Dodge and Roll"],"picked":"SKIP","floor":1},{"not_picked":["Poisoned Stab","Endless Agony"],"picked":"Escape Plan","floor":3},{"not_picked":["Dagger Spray","Well Laid Plans"],"picked":"Deflect","floor":6},{"not_picked":["Dagger Throw","Dodge and Roll"],"picked":"Acrobatics","floor":7},{"not_picked":["Heel Hook","Flechettes"],"picked":"Slice","floor":8},{"not_picked":["Blade Dance","Quick Slash"],"picked":"Cloak And Dagger","floor":11},{"not_picked":["Distraction","Catalyst","Underhanded Strike"],"picked":"SKIP","floor":12},{"not_picked":["Tactician","Grand Finale"],"picked":"Infinite Blades","floor":13},{"not_picked":["All Out Attack","Quick Slash"],"picked":"Backflip","floor":14}],"player_experience":145062,"relics_obtained":[{"floor":6,"key":"Letter Opener"},{"floor":9,"key":"Strawberry"}],"event_choices":[{"damage_healed":0,"gold_gain":0,"player_choice":"Upgraded","damage_taken":0,"max_hp_gain":0,"max_hp_loss":0,"event_name":"Upgrade Shrine","floor":4,"gold_loss":0,"cards_upgraded":["Well Laid Plans"]}],"is_beta":false,"boss_relics":[],"items_purged_floors":[],"is_endless":false,"potions_floor_spawned":[6,8,13,14],"killed_by":"Hexaghost","ascension_level":0}