{"gold_per_floor":[118,129,129,143,160,160,189,114,114,126,126,126,140,153,153,253,303,314,34,34,53,72,72,83,83],"floor_reached":25,"playtime":1078,"items_purged":[],"score":207,"play_id":"d8bda2ce-0f54-4b6d-ad65-d02de8afa9e6","local_time":"20190815080527","is_ascension_mode":false,"campfire_choices":[{"data":"Cloak And Dagger","floor":6,"key":"SMITH"},{"floor":15,"key":"REST"},{"floor":23,"key":"REST"}],"neow_cost":"NONE","seed_source_timestamp":8008378646570,"circlet_count":0,"master_deck":["Strike_G","Strike_G","Strike_G","Strike_G","Strike_G","Defend_G","Defend_G","Defend_G","Defend_G","Defend_G","Survivor","Neutralize","Prepared+1","Cloak And Dagger+1","Cloak And Dagger","Corpse Explosion","Accuracy","Deflect","Parasite","Acrobatics","Well Laid Plans+1","Envenom+1","Calculated Gamble","PiercingWail","Infinite Blades+1","Blade Dance+1","Finisher"],"relics":["Black Star","Snake Skull","Torii","Frozen Egg 2","Tiny House","Singing Bowl"],"potions_floor_usage":[10,14,18,21,21,24],"damage_taken":[{"damage":6,"enemies":"Cultist","floor":1,"turns":6},{"damage":0,"enemies":"Small Slimes","floor":2,"turns":4},{"damage":0,"enemies":"2 Louse","floor":4,"turns":2},{"damage":2,"enemies":"2 Fungi Beasts","floor":5,"turns":5},{"damage":49,"enemies":"3 Sentries","floor":7,"turns":14},{"damage":0,"enemies":"Red Slaver","floor":10,"turns":4},{"damage":6,"enemies":"Gremlin Gang","floor":13,"turns":6},{"damage":1,"enemies":"Lots of Slimes","floor":14,"turns":2},{"damage":34,"enemies":"The Guardian","floor":16,"turns":15},{"damage":11,"enemies":"Chosen","floor":18,"turns":6},{"damage":12,"enemies":"2 Thieves","floor":21,"turns":3},{"damage":16,"enemies":"Shelled Parasite and Fungi","floor":22,"turns":8},{"damage":27,"enemies":"Snecko","floor":24,"turns":5},{"damage":25,"enemies":"Centurion and Healer","floor":25,"turns":7}],"seed_played":"-5704942877271442508","potions_obtained":[{"floor":1,"key":"FearPotion"},{"floor":5,"key":"FearPotion"},{"floor":13,"key":"AttackPotion"},{"floor":16,"key":"Fire Potion"},{"floor":17,"key":"Energy Potion"},{"floor":21,"key":"SteroidPotion"}],"is_trial":false,"path_per_floor":["M","M","$","M","M","R","E","$","T","M","?","?","M","M","R","B",null,"M","$","?","M","M","R","M","M"],"character_chosen":"THE_SILENT","items_purchased":["Accuracy","Infinite Blades+1","Singing Bowl"],"campfire_rested":2,"item_purchase_floors":[8,19,19],"current_hp_per_floor":[64,64,64,64,62,62,13,13,13,13,13,30,24,23,44,10,75,64,64,50,38,22,46,21,0],"gold":83,"neow_bonus":"BOSS_RELIC","is_prod":false,"is_daily":false,"chose_seed":false,"campfire_upgraded":1,"win_rate":0,"timestamp":1565827527,"path_taken":["M","M","$","M","M","R","E","$","T","M","?","?","M","M","R","BOSS","M","$","?","M","M","R","M","M"],"build_version":"2019-07-17","purchased_purges":0,"victory":false,"max_hp_per_floor":[70,70,70,70,70,70,70,70,70,70,70,70,70,70,70,70,75,75,75,80,80,80,80,82,82],"card_choices":[{"not_picked":["Leg Sweep","Underhanded Strike"],"picked":"Prepared","floor":1},{"not_picked":["Calculated Gamble","Reflex"],"picked":"Cloak And Dagger","floor":2},{"not_picked":["Underhanded Strike","Bane"],"picked":"Cloak And Dagger","floor":4},{"not_picked":["Prepared","Flying Knee","Quick Slash"],"picked":"SKIP","floor":5},{"not_picked":["Heel Hook","Predator"],"picked":"Corpse Explosion","floor":7},{"not_picked":["Poisoned Stab","Tactician"],"picked":"Deflect","floor":10},{"not_picked":["Riddle With Holes","Quick Slash"],"picked":"Acrobatics","floor":13},{"not_picked":["Concentrate","Outmaneuver"],"picked":"Well Laid Plans+1","floor":14},{"not_picked":["Corpse Explosion","Bullet Time"],"picked":"Envenom+1","floor":16},{"not_picked":["Outmaneuver","Underhanded Strike"],"picked":"Calculated Gamble","floor":17},{"not_picked":["Outmaneuver","Quick Slash+1"],"picked":"PiercingWail","floor":18},{"not_picked":["Prepared+1","Flying Knee"],"picked":"Blade Dance+1","floor":21},{"not_picked":["Slice","Riddle With Holes"],"picked":"Finisher","floor":22},{"not_picked":["Dagger Spray","Flechettes+1","PiercingWail"],"picked":"Singing Bowl","floor":24}],"player_experience":204668,"relics_obtained":[{"floor":7,"key":"Snake Skull"},{"floor":7,"key":"Torii"},{"floor":9,"key":"Frozen Egg 2"}],"event_choices":[{"damage_healed":0,"gold_gain":0,"player_choice":"Ignored","damage_taken":0,"max_hp_gain":0,"max_hp_loss":0,"event_name":"Golden Wing","floor":11,"gold_loss":0},{"damage_healed":17,"gold_gain":0,"player_choice":"Healed and dodged fight","damage_taken":0,"max_hp_gain":0,"max_hp_loss":0,"event_name":"Mushrooms","floor":12,"gold_loss":0,"cards_obtained":["Parasite"]},{"damage_healed":0,"gold_gain":0,"player_choice":"Shed Blood","damage_taken":19,"max_hp_gain":5,"max_hp_loss":0,"event_name":"Forgotten Altar","floor":20,"gold_loss":0}],"is_beta":false,"boss_relics":[{"not_picked":["White Beast Statue","Busted Crown"],"picked":"Tiny House"}],"items_purged_floors":[],"is_endless":false,"potions_floor_spawned":[1,5,13,16,21],"killed_by":"Centurion and Healer","ascension_level":0}