{"gold_per_floor":[212,16,36,36,36,36,46,46,46,66,66,66,66,79,79,180,180,199,211,230,83,83,117,117,132,132,147,147,147,157,170,170,273,273,293,309,153,153,153,153,183,183,210,210,210,221,15,28,28,28],"floor_reached":50,"playtime":3005,"items_purged":["Strike_B"],"score":750,"play_id":"11ed1d47-db33-4b0f-a0b8-417152d7140d","local_time":"20190822142616","is_ascension_mode":true,"campfire_choices":[{"data":"Coolheaded","floor":6.0,"key":"SMITH"},{"data":"Electrodynamics","floor":8.0,"key":"SMITH"},{"floor":13.0,"key":"REST"},{"data":"Rainbow","floor":15.0,"key":"SMITH"},{"floor":24.0,"key":"REST"},{"floor":28.0,"key":"REST"},{"floor":32.0,"key":"REST"},{"floor":40.0,"key":"REST"},{"floor":42.0,"key":"REST"},{"floor":49.0,"key":"REST"}],"neow_cost":"NONE","seed_source_timestamp":99827887242905,"circlet_count":0,"master_deck":["AscendersBane","Defend_B","Defend_B+1","Defend_B+1","Defend_B","Zap+1","Dualcast","Sunder","Electrodynamics+1","Coolheaded+1","Gash+1","Rainbow+1","Cold Snap","All For One","Hello World","Go for the Eyes","Defragment","Defragment","Gash","Biased Cognition","Gash+1","BootSequence+1","Electrodynamics+1","Machine Learning+1","Redo+1","Conserve Battery+1","Coolheaded+1","Cold Snap+1","Cold Snap+1","Steam+1"],"special_seed":0,"relics":["Cracked Core","Bottled Flame","Philosopher\u0027s Stone","Mango","Symbiotic Virus","Astrolabe","War Paint","DataDisk","Vajra","DollysMirror"],"potions_floor_usage":[50,50],"damage_taken":[{"damage":0.0,"enemies":"Cultist","floor":1.0,"turns":3.0},{"damage":0.0,"enemies":"Small Slimes","floor":3.0,"turns":2.0},{"damage":0.0,"enemies":"2 Louse","floor":7.0,"turns":3.0},{"damage":0.0,"enemies":"Lots of Slimes","floor":10.0,"turns":1.0},{"damage":0.0,"enemies":"2 Fungi Beasts","floor":14.0,"turns":2.0},{"damage":6.0,"enemies":"Slime Boss","floor":16.0,"turns":8.0},{"damage":0.0,"enemies":"3 Byrds","floor":18.0,"turns":1.0},{"damage":0.0,"enemies":"Spheric Guardian","floor":19.0,"turns":3.0},{"damage":18.0,"enemies":"Centurion and Healer","floor":20.0,"turns":6.0},{"damage":47.0,"enemies":"Slavers","floor":23.0,"turns":3.0},{"damage":10.0,"enemies":"3 Cultists","floor":25.0,"turns":5.0},{"damage":34.0,"enemies":"Snake Plant","floor":27.0,"turns":3.0},{"damage":12.0,"enemies":"Snecko","floor":30.0,"turns":3.0},{"damage":13.0,"enemies":"Centurion and Healer","floor":31.0,"turns":5.0},{"damage":14.0,"enemies":"Champ","floor":33.0,"turns":8.0},{"damage":6.0,"enemies":"Orb Walker","floor":35.0,"turns":3.0},{"damage":23.0,"enemies":"3 Shapes","floor":36.0,"turns":3.0},{"damage":0.0,"enemies":"Writhing Mass","floor":39.0,"turns":2.0},{"damage":44.0,"enemies":"Nemesis","floor":41.0,"turns":5.0},{"damage":16.0,"enemies":"Maw","floor":46.0,"turns":5.0},{"damage":0.0,"enemies":"Sphere and 2 Shapes","floor":48.0,"turns":3.0},{"damage":67,"enemies":"Time Eater","floor":50,"turns":12}],"seed_played":"5249975275715470619","potions_obtained":[{"floor":10.0,"key":"Fire Potion"},{"floor":16.0,"key":"Explosive Potion"},{"floor":18.0,"key":"FearPotion"},{"floor":19.0,"key":"Poison Potion"},{"floor":27.0,"key":"SpeedPotion"},{"floor":31.0,"key":"Energy Potion"},{"floor":33.0,"key":"SmokeBomb"},{"floor":36.0,"key":"SkillPotion"},{"floor":45.0,"key":"Ancient Potion"},{"floor":45.0,"key":"Explosive Potion"},{"floor":46.0,"key":"SkillPotion"},{"floor":48.0,"key":"GamblersBrew"}],"is_trial":false,"path_per_floor":["M","$","M","?","$","R","M","R","T","M","?","$","R","M","R","B",null,"M","M","M","$","?","E","R","M","T","M","R","?","M","M","R","B",null,"M","M","$","?","M","R","E","R","T","?","?","M","$","M","R","B"],"character_chosen":"DEFECT","items_purchased":["Electrodynamics","Coolheaded","Defragment","War Paint","DollysMirror"],"campfire_rested":7,"item_purchase_floors":[2,2,21,37,47],"current_hp_per_floor":[68,68,68,68,68,68,68,68,68,68,53,53,75,75,75,69,74,74,74,56,56,56,23,49,39,39,5,31,31,19,6,32,18,71,65,42,42,42,42,68,24,50,50,50,50,34,34,34,59,0],"gold":28,"neow_bonus":"HUNDRED_GOLD","is_prod":false,"is_daily":false,"chose_seed":false,"campfire_upgraded":3,"win_rate":0,"timestamp":1566480376,"path_taken":["M","$","M","?","?","R","?","R","T","M","?","$","R","M","R","BOSS","M","M","M","$","?","E","R","M","T","?","R","?","M","M","R","BOSS","M","?","$","?","M","R","E","R","T","?","?","?","$","M","R","BOSS"],"build_version":"2019-07-17","purchased_purges":1,"victory":false,"max_hp_per_floor":[75,75,75,75,75,75,75,75,75,75,75,75,75,75,75,75,75,75,75,75,75,75,89,89,89,89,89,89,89,89,89,89,89,89,89,89,89,89,89,89,89,89,89,85,85,85,85,85,85,85],"card_choices":[{"not_picked":["Turbo","Conserve Battery"],"picked":"Sunder","floor":1.0},{"not_picked":["Consume","Rebound","Steam Power"],"picked":"SKIP","floor":3.0},{"not_picked":["Coolheaded","Sunder","Steam"],"picked":"SKIP","floor":7.0},{"not_picked":["Hologram","Hello World"],"picked":"Cold Snap","floor":10.0},{"not_picked":["Turbo","Hologram"],"picked":"Gash","floor":14.0},{"not_picked":["Rainbow","Electrodynamics"],"picked":"All For One","floor":16.0},{"not_picked":["Conserve Battery","Rebound","Consume"],"picked":"SKIP","floor":18.0},{"not_picked":["Sweeping Beam","Stack"],"picked":"Hello World","floor":19.0},{"not_picked":["Steam","Rebound"],"picked":"Go for the Eyes","floor":20.0},{"not_picked":["Streamline","Skim+1","Compile Driver+1"],"picked":"SKIP","floor":23.0},{"not_picked":["Compile Driver","Static Discharge","Coolheaded"],"picked":"SKIP","floor":25.0},{"not_picked":["FTL","Ball Lightning"],"picked":"Gash","floor":27.0},{"not_picked":["Scrape","Tempest"],"picked":"Gash+1","floor":30.0},{"not_picked":["Amplify","Lockon","Sweeping Beam"],"picked":"SKIP","floor":31.0},{"not_picked":["Rip and Tear","Barrage+1"],"picked":"Redo+1","floor":35.0},{"not_picked":["Defragment+1","Gash"],"picked":"Conserve Battery+1","floor":36.0},{"not_picked":["Beam Cell+1","Melter"],"picked":"Coolheaded+1","floor":41.0},{"not_picked":["Sunder","Gash+1"],"picked":"Cold Snap+1","floor":46.0},{"not_picked":["Barrage+1","Compile Driver+1"],"picked":"Steam+1","floor":48.0}],"player_experience":511648,"relics_obtained":[{"floor":9.0,"key":"Bottled Flame"},{"floor":23.0,"key":"Mango"},{"floor":26.0,"key":"Symbiotic Virus"},{"floor":41.0,"key":"DataDisk"},{"floor":43.0,"key":"Vajra"}],"event_choices":[{"damage_healed":0.0,"max_hp_gain":0.0,"max_hp_loss":0.0,"gold_gain":0.0,"event_name":"Match and Keep!","player_choice":"2 cards matched","floor":4.0,"gold_loss":0.0,"damage_taken":0.0,"cards_obtained":["Gash","Rainbow"]},{"damage_healed":0.0,"max_hp_gain":0.0,"max_hp_loss":0.0,"gold_gain":0.0,"event_name":"Shining Light","player_choice":"Entered Light","floor":11.0,"gold_loss":0.0,"damage_taken":15.0,"cards_upgraded":["Defend_B","Gash"]},{"damage_healed":0.0,"max_hp_gain":0.0,"max_hp_loss":0.0,"gold_gain":0.0,"event_name":"Duplicator","player_choice":"Copied","floor":22.0,"gold_loss":0.0,"damage_taken":0.0,"cards_obtained":["Defragment"]},{"damage_healed":0.0,"max_hp_gain":0.0,"max_hp_loss":0.0,"gold_gain":0.0,"cards_transformed":["Strike_B"],"event_name":"Transmorgrifier","player_choice":"Transformed","floor":29.0,"gold_loss":0.0,"damage_taken":0.0,"cards_obtained":["Biased Cognition"]},{"damage_healed":0.0,"max_hp_gain":0.0,"max_hp_loss":0.0,"gold_gain":0.0,"event_name":"SensoryStone","player_choice":"Memory 1","floor":38.0,"gold_loss":0.0,"damage_taken":0.0},{"damage_healed":0.0,"max_hp_gain":0.0,"max_hp_loss":4.0,"gold_gain":0.0,"event_name":"Winding Halls","player_choice":"Max HP","floor":44.0,"gold_loss":0.0,"damage_taken":0.0},{"damage_healed":0.0,"max_hp_gain":0.0,"max_hp_loss":0.0,"gold_gain":0.0,"event_name":"Lab","player_choice":"Got Potions","floor":45.0,"gold_loss":0.0,"damage_taken":0.0}],"is_beta":false,"boss_relics":[{"not_picked":["Busted Crown","FrozenCore"],"picked":"Philosopher\u0027s Stone"},{"not_picked":["Pandora\u0027s Box","Tiny House"],"picked":"Astrolabe"}],"items_purged_floors":[21],"is_endless":false,"potions_floor_spawned":[10,16,18,19,27,31,33,36,46,48],"killed_by":"Time Eater","ascension_level":11}