{"gold_per_floor":[115,129,140,157,157,157,177,177,225,244,244,277,6,19,19,122,122,141,62,62,62,62,62,75,75,98,117,117,134,134,146,146,251,251,271,271,271,282,282,282,296,296,351,371,371,124,43,43,43,43],"floor_reached":50,"playtime":3369,"items_purged":["Strike_R","Defend_R+1"],"score":492,"play_id":"27e650de-c2fd-4cf7-815a-14ec6362ebb4","local_time":"20190819193429","is_ascension_mode":false,"campfire_choices":[{"data":"Fiend Fire","floor":6,"key":"SMITH"},{"floor":15,"key":"REST"},{"floor":23,"key":"REST"},{"data":"Demon Form","floor":25,"key":"SMITH"},{"floor":28,"key":"REST"},{"floor":32,"key":"REST"},{"data":"Searing Blow+1","floor":40,"key":"SMITH"},{"data":"Sword Boomerang","floor":42,"key":"SMITH"},{"data":"Seeing Red","floor":45,"key":"SMITH"},{"floor":49,"key":"REST"}],"neow_cost":"NONE","seed_source_timestamp":70047670435088,"circlet_count":0,"master_deck":["Strike_R+1","Strike_R+1","Defend_R+1","Defend_R+1","Defend_R+1","Bash","Fiend Fire+1","Seeing Red+1","Flex","Cleave","Demon Form+1","Flex+1","Double Tap+1","Anger","Inflame","Shrug It Off+1","Clash+1","Inflame","Shockwave+1","Reaper","Searing Blow+2","Warcry+1","Sword Boomerang+1","Seeing Red+1"],"relics":["Burning Blood","Regal Pillow","Toxic Egg 2","ClockworkSouvenir","Black Star","Boot","Lizard Tail","Mercury Hourglass","Vajra","PreservedInsect","Pear"],"potions_floor_usage":[16,16,16,31,31,33,33,41],"damage_taken":[{"damage":2,"enemies":"Small Slimes","floor":1,"turns":4},{"damage":1,"enemies":"Cultist","floor":2,"turns":4},{"damage":6,"enemies":"Jaw Worm","floor":3,"turns":2},{"damage":16,"enemies":"Blue Slaver","floor":4,"turns":5},{"damage":10,"enemies":"Looter","floor":7,"turns":2},{"damage":0,"enemies":"Exordium Wildlife","floor":10,"turns":2},{"damage":21,"enemies":"3 Sentries","floor":12,"turns":7},{"damage":10,"enemies":"3 Louse","floor":14,"turns":3},{"damage":59,"enemies":"Hexaghost","floor":16,"turns":8},{"damage":40,"enemies":"2 Thieves","floor":18,"turns":3},{"damage":21,"enemies":"Chosen","floor":24,"turns":5},{"damage":22,"enemies":"Snecko","floor":27,"turns":5},{"damage":45,"enemies":"Cultist and Chosen","floor":29,"turns":8},{"damage":23,"enemies":"Shelled Parasite and Fungi","floor":31,"turns":4},{"damage":45,"enemies":"Collector","floor":33,"turns":9},{"damage":26,"enemies":"3 Shapes","floor":35,"turns":6},{"damage":5,"enemies":"Orb Walker","floor":38,"turns":3},{"damage":46,"enemies":"Jaw Worm Horde","floor":41,"turns":5},{"damage":20,"enemies":"3 Darklings","floor":44,"turns":4},{"damage":181,"enemies":"Time Eater","floor":50,"turns":13}],"seed_played":"6094821718292865341","potions_obtained":[{"floor":1,"key":"SpeedPotion"},{"floor":2,"key":"EssenceOfSteel"},{"floor":7,"key":"BloodPotion"},{"floor":14,"key":"EssenceOfSteel"},{"floor":16,"key":"Swift Potion"},{"floor":24,"key":"LiquidBronze"},{"floor":29,"key":"LiquidBronze"},{"floor":31,"key":"Block Potion"},{"floor":38,"key":"SteroidPotion"}],"is_trial":false,"path_per_floor":["M","M","M","M","?","R","M","?","T","M","?","E","$","M","R","B",null,"M","$","?","?","?","R","M","R","T","M","R","M","?","M","R","B",null,"M","?","T","M","?","R","M","R","T","M","R","$","$","T","R","B"],"character_chosen":"IRONCLAD","items_purchased":["ClockworkSouvenir","Inflame","PreservedInsect","Seeing Red+1"],"campfire_rested":5,"item_purchase_floors":[13,19,46,47],"current_hp_per_floor":[80,80,80,70,75,75,71,71,71,77,70,55,55,51,85,53,85,51,51,51,51,51,85,70,70,70,54,85,46,46,29,69,30,85,65,65,65,66,66,66,73,73,73,59,59,59,59,69,95,0],"gold":43,"neow_bonus":"ONE_RANDOM_RARE_CARD","is_prod":false,"is_daily":false,"chose_seed":false,"campfire_upgraded":5,"win_rate":0.0,"timestamp":1566232469,"path_taken":["M","M","M","M","?","R","M","?","T","?","?","E","$","M","R","BOSS","M","$","?","?","?","R","M","R","T","M","R","?","?","M","R","BOSS","M","?","?","M","?","R","?","R","T","M","R","?","$","?","R","BOSS"],"build_version":"2019-07-17","purchased_purges":2,"victory":false,"max_hp_per_floor":[80,80,80,80,85,85,85,85,85,85,85,85,85,85,85,85,85,85,85,85,85,85,85,85,85,85,85,85,85,85,85,85,85,85,85,85,85,85,85,85,85,85,85,85,85,85,85,95,95,95],"card_choices":[{"not_picked":["Ghostly Armor","Armaments"],"picked":"Seeing Red","floor":1},{"not_picked":["Carnage","Clash"],"picked":"Flex","floor":2},{"not_picked":["Clothesline","Warcry","Headbutt"],"picked":"SKIP","floor":3},{"not_picked":["Headbutt","Hemokinesis","Entrench"],"picked":"SKIP","floor":4},{"not_picked":["Perfected Strike","Body Slam","Combust"],"picked":"SKIP","floor":7},{"not_picked":["Hemokinesis","Iron Wave"],"picked":"Cleave","floor":10},{"not_picked":["Disarm","Twin Strike"],"picked":"Demon Form","floor":12},{"not_picked":["Iron Wave","Seeing Red+1"],"picked":"Flex+1","floor":14},{"not_picked":["Offering+1","Barricade"],"picked":"Double Tap+1","floor":16},{"not_picked":["Twin Strike+1","Disarm+1"],"picked":"Anger","floor":18},{"not_picked":["Second Wind+1","Armaments+1"],"picked":"Clash+1","floor":24},{"not_picked":["Flex+1","Carnage","Entrench+1"],"picked":"SKIP","floor":27},{"not_picked":["Clothesline","Twin Strike"],"picked":"Inflame","floor":29},{"not_picked":["True Grit+1","Flex+1"],"picked":"Shockwave+1","floor":31},{"not_picked":["Barricade","Brutality"],"picked":"Reaper","floor":33},{"not_picked":["True Grit+1","Inflame"],"picked":"Searing Blow+1","floor":35},{"not_picked":["Body Slam+1","Carnage"],"picked":"Warcry+1","floor":38},{"not_picked":["Headbutt+1","Sever Soul+1"],"picked":"Sword Boomerang","floor":41},{"not_picked":["Inflame+1","Clash+1","Clothesline+1"],"picked":"SKIP","floor":44}],"player_experience":37566,"relics_obtained":[{"floor":9,"key":"Regal Pillow"},{"floor":12,"key":"Toxic Egg 2"},{"floor":26,"key":"Boot"},{"floor":37,"key":"Mercury Hourglass"},{"floor":43,"key":"Vajra"},{"floor":48,"key":"Pear"}],"event_choices":[{"damage_healed":0,"gold_gain":0,"player_choice":"Donut","damage_taken":0,"max_hp_gain":5,"max_hp_loss":0,"event_name":"Big Fish","floor":5,"gold_loss":0},{"damage_healed":0,"gold_gain":0,"player_choice":"0 cards matched","damage_taken":0,"max_hp_gain":0,"max_hp_loss":0,"event_name":"Match and Keep!","floor":8,"gold_loss":0,"cards_obtained":[]},{"cards_removed":["Strike_R"],"damage_healed":0,"gold_gain":0,"player_choice":"Card Removal","damage_taken":7,"max_hp_gain":0,"max_hp_loss":0,"event_name":"Golden Wing","floor":11,"gold_loss":0},{"damage_healed":0,"gold_gain":0,"player_choice":"Read","damage_taken":0,"max_hp_gain":0,"max_hp_loss":0,"event_name":"The Library","floor":20,"gold_loss":0,"cards_obtained":["Shrug It Off"]},{"damage_healed":0,"gold_gain":0,"player_choice":"Ignored","damage_taken":0,"max_hp_gain":0,"max_hp_loss":0,"event_name":"The Mausoleum","floor":21,"gold_loss":0},{"damage_healed":0,"gold_gain":0,"player_choice":"Simplicity","damage_taken":0,"max_hp_gain":0,"max_hp_loss":0,"event_name":"Back to Basics","floor":22,"gold_loss":0,"cards_upgraded":["Strike_R","Strike_R","Strike_R","Defend_R","Defend_R","Defend_R","Defend_R"]},{"damage_healed":0,"gold_gain":0,"player_choice":"Ignored","damage_taken":0,"max_hp_gain":0,"max_hp_loss":0,"event_name":"Vampires","floor":30,"gold_loss":0},{"cards_removed":["Strike_R"],"damage_healed":0,"gold_gain":0,"player_choice":"Removed Attack","damage_taken":0,"max_hp_gain":0,"max_hp_loss":0,"event_name":"Falling","floor":36,"gold_loss":0},{"damage_healed":0,"gold_gain":0,"player_choice":"Ignored","damage_taken":0,"max_hp_gain":0,"max_hp_loss":0,"event_name":"Mysterious Sphere","floor":39,"gold_loss":0}],"is_beta":false,"boss_relics":[{"not_picked":["Astrolabe","Cursed Key"],"picked":"Black Star"},{"not_picked":["Calling Bell","Empty Cage"],"picked":"Lizard Tail"}],"items_purged_floors":[13,46],"is_endless":false,"potions_floor_spawned":[1,2,7,14,16,24,29,31,38],"killed_by":"Time Eater","ascension_level":0}