{"gold_per_floor":[166,180,180,180,190,190,201,212,212,212,129,129,129,139,139,242,242,255,235,235,130,130,130,150,150,150,167,182,197,208,8,8,109,109,125,148,0,0],"floor_reached":38,"playtime":1720,"items_purged":["Strike_G"],"score":368,"play_id":"49924c84-c5a4-4287-8009-d335504af384","local_time":"20190819192048","is_ascension_mode":false,"campfire_choices":[{"floor":6,"key":"REST"},{"data":"Backflip","floor":10,"key":"SMITH"},{"data":"Acrobatics","floor":13,"key":"SMITH"},{"floor":15,"key":"REST"},{"data":"Blade Dance","floor":23,"key":"SMITH"},{"floor":25,"key":"REST"},{"floor":32,"key":"REST"}],"neow_cost":"NONE","seed_source_timestamp":393519165216382,"circlet_count":0,"master_deck":["Strike_G","Strike_G","Strike_G","Defend_G+1","Defend_G","Defend_G","Defend_G","Defend_G","Survivor","Neutralize","Backstab","Acrobatics+1","Backflip+1","Bane","Prepared","Bandage Up","Leg Sweep","Slice","Footwork","Blade Dance+1","Doubt","Predator","Noxious Fumes+1","Sucker Punch+1","Cloak And Dagger","Accuracy","Burst","Clumsy"],"relics":["Tiny House","Dodecahedron","Calipers","Anchor","Cursed Key","Bottled Tornado","Busted Crown","Oddly Smooth Stone","Bronze Scales"],"potions_floor_usage":[14,16,16,19,24,28,33,33,33],"damage_taken":[{"damage":0,"enemies":"Small Slimes","floor":1,"turns":3},{"damage":0,"enemies":"Jaw Worm","floor":2,"turns":3},{"damage":0,"enemies":"2 Louse","floor":5,"turns":2},{"damage":0,"enemies":"Red Slaver","floor":7,"turns":3},{"damage":1,"enemies":"2 Fungi Beasts","floor":8,"turns":4},{"damage":9,"enemies":"Exordium Thugs","floor":14,"turns":7},{"damage":15,"enemies":"The Guardian","floor":16,"turns":17},{"damage":2,"enemies":"Shell Parasite","floor":18,"turns":16},{"damage":0,"enemies":"2 Thieves","floor":19,"turns":4},{"damage":11,"enemies":"Snecko","floor":24,"turns":11},{"damage":2,"enemies":"Shelled Parasite and Fungi","floor":27,"turns":12},{"damage":15,"enemies":"Cultist and Chosen","floor":28,"turns":10},{"damage":17,"enemies":"Chosen and Byrds","floor":29,"turns":8},{"damage":8,"enemies":"Snecko","floor":30,"turns":6},{"damage":32,"enemies":"Collector","floor":33,"turns":12},{"damage":32,"enemies":"3 Darklings","floor":35,"turns":7},{"damage":0,"enemies":"3 Shapes","floor":38,"turns":1}],"seed_played":"3765812556024929913","potions_obtained":[{"floor":0,"key":"LiquidBronze"},{"floor":5,"key":"Energy Potion"},{"floor":8,"key":"Poison Potion"},{"floor":14,"key":"PowerPotion"},{"floor":16,"key":"EssenceOfSteel"},{"floor":24,"key":"Swift Potion"},{"floor":27,"key":"PowerPotion"},{"floor":30,"key":"Ancient Potion"}],"is_trial":false,"path_per_floor":["M","M","?","?","M","R","M","M","T","R","$","T","R","M","R","B",null,"M","M","?","$","?","R","M","R","T","M","M","M","M","$","R","B",null,"M","T","$","M"],"character_chosen":"THE_SILENT","items_purchased":["Bandage Up","Footwork","Blade Dance","Accuracy","PowerPotion","Bronze Scales"],"campfire_rested":4,"item_purchase_floors":[11,21,21,31,31,37],"current_hp_per_floor":[75,75,63,63,63,75,75,74,74,74,74,74,74,66,75,64,75,75,75,75,75,68,68,61,75,75,75,64,51,47,47,69,41,75,47,47,47,47],"gold":0,"neow_bonus":"BOSS_RELIC","is_prod":false,"is_daily":false,"chose_seed":false,"campfire_upgraded":3,"win_rate":0,"timestamp":1566213648,"path_taken":["M","M","?","?","M","R","M","M","T","R","$","?","R","M","R","BOSS","M","M","?","$","?","R","M","R","T","M","M","M","M","$","R","BOSS","M","?","$","?"],"build_version":"2019-07-17","purchased_purges":1,"victory":false,"max_hp_per_floor":[75,75,75,75,75,75,75,75,75,75,75,75,75,75,75,75,75,75,75,75,75,75,75,75,75,75,75,75,75,75,75,75,75,75,75,75,75,75],"card_choices":[{"not_picked":["Underhanded Strike","All Out Attack"],"picked":"Backstab","floor":0},{"not_picked":["Quick Slash","Cloak And Dagger"],"picked":"Acrobatics","floor":1},{"not_picked":["Crippling Poison","Reflex","Quick Slash"],"picked":"SKIP","floor":2},{"not_picked":["Bane","Poisoned Stab"],"picked":"Backflip","floor":5},{"not_picked":["Underhanded Strike","Tools of the Trade"],"picked":"Bane","floor":7},{"not_picked":["Backflip","Flying Knee"],"picked":"Prepared","floor":8},{"not_picked":["Outmaneuver","Acrobatics"],"picked":"Leg Sweep","floor":14},{"not_picked":["Sucker Punch","Prepared"],"picked":"Slice","floor":18},{"not_picked":["Dash","Flying Knee","Crippling Poison"],"picked":"SKIP","floor":19},{"not_picked":["Backflip+1","Leg Sweep","Storm of Steel"],"picked":"SKIP","floor":24},{"not_picked":["Dagger Throw","Dodge and Roll"],"picked":"Predator","floor":27},{"not_picked":["Calculated Gamble","Dodge and Roll"],"picked":"Noxious Fumes+1","floor":28},{"not_picked":["Slice","Dodge and Roll"],"picked":"Sucker Punch+1","floor":29},{"not_picked":["Sucker Punch","Flying Knee"],"picked":"Cloak And Dagger","floor":30},{"not_picked":["Storm of Steel","Wraith Form v2"],"picked":"Burst","floor":33},{"not_picked":["Masterful Stab+1"],"picked":"SKIP","floor":35}],"player_experience":214430,"relics_obtained":[{"floor":9,"key":"Calipers"},{"floor":12,"key":"Anchor"},{"floor":26,"key":"Bottled Tornado"},{"floor":36,"key":"Oddly Smooth Stone"}],"event_choices":[{"damage_healed":0,"gold_gain":0,"player_choice":"Success","damage_taken":12,"relics_obtained":["Dodecahedron"],"max_hp_gain":0,"max_hp_loss":0,"event_name":"Scrap Ooze","floor":3,"gold_loss":0},{"damage_healed":0,"gold_gain":0,"player_choice":"Ignored","damage_taken":0,"max_hp_gain":0,"max_hp_loss":0,"event_name":"Liars Game","floor":4,"gold_loss":0},{"cards_removed":["Strike_G"],"damage_healed":0,"gold_gain":0,"player_choice":"Elegance","damage_taken":0,"max_hp_gain":0,"max_hp_loss":0,"event_name":"Back to Basics","floor":20,"gold_loss":0},{"damage_healed":0,"gold_gain":0,"player_choice":"","damage_taken":7,"max_hp_gain":0,"max_hp_loss":0,"event_name":"Knowing Skull","floor":22,"potions_obtained":[],"gold_loss":0,"cards_obtained":[]}],"is_beta":false,"boss_relics":[{"not_picked":["Coffee Dripper","WristBlade"],"picked":"Cursed Key"},{"not_picked":["Snecko Eye","Eternal Feather"],"picked":"Busted Crown"}],"items_purged_floors":[31],"is_endless":false,"potions_floor_spawned":[5,8,14,16,24,27,30],"killed_by":"3 Shapes","ascension_level":0}