{"path_per_floor":["M","M","$","M","?","R","?","M","T","E","R","E","R","?","R","B",null,"M","?","?","M","M","R","E","T","T","R","?","$","E","M","R"],"character_chosen":"IRONCLAD","items_purchased":["Rampage","Dark Shackles"],"gold_per_floor":[115,127,13,28,28,28,28,43,93,126,126,151,151,151,151,252,252,266,266,266,280,290,290,319,319,319,319,319,114,148,168,168,168],"floor_reached":33,"campfire_rested":1,"playtime":2945,"current_hp_per_floor":[80,80,80,80,80,80,80,80,80,72,72,63,63,63,63,33,80,80,80,80,77,66,66,49,49,49,73,73,73,79,78,78,0],"items_purged":["Doubt","Writhe"],"gold":168,"score":316,"play_id":"6b26a781-b553-480b-9c85-07d4d4d36795","local_time":"20180407005537","is_prod":false,"is_daily":false,"is_ascension_mode":false,"campfire_upgraded":5,"timestamp":1523084137,"path_taken":["M","M","$","M","?","R","?","M","T","E","R","E","R","?","R","BOSS","M","?","?","M","M","R","E","?","T","R","?","$","E","M","R","BOSS"],"build_version":"2018-04-05v2","purchased_purges":2,"victory":false,"master_deck":["Strike_R+1","Strike_R+1","Strike_R+1","Strike_R+1","Strike_R+1","Defend_R+1","Defend_R+1","Defend_R+1","Bash","Thunderclap+1","Seeing Red+1","Rampage+1","Shrug It Off+1","Clothesline+1","Battle Trance","True Grit+1","Impervious","Bludgeon","Shrug It Off+1","True Grit+1","Anger+1","Seeing Red+1","Injury","Pummel","Dark Shackles","Pommel Strike+1"],"max_hp_per_floor":[80,80,80,80,80,80,80,80,80,80,80,80,80,80,80,80,80,80,80,80,80,80,80,80,80,80,80,80,80,80,80,80,80],"relics":["Burning Blood","Charon\u0027s Ashes","Prayer Wheel","Kunai","Whetstone","Cursed Key","Gambling Chip","Molten Egg 2","Girya","Pantograph"],"card_choices":[{"not_picked":["Iron Wave","Sword Boomerang"],"picked":"Thunderclap","floor":1.0},{"not_picked":["Corruption","Sword Boomerang"],"picked":"Seeing Red","floor":2.0},{"not_picked":["True Grit","Hemokinesis"],"picked":"Shrug It Off","floor":4.0},{"not_picked":["Anger","Feel No Pain"],"picked":"Clothesline","floor":8.0},{"not_picked":["Anger","Combust"],"picked":"Battle Trance","floor":10.0},{"not_picked":["Carnage","Inflame"],"picked":"True Grit","floor":12.0},{"not_picked":["Brutality","Demon Form"],"picked":"Impervious","floor":16.0},{"not_picked":["Armaments","Pummel"],"picked":"True Grit","floor":21},{"not_picked":["Inflame","Intimidate"],"picked":"Anger","floor":22},{"not_picked":["Headbutt","Shrug It Off"],"picked":"Seeing Red","floor":24},{"not_picked":["Combust","Thunderclap"],"picked":"Pummel","floor":25},{"not_picked":["Uppercut","Perfected Strike"],"picked":"Pommel Strike","floor":30}],"player_experience":18319,"potions_floor_usage":[24,31,33],"damage_taken":[{"damage":2.0,"enemies":"Small Slimes","floor":1.0,"turns":4.0},{"damage":5.0,"enemies":"Cultist","floor":2.0,"turns":4.0},{"damage":1.0,"enemies":"2 Louse","floor":4.0,"turns":2.0},{"damage":4.0,"enemies":"Exordium Wildlife","floor":8.0,"turns":4.0},{"damage":14.0,"enemies":"Gremlin Nob","floor":10.0,"turns":3.0},{"damage":15.0,"enemies":"Lagavulin","floor":12.0,"turns":6.0},{"damage":36.0,"enemies":"Hexaghost","floor":16.0,"turns":11.0},{"damage":6,"enemies":"3 Byrds","floor":18,"turns":4},{"damage":9,"enemies":"Spheric Guardian","floor":21,"turns":5},{"damage":17,"enemies":"3 Cultists","floor":22,"turns":5},{"damage":23,"enemies":"Slavers","floor":24,"turns":5},{"damage":0,"enemies":"Book of Stabbing","floor":30,"turns":5},{"damage":7,"enemies":"Snake Plant","floor":31,"turns":5},{"damage":81,"enemies":"Automaton","floor":33,"turns":10}],"event_choices":[{"event_name":"Upgrade Shrine","player_choice":"Upgraded","floor":5.0,"damage_taken":0.0},{"event_name":"The Cleric","player_choice":"Leave","floor":7.0,"damage_taken":0.0},{"event_name":"Accursed Blacksmith","player_choice":"Forge","floor":14.0,"damage_taken":0.0},{"event_name":"Transmorgrifier","player_choice":"Transform","floor":19,"damage_taken":0},{"event_name":"Duplicator","player_choice":"One dupe","floor":20,"damage_taken":0},{"event_name":"Back to Basics","player_choice":"Simplicity","floor":28,"damage_taken":0}],"boss_relics":[{"not_picked":["Ectoplasm","Philosopher\u0027s Stone"],"picked":"Cursed Key"}],"potions_floor_spawned":[2,4,10,16,22,30],"seed_played":"-7973632290596738876","killed_by":"Automaton","ascension_level":0,"is_trial":false}