{"gold_per_floor":[112,3,17,34,34,34,66,66,138,171,171,171,171,192,192,318,318,258,258,258,258,258,258,258,119,119,119,51,51,51,51,51,51,51,51,51,51,51,51,51,51,51,51,51,51,51,51,51,51,51],"floor_reached":51,"playtime":4397,"items_purged":["Doubt","Injury"],"score":891,"play_id":"8fc59c83-f575-42a3-99c3-20f7e9084671","local_time":"20181228113700","is_ascension_mode":true,"campfire_choices":[{"data":"Inflame","floor":6.0,"key":"SMITH"},{"data":"Uppercut","floor":8.0,"key":"SMITH"},{"data":"Disarm","floor":15.0,"key":"SMITH"},{"data":"True Grit","floor":23.0,"key":"SMITH"},{"data":"Metallicize","floor":32,"key":"SMITH"},{"data":"Shockwave","floor":40,"key":"SMITH"},{"data":"Shrug It Off","floor":42,"key":"SMITH"},{"data":"Power Through","floor":44,"key":"SMITH"},{"floor":49,"key":"REST"}],"neow_cost":"CURSE","seed_source_timestamp":88030714280223,"circlet_count":0,"master_deck":["Strike_R","Strike_R","Strike_R","Strike_R","Defend_R","Defend_R","Defend_R","Defend_R","Bash","True Grit+1","Carnage","Inflame+1","Uppercut+1","Disarm+1","Evolve","Reaper","Iron Wave+1","Pommel Strike","Wild Strike+1","Shockwave+1","Metallicize+1","Inflame+1","Spot Weakness","Whirlwind+1","Iron Wave","Demon Form+1","Power Through+1","Headbutt+1","Shrug It Off+1","True Grit+1","Whirlwind+1"],"special_seed":0,"relics":["Burning Blood","Thread and Needle","Blood Vial","Self Forming Clay","Potion Belt","Mercury Hourglass","Golden Idol","Ectoplasm","Happy Flower","Pen Nib","Bronze Scales","Frozen Egg 2","Tiny House","Smiling Mask","Magic Flower","Centennial Puzzle"],"potions_floor_usage":[33,33,39,41,48,50,50,50],"damage_taken":[{"damage":1.0,"enemies":"Cultist","floor":1.0,"turns":4.0},{"damage":3.0,"enemies":"Jaw Worm","floor":3.0,"turns":3.0},{"damage":4.0,"enemies":"2 Louse","floor":4.0,"turns":3.0},{"damage":37.0,"enemies":"3 Sentries","floor":7.0,"turns":8.0},{"damage":2.0,"enemies":"Gremlin Nob","floor":10.0,"turns":3.0},{"damage":0.0,"enemies":"2 Fungi Beasts","floor":14.0,"turns":2.0},{"damage":10.0,"enemies":"The Guardian","floor":16.0,"turns":12.0},{"damage":20.0,"enemies":"2 Thieves","floor":18.0,"turns":5.0},{"damage":10.0,"enemies":"3 Byrds","floor":19.0,"turns":6.0},{"damage":3.0,"enemies":"Snake Plant","floor":22.0,"turns":4.0},{"damage":22,"enemies":"Gremlin Leader","floor":24,"turns":7},{"damage":12,"enemies":"Sentry and Sphere","floor":27,"turns":4},{"damage":13,"enemies":"3 Cultists","floor":30,"turns":4},{"damage":0,"enemies":"Cultist and Chosen","floor":31,"turns":4},{"damage":28,"enemies":"Automaton","floor":33,"turns":10},{"damage":23,"enemies":"3 Shapes","floor":35,"turns":5},{"damage":8,"enemies":"3 Darklings","floor":39,"turns":4},{"damage":8,"enemies":"Jaw Worm Horde","floor":41,"turns":5},{"damage":36,"enemies":"Writhing Mass","floor":45,"turns":7},{"damage":22,"enemies":"Reptomancer","floor":46,"turns":6},{"damage":2,"enemies":"Spire Growth","floor":47,"turns":4},{"damage":45,"enemies":"Giant Head","floor":48,"turns":8},{"damage":55,"enemies":"Awakened One","floor":50,"turns":9}],"seed_played":"-9007364552112383388","potions_obtained":[{"floor":1.0,"key":"SteroidPotion"},{"floor":7.0,"key":"Fire Potion"},{"floor":16.0,"key":"Dexterity Potion"},{"floor":22.0,"key":"Fire Potion"},{"floor":27,"key":"Fire Potion"},{"floor":30,"key":"Swift Potion"},{"floor":31,"key":"Weak Potion"},{"floor":34,"key":"SpeedPotion"},{"floor":35,"key":"SkillPotion"},{"floor":46,"key":"Weak Potion"},{"floor":47,"key":"BloodPotion"}],"is_trial":false,"path_per_floor":["M","$","M","M","?","R","E","R","T","E","T","?","?","M","R","B",null,"M","M","?","T","M","R","E","$","T","M","$","?","M","M","R","B",null,"M","?","?","$","M","R","M","R","T","R","M","E","M","E","R","B",null],"character_chosen":"IRONCLAD","items_purchased":["Carnage","Metallicize","Spot Weakness"],"campfire_rested":1,"item_purchase_floors":[2,25,28],"current_hp_per_floor":[77,77,80,80,73,73,42,42,42,48,48,48,48,56,56,54,74,62,69,69,69,77,77,63,63,63,59,59,43,59,67,67,62,81,66,66,66,66,85,85,83,83,83,83,55,64,74,49,74,43],"gold":51,"neow_bonus":"ONE_RARE_RELIC","is_prod":false,"is_daily":false,"chose_seed":false,"campfire_upgraded":8,"win_rate":0,"timestamp":1546018620,"path_taken":["M","$","?","M","?","R","E","R","T","E","?","?","?","M","R","BOSS","M","M","?","?","M","R","E","$","T","M","$","?","?","M","R","BOSS","M","?","?","$","M","R","M","R","T","R","M","E","M","E","R","BOSS"],"build_version":"2018-12-20","purchased_purges":2,"victory":true,"max_hp_per_floor":[80,80,80,80,80,80,80,80,80,80,80,80,80,80,80,80,80,80,80,80,80,80,80,80,80,80,80,80,80,80,80,80,80,85,85,85,85,85,85,85,85,85,85,85,85,85,85,85,85,85],"card_choices":[{"not_picked":["Blood for Blood","Rage"],"picked":"True Grit","floor":1.0},{"not_picked":["Iron Wave","Warcry"],"picked":"Body Slam","floor":3.0},{"not_picked":["Flex","Headbutt"],"picked":"Inflame","floor":4.0},{"not_picked":["Sword Boomerang","Combust"],"picked":"Uppercut","floor":7.0},{"not_picked":["Reckless Charge","Exhume"],"picked":"Disarm","floor":10.0},{"not_picked":["Headbutt","Warcry"],"picked":"Evolve","floor":14.0},{"not_picked":["Brutality","Juggernaut"],"picked":"Reaper","floor":16.0},{"not_picked":["Corruption","Feel No Pain"],"picked":"Iron Wave+1","floor":18.0},{"not_picked":["Wild Strike","Warcry+1"],"picked":"Pommel Strike","floor":19.0},{"not_picked":["Anger","Dark Embrace"],"picked":"Wild Strike","floor":22.0},{"not_picked":["Disarm+1","True Grit"],"picked":"Shockwave","floor":24},{"not_picked":["Flex","Feel No Pain+1"],"picked":"Inflame+1","floor":27},{"not_picked":["Shockwave","Armaments"],"picked":"Whirlwind+1","floor":30},{"not_picked":["Dropkick","Wild Strike+1"],"picked":"Iron Wave","floor":31},{"not_picked":["Dark Embrace+1","Feed"],"picked":"Demon Form+1","floor":33},{"not_picked":["Havoc","Rampage"],"picked":"Power Through","floor":34},{"not_picked":["Wild Strike","Thunderclap+1","Havoc+1"],"picked":"SKIP","floor":35},{"not_picked":["Pommel Strike","Sword Boomerang"],"picked":"Headbutt+1","floor":39},{"not_picked":["Clash","Wild Strike"],"picked":"Shrug It Off","floor":41},{"not_picked":["Corruption+1","Blood for Blood+1","Clash+1"],"picked":"SKIP","floor":45},{"not_picked":["Berserk+1","Dropkick"],"picked":"True Grit+1","floor":46},{"not_picked":["Twin Strike+1","Body Slam"],"picked":"Whirlwind+1","floor":47},{"not_picked":["Evolve+1","Dual Wield+1","Uppercut"],"picked":"SKIP","floor":48}],"player_experience":478409,"relics_obtained":[{"floor":7.0,"key":"Blood Vial"},{"floor":9.0,"key":"Self Forming Clay"},{"floor":10.0,"key":"Potion Belt"},{"floor":11.0,"key":"Mercury Hourglass"},{"floor":21.0,"key":"Pen Nib"},{"floor":24,"key":"Bronze Scales"},{"floor":26,"key":"Frozen Egg 2"},{"floor":43,"key":"Smiling Mask"},{"floor":46,"key":"Magic Flower"},{"floor":48,"key":"Centennial Puzzle"}],"event_choices":[{"cards_removed":["Strike_R"],"damage_healed":0.0,"max_hp_gain":0.0,"max_hp_loss":0.0,"gold_gain":0.0,"event_name":"Golden Wing","player_choice":"Card Removal","floor":5.0,"gold_loss":0.0,"damage_taken":7.0},{"damage_healed":0.0,"max_hp_gain":0.0,"max_hp_loss":0.0,"gold_gain":0.0,"event_name":"Golden Idol","player_choice":"Take Wound","floor":12.0,"gold_loss":0.0,"damage_taken":0.0,"relics_obtained":["Golden Idol"],"cards_obtained":["Injury"]},{"damage_healed":0.0,"max_hp_gain":0.0,"max_hp_loss":0.0,"gold_gain":0.0,"event_name":"Liars Game","player_choice":"Ignored","floor":13.0,"gold_loss":0.0,"damage_taken":0.0},{"damage_healed":0.0,"max_hp_gain":0.0,"max_hp_loss":0.0,"gold_gain":0.0,"event_name":"The Mausoleum","player_choice":"Opened","floor":20.0,"gold_loss":0.0,"damage_taken":0.0,"relics_obtained":["Happy Flower"]},{"damage_healed":0,"gold_gain":0,"player_choice":"POTION ","damage_taken":16,"max_hp_gain":0,"max_hp_loss":0,"event_name":"Knowing Skull","floor":29,"potions_obtained":["AttackPotion"],"gold_loss":0,"cards_obtained":[]},{"cards_removed":["Body Slam"],"damage_healed":0,"gold_gain":0,"player_choice":"Removed Attack","damage_taken":0,"max_hp_gain":0,"max_hp_loss":0,"event_name":"Falling","floor":36,"gold_loss":0},{"damage_healed":0,"gold_gain":100,"player_choice":"Pray","damage_taken":0,"max_hp_gain":0,"max_hp_loss":0,"event_name":"Golden Shrine","floor":37,"gold_loss":0}],"is_beta":false,"boss_relics":[{"not_picked":["Fusion Hammer","Sozu"],"picked":"Ectoplasm"},{"not_picked":["Runic Dome","Black Star"],"picked":"Tiny House"}],"items_purged_floors":[2,25],"is_endless":false,"potions_floor_spawned":[1,7,16,22,27,30,31,35,46,47],"ascension_level":6}