{"gold_per_floor":[114,39,56,67,67,67,85,85,85,120,135,163,163,175,175,280,280,294,309,86,101,24,24,34,44,68,68,68,68,68,81,81,184,184,203,203,222,234,248,248,264,264,264,213,213,88,88,4,4,4],"floor_reached":51,"playtime":9576,"items_purged":["Strike_G","Strike_G","Parasite"],"score":761,"play_id":"2e7d19ee-3ef0-454f-a162-81a1e5306af6","local_time":"20190126014741","is_ascension_mode":true,"campfire_choices":[{"data":"Predator","floor":6.0,"key":"SMITH"},{"data":"Terror","floor":8.0,"key":"SMITH"},{"data":"Underhanded Strike","floor":13.0,"key":"SMITH"},{"data":"Acrobatics","floor":15.0,"key":"SMITH"},{"data":"Noxious Fumes","floor":23.0,"key":"SMITH"},{"data":"Sucker Punch","floor":30.0,"key":"SMITH"},{"data":"Bouncing Flask","floor":32.0,"key":"SMITH"},{"floor":40,"key":"REST"},{"data":"Cloak And Dagger","floor":42,"key":"SMITH"},{"data":"Malaise","floor":45,"key":"SMITH"},{"data":"Footwork","floor":49,"key":"SMITH"}],"neow_cost":"NONE","seed_source_timestamp":0,"circlet_count":0,"master_deck":["Defend_G","Defend_G","Defend_G","Defend_G","Strike_G+1","Survivor","Neutralize+1","Flying Knee","Terror+1","Predator+1","Tools of the Trade","Underhanded Strike+1","Cloak And Dagger+1","Acrobatics+1","Corpse Explosion","Catalyst+1","Backflip","Noxious Fumes+1","Sucker Punch+1","Skewer+1","Well Laid Plans","Poisoned Stab+1","Unload","Bouncing Flask+1","Malaise+1","Cloak And Dagger+1","Catalyst","PiercingWail","Footwork+1"],"special_seed":0,"relics":["Ring of the Snake","Whetstone","Ninja Scroll","Pen Nib","Eternal Feather","Bronze Scales","Nloth\u0027s Gift","Busted Crown","StoneCalendar"],"potions_floor_usage":[35,39,39,50,50],"damage_taken":[{"damage":0.0,"enemies":"Cultist","floor":1.0,"turns":3.0},{"damage":0.0,"enemies":"Small Slimes","floor":3.0,"turns":3.0},{"damage":0.0,"enemies":"Jaw Worm","floor":4.0,"turns":3.0},{"damage":8.0,"enemies":"Looter","floor":7.0,"turns":3.0},{"damage":4.0,"enemies":"3 Sentries","floor":10.0,"turns":5.0},{"damage":0.0,"enemies":"Red Slaver","floor":11.0,"turns":1.0},{"damage":9.0,"enemies":"Lagavulin","floor":12.0,"turns":3.0},{"damage":1.0,"enemies":"3 Louse","floor":14.0,"turns":2.0},{"damage":23.0,"enemies":"The Guardian","floor":16.0,"turns":10.0},{"damage":5.0,"enemies":"2 Thieves","floor":18.0,"turns":2.0},{"damage":15.0,"enemies":"3 Byrds","floor":19.0,"turns":4.0},{"damage":0.0,"enemies":"Centurion and Healer","floor":21.0,"turns":2.0},{"damage":1.0,"enemies":"Snecko","floor":24.0,"turns":4.0},{"damage":0.0,"enemies":"3 Cultists","floor":25.0,"turns":2.0},{"damage":13.0,"enemies":"Shelled Parasite and Fungi","floor":31.0,"turns":5.0},{"damage":35.0,"enemies":"Automaton","floor":33.0,"turns":7.0},{"damage":7,"enemies":"Orb Walker","floor":35,"turns":2},{"damage":21,"enemies":"3 Darklings","floor":37,"turns":3},{"damage":20,"enemies":"Maw","floor":38,"turns":5},{"damage":21,"enemies":"Writhing Mass","floor":39,"turns":6},{"damage":8,"enemies":"Transient","floor":41,"turns":5},{"damage":59,"enemies":"Donu and Deca","floor":50,"turns":7}],"seed_played":"8785494643349549024","potions_obtained":[{"floor":3.0,"key":"GamblersBrew"},{"floor":7.0,"key":"Strength Potion"},{"floor":14.0,"key":"EssenceOfSteel"},{"floor":16.0,"key":"Explosive Potion"},{"floor":18.0,"key":"Dexterity Potion"},{"floor":19.0,"key":"Swift Potion"},{"floor":24.0,"key":"Energy Potion"},{"floor":31.0,"key":"Explosive Potion"},{"floor":38,"key":"FearPotion"},{"floor":39,"key":"GhostInAJar"}],"is_trial":false,"path_per_floor":["M","$","M","M","?","R","M","R","T","E","M","E","R","M","R","B",null,"M","M","$","M","$","R","M","M","T","?","?","?","R","M","R","B",null,"M","?","M","M","M","R","M","R","T","$","R","$","?","$","R","B",null],"character_chosen":"THE_SILENT","items_purchased":["Noxious Fumes","Sucker Punch","Well Laid Plans","PiercingWail","Footwork","PowerPotion"],"campfire_rested":1,"item_purchase_floors":[20,20,22,44,48,48],"current_hp_per_floor":[70,70,70,70,70,70,62,62,62,58,58,49,49,48,48,25,70,65,50,50,50,50,62,61,61,61,61,61,61,70,57,70,35,70,63,63,42,22,1,37,29,44,44,44,62,62,62,62,67,8],"gold":4,"neow_bonus":"RANDOM_COMMON_RELIC","is_prod":false,"is_daily":false,"chose_seed":false,"campfire_upgraded":10,"win_rate":0,"timestamp":1548492461,"path_taken":["M","$","M","M","?","R","M","R","T","E","M","E","R","M","R","BOSS","BOSS","M","M","$","M","$","R","M","M","T","?","?","?","R","?","R","BOSS","M","?","M","M","M","R","M","R","T","$","R","$","?","$","R","BOSS"],"build_version":"2019-01-23","purchased_purges":3,"victory":true,"max_hp_per_floor":[70,70,70,70,70,70,70,70,70,70,70,70,70,70,70,70,70,70,70,70,70,70,70,70,70,70,70,70,70,70,70,70,70,70,70,70,70,70,70,70,70,70,70,70,70,67,67,67,67,67],"card_choices":[{"not_picked":["Underhanded Strike","Deadly Poison"],"picked":"Flying Knee","floor":1.0},{"not_picked":["Flechettes","Flying Knee"],"picked":"Terror","floor":3.0},{"not_picked":["Calculated Gamble","Choke"],"picked":"Predator","floor":4.0},{"not_picked":["Outmaneuver","Deflect"],"picked":"Tools of the Trade","floor":7.0},{"not_picked":["Quick Slash","Bane"],"picked":"Underhanded Strike","floor":10.0},{"not_picked":["Phantasmal Killer","All Out Attack","Underhanded Strike"],"picked":"Cloak And Dagger","floor":11.0},{"not_picked":["Blade Dance","Skewer","Poisoned Stab","Bane"],"picked":"SKIP","floor":12.0},{"not_picked":["Backstab","Choke","Expertise"],"picked":"Acrobatics","floor":14.0},{"not_picked":["Grand Finale","Envenom","Doppelganger"],"picked":"Corpse Explosion","floor":16.0},{"not_picked":["Outmaneuver","Bane+1","PiercingWail"],"picked":"Catalyst+1","floor":18.0},{"not_picked":["Leg Sweep","Poisoned Stab","Dodge and Roll"],"picked":"Backflip","floor":19.0},{"not_picked":["Cloak And Dagger","Prepared","Dodge and Roll"],"picked":"Skewer+1","floor":21.0},{"not_picked":["Deadly Poison","Tools of the Trade","Quick Slash"],"picked":"Poisoned Stab+1","floor":24.0},{"not_picked":["Poisoned Stab","Flying Knee","Sucker Punch","Dagger Spray"],"picked":"SKIP","floor":25.0},{"not_picked":["Dagger Spray+1","Flying Knee+1","Quick Slash"],"picked":"SKIP","floor":31.0},{"not_picked":["Die Die Die","Burst"],"picked":"Malaise","floor":33.0},{"not_picked":["Flying Knee+1"],"picked":"SKIP","floor":35},{"not_picked":[],"picked":"Cloak And Dagger+1","floor":37},{"not_picked":[],"picked":"Catalyst","floor":38},{"not_picked":["Poisoned Stab+1"],"picked":"SKIP","floor":39},{"not_picked":["Heel Hook+1"],"picked":"SKIP","floor":41}],"player_experience":1735756,"relics_obtained":[{"floor":9.0,"key":"Ninja Scroll"},{"floor":10.0,"key":"Question Card"},{"floor":12.0,"key":"Pen Nib"},{"floor":26.0,"key":"Bronze Scales"},{"floor":43,"key":"StoneCalendar"}],"event_choices":[{"damage_healed":0.0,"max_hp_gain":0.0,"max_hp_loss":0.0,"gold_gain":0.0,"event_name":"Living Wall","player_choice":"Grow","floor":5.0,"gold_loss":0.0,"damage_taken":0.0,"cards_upgraded":["Neutralize"]},{"damage_healed":0.0,"max_hp_gain":0.0,"max_hp_loss":0.0,"gold_gain":0.0,"event_name":"Beggar","player_choice":"Ignored","floor":27.0,"gold_loss":0.0,"damage_taken":0.0},{"damage_healed":0.0,"max_hp_gain":0.0,"max_hp_loss":0.0,"gold_gain":0.0,"cards_transformed":["Strike_G","Defend_G"],"event_name":"Drug Dealer","player_choice":"Became Test Subject","floor":28.0,"gold_loss":0.0,"damage_taken":0.0,"cards_obtained":["Unload","Bouncing Flask"]},{"damage_healed":0.0,"max_hp_gain":0.0,"max_hp_loss":0.0,"gold_gain":0.0,"event_name":"N\u0027loth","player_choice":"Traded Relic","floor":29.0,"relics_lost":["Question Card"],"gold_loss":0.0,"damage_taken":0.0,"relics_obtained":["Nloth\u0027s Gift"]},{"damage_healed":0,"gold_gain":0,"player_choice":"Memory 1","damage_taken":0,"max_hp_gain":0,"max_hp_loss":0,"event_name":"SensoryStone","floor":36,"gold_loss":0},{"cards_removed":["Strike_G"],"damage_healed":0,"gold_gain":0,"player_choice":"Removed Attack","damage_taken":0,"max_hp_gain":0,"max_hp_loss":0,"event_name":"Falling","floor":47,"gold_loss":0}],"is_beta":false,"boss_relics":[{"not_picked":["Coffee Dripper","WristBlade"],"picked":"Eternal Feather"},{"not_picked":["Snecko Eye","Sozu"],"picked":"Busted Crown"}],"items_purged_floors":[2,20,46],"is_endless":false,"potions_floor_spawned":[3,7,14,16,18,19,24,31,38,39],"ascension_level":4}