{"gold_per_floor":[111,111,129,17,42,42,58,58,129,144,144,144,178,178,178,255,255,275,275,275,4,15,15,42,42,42,62,62,62,62,75,75,152,152,169,169,69,69,169,169,44,44,44,44,56,85,104,134,134,134],"floor_reached":50,"playtime":5722,"items_purged":["Pain","Writhe","Self Repair"],"score":1150,"play_id":"65205794-5b99-4777-a0d0-9df977887703","local_time":"20190823204224","is_ascension_mode":true,"campfire_choices":[{"data":"Loop","floor":6.0,"key":"SMITH"},{"floor":8.0,"key":"REST"},{"data":"Coolheaded","floor":11.0,"key":"SMITH"},{"data":"Defragment","floor":15.0,"key":"SMITH"},{"floor":23.0,"key":"REST"},{"data":"Electrodynamics","floor":25.0,"key":"SMITH"},{"data":"Ball Lightning","floor":28.0,"key":"SMITH"},{"data":"Cold Snap","floor":30.0,"key":"SMITH"},{"data":"Cold Snap","floor":32.0,"key":"SMITH"},{"data":"1","floor":40.0,"key":"LIFT"},{"data":"2","floor":42.0,"key":"LIFT"},{"floor":49.0,"key":"REST"}],"neow_cost":"NONE","seed_source_timestamp":0,"circlet_count":0,"master_deck":["AscendersBane","Strike_B+1","Strike_B+1","Strike_B+1","Strike_B+1","Defend_B+1","Defend_B+1","Defend_B+1","Defend_B+1","Zap+1","Dualcast","Ball Lightning+1","Loop+1","Coolheaded+1","Defragment+1","Electrodynamics+1","Cold Snap+1","Core Surge","Cold Snap+1","Cold Snap+1","Core Surge","Machine Learning","Reinforced Body+1","Cold Snap+1","Cold Snap+1"],"special_seed":0,"relics":["Cracked Core","WarpedTongs","War Paint","Pear","Pen Nib","Calipers","Eternal Feather","Enchiridion","Strawberry","Ornamental Fan","Lantern","Nuclear Battery","Bird Faced Urn","Girya","Bottled Tornado","Molten Egg 2","Bottled Flame"],"potions_floor_usage":[50],"damage_taken":[{"damage":2.0,"enemies":"Jaw Worm","floor":1.0,"turns":3.0},{"damage":6.0,"enemies":"Cultist","floor":3.0,"turns":4.0},{"damage":10.0,"enemies":"Small Slimes","floor":7.0,"turns":2.0},{"damage":7.0,"enemies":"2 Fungi Beasts","floor":10.0,"turns":3.0},{"damage":14.0,"enemies":"3 Sentries","floor":13.0,"turns":5.0},{"damage":34.0,"enemies":"Hexaghost","floor":16.0,"turns":9.0},{"damage":22.0,"enemies":"2 Thieves","floor":18.0,"turns":3.0},{"damage":0.0,"enemies":"Spheric Guardian","floor":22.0,"turns":4.0},{"damage":10.0,"enemies":"Gremlin Leader","floor":24.0,"turns":4.0},{"damage":9.0,"enemies":"Chosen and Byrds","floor":27.0,"turns":4.0},{"damage":11.0,"enemies":"Shelled Parasite and Fungi","floor":31.0,"turns":4.0},{"damage":83.0,"enemies":"Champ","floor":33.0,"turns":16.0},{"damage":9.0,"enemies":"3 Shapes","floor":35.0,"turns":3.0},{"damage":0.0,"enemies":"Mind Bloom Boss Battle","floor":39.0,"turns":5.0},{"damage":0.0,"enemies":"3 Darklings","floor":45.0,"turns":1.0},{"damage":46.0,"enemies":"Nemesis","floor":46.0,"turns":7.0},{"damage":8.0,"enemies":"Spire Growth","floor":47.0,"turns":4.0},{"damage":30.0,"enemies":"Reptomancer","floor":48.0,"turns":7.0},{"damage":66,"enemies":"Awakened One","floor":50,"turns":9}],"seed_played":"5400959966576061465","potions_obtained":[{"floor":7.0,"key":"PowerPotion"},{"floor":16.0,"key":"LiquidBronze"},{"floor":31.0,"key":"Energy Potion"},{"floor":39.0,"key":"Explosive Potion"},{"floor":46.0,"key":"AttackPotion"}],"is_trial":false,"path_per_floor":["M","?","M","$","T","R","M","R","T","M","R","?","E","?","R","B",null,"M","?","?","$","M","R","E","R","T","M","R","?","R","M","R","B",null,"M","?","$","T","?","R","$","R","T","?","M","E","M","E","R","B"],"character_chosen":"DEFECT","items_purchased":["Loop","Core Surge","Self Repair","Cold Snap"],"campfire_rested":3,"item_purchase_floors":[4,21,21,21],"current_hp_per_floor":[62,62,56,56,56,56,46,67,77,70,70,63,49,76,76,42,71,49,33,33,33,43,79,86,88,88,86,88,88,88,87,88,15,70,71,71,71,71,88,88,88,88,88,85,85,43,43,21,61,0],"gold":134,"neow_bonus":"UPGRADE_CARD","is_prod":false,"is_daily":false,"chose_seed":false,"campfire_upgraded":7,"win_rate":0,"timestamp":1566589344,"path_taken":["M","?","M","$","?","R","M","R","T","M","R","?","E","?","R","BOSS","M","?","?","$","M","R","E","R","T","M","R","?","R","M","R","BOSS","M","?","$","?","?","R","$","R","T","?","M","E","?","E","R","BOSS"],"build_version":"2019-07-17","purchased_purges":3,"victory":false,"max_hp_per_floor":[71,71,71,71,71,71,71,71,81,81,81,81,81,81,81,81,81,81,81,81,81,81,81,88,88,88,88,88,88,88,88,88,88,88,88,88,88,88,88,88,88,88,88,85,85,85,85,85,85,85],"card_choices":[{"not_picked":["Streamline","Tempest","Turbo"],"picked":"SKIP","floor":1.0},{"not_picked":["Leap","Redo"],"picked":"Ball Lightning","floor":3.0},{"not_picked":["Barrage","Leap","Stack"],"picked":"SKIP","floor":7.0},{"not_picked":["Streamline","Darkness"],"picked":"Coolheaded","floor":10.0},{"not_picked":["Self Repair","Lockon"],"picked":"Defragment","floor":13.0},{"not_picked":["Core Surge","Machine Learning"],"picked":"Electrodynamics","floor":16.0},{"not_picked":["Leap","Redo"],"picked":"Cold Snap+1","floor":18.0},{"not_picked":["Coolheaded+1","Cold Snap","Buffer"],"picked":"SKIP","floor":22.0},{"not_picked":["Coolheaded+1","Buffer"],"picked":"Cold Snap","floor":22.0},{"not_picked":["Turbo","Gash","Core Surge"],"picked":"SKIP","floor":24.0},{"not_picked":["Hello World","BootSequence","Hologram"],"picked":"SKIP","floor":27.0},{"not_picked":["Sweeping Beam","Streamline","Tempest"],"picked":"SKIP","floor":31.0},{"not_picked":["Multi-Cast","Reboot"],"picked":"Core Surge","floor":33.0},{"not_picked":["Streamline+1","Turbo","Gash"],"picked":"SKIP","floor":35.0},{"not_picked":["Genetic Algorithm","Reprogram","Coolheaded+1"],"picked":"SKIP","floor":45.0},{"not_picked":["Barrage","Multi-Cast"],"picked":"Reinforced Body+1","floor":46.0},{"not_picked":["Auto Shields+1","Sweeping Beam+1"],"picked":"Cold Snap+1","floor":47.0},{"not_picked":["Aggregate+1","Self Repair"],"picked":"Cold Snap+1","floor":48.0}],"player_experience":543070,"relics_obtained":[{"floor":5.0,"key":"War Paint"},{"floor":9.0,"key":"Pear"},{"floor":13.0,"key":"Calipers"},{"floor":19.0,"key":"Enchiridion"},{"floor":24.0,"key":"Strawberry"},{"floor":26.0,"key":"Ornamental Fan"},{"floor":38.0,"key":"Bird Faced Urn"},{"floor":39.0,"key":"Girya"},{"floor":43.0,"key":"Bottled Tornado"},{"floor":46.0,"key":"Molten Egg 2"},{"floor":48.0,"key":"Bottled Flame"}],"event_choices":[{"damage_healed":0.0,"max_hp_gain":0.0,"max_hp_loss":0.0,"gold_gain":0.0,"event_name":"Accursed Blacksmith","player_choice":"Rummage","floor":2.0,"gold_loss":0.0,"damage_taken":0.0,"relics_obtained":["WarpedTongs"],"cards_obtained":["Pain"]},{"damage_healed":0.0,"max_hp_gain":0.0,"max_hp_loss":0.0,"gold_gain":0.0,"event_name":"Scrap Ooze","player_choice":"Success","floor":12.0,"gold_loss":0.0,"damage_taken":7.0,"relics_obtained":["Pen Nib"]},{"damage_healed":27.0,"max_hp_gain":0.0,"max_hp_loss":0.0,"gold_gain":0.0,"event_name":"Big Fish","player_choice":"Banana","floor":14.0,"gold_loss":0.0,"damage_taken":0.0},{"damage_healed":0.0,"max_hp_gain":0.0,"max_hp_loss":0.0,"gold_gain":0.0,"event_name":"Cursed Tome","player_choice":"Obtained Book","floor":19.0,"gold_loss":0.0,"damage_taken":16.0},{"damage_healed":0.0,"max_hp_gain":0.0,"max_hp_loss":0.0,"gold_gain":0.0,"event_name":"Back to Basics","player_choice":"Simplicity","floor":20.0,"gold_loss":0.0,"damage_taken":0.0,"cards_upgraded":["Strike_B","Strike_B","Strike_B","Strike_B","Defend_B","Defend_B"]},{"damage_healed":0.0,"max_hp_gain":0.0,"max_hp_loss":0.0,"gold_gain":0.0,"event_name":"The Mausoleum","player_choice":"Opened","floor":29.0,"gold_loss":0.0,"damage_taken":0.0,"relics_obtained":["Lantern"],"cards_obtained":["Writhe"]},{"damage_healed":0.0,"max_hp_gain":0.0,"max_hp_loss":0.0,"gold_gain":0.0,"event_name":"Match and Keep!","player_choice":"2 cards matched","floor":36.0,"gold_loss":0.0,"damage_taken":0.0,"cards_obtained":["Machine Learning","Parasite"]},{"damage_healed":0.0,"max_hp_gain":0.0,"max_hp_loss":0.0,"gold_gain":0.0,"event_name":"MindBloom","player_choice":"Fight","floor":39.0,"gold_loss":0.0,"damage_taken":0.0},{"cards_removed":["Parasite"],"damage_healed":0.0,"max_hp_gain":0.0,"max_hp_loss":0.0,"gold_gain":0.0,"event_name":"Purifier","player_choice":"Purged","floor":44.0,"gold_loss":0.0,"damage_taken":0.0}],"is_beta":false,"boss_relics":[{"not_picked":["Busted Crown","Lizard Tail"],"picked":"Eternal Feather"},{"not_picked":["Snecko Eye","Philosopher\u0027s Stone"],"picked":"Nuclear Battery"}],"items_purged_floors":[4,37,41],"is_endless":false,"potions_floor_spawned":[7,16,31,39,46,47],"killed_by":"Awakened One","ascension_level":14}