{"gold_per_floor":[219,229,249,249,266,291,291,318,318,36,54,74,89,89,89,189,189,204,223,123,38,52,80,80,80,80,115,115,132,132,32,32,134,134,148,168,168,183,0,33,33,46,126,126],"floor_reached":44,"playtime":4313,"items_purged":["Defend_B","Strike_B","Auto Shields"],"score":564,"play_id":"0ab09136-0287-456c-b6b4-2f30b9a871ec","local_time":"20181116181859","is_ascension_mode":true,"campfire_choices":[{"floor":7,"key":"REST"},{"floor":15,"key":"REST"},{"data":"Electrodynamics","floor":24,"key":"SMITH"},{"data":"Barrage","floor":28,"key":"SMITH"},{"data":"Self Repair","floor":30,"key":"SMITH"},{"data":"Cold Snap","floor":32,"key":"SMITH"},{"data":"Zap","floor":41,"key":"SMITH"}],"neow_cost":"NONE","seed_source_timestamp":702584335897918,"circlet_count":0,"master_deck":["Strike_B+1","Strike_B+1","Strike_B+1","Defend_B+1","Defend_B+1","Defend_B+1","Zap+1","Dualcast","Conserve Battery","Coolheaded","Chill+1","Compile Driver","Loop","FTL","Coolheaded","Barrage+1","Electrodynamics+1","Conserve Battery+1","Cold Snap+1","Self Repair+1","Reinforced Body","Biased Cognition","Go for the Eyes","Creative AI","Bandage Up","Conserve Battery+1"],"relics":["Cracked Core","Ornamental Fan","Happy Flower","Potion Belt","Runic Capacitor","Philosopher\u0027s Stone","The Courier","Torii","Pantograph","Bronze Scales","Busted Crown","Red Mask","Mummified Hand","Shuriken"],"potions_floor_usage":[6,8,23,27,29,29,33,38,40,40],"damage_taken":[{"damage":10,"enemies":"2 Louse","floor":1,"turns":3},{"damage":2,"enemies":"Jaw Worm","floor":2,"turns":3},{"damage":2,"enemies":"Small Slimes","floor":3,"turns":4},{"damage":0,"enemies":"Exordium Wildlife","floor":5,"turns":4},{"damage":69,"enemies":"Gremlin Nob","floor":6,"turns":7},{"damage":1,"enemies":"3 Sentries","floor":8,"turns":7},{"damage":0,"enemies":"3 Louse","floor":11,"turns":2},{"damage":2,"enemies":"Red Slaver","floor":12,"turns":4},{"damage":0,"enemies":"Exordium Thugs","floor":13,"turns":5},{"damage":3,"enemies":"The Guardian","floor":16,"turns":10},{"damage":3,"enemies":"3 Byrds","floor":18,"turns":4},{"damage":13,"enemies":"Spheric Guardian","floor":19,"turns":4},{"damage":1,"enemies":"Snecko","floor":22,"turns":5},{"damage":30,"enemies":"Gremlin Leader","floor":23,"turns":8},{"damage":8,"enemies":"Slavers","floor":27,"turns":6},{"damage":0,"enemies":"Shelled Parasite and Fungi","floor":29,"turns":4},{"damage":59,"enemies":"Collector","floor":33,"turns":10},{"damage":23,"enemies":"3 Darklings","floor":35,"turns":4},{"damage":1,"enemies":"Orb Walker","floor":36,"turns":4},{"damage":18,"enemies":"Transient","floor":38,"turns":5},{"damage":1,"enemies":"Giant Head","floor":40,"turns":8},{"damage":35,"enemies":"4 Shapes","floor":42,"turns":4},{"damage":77,"enemies":"Reptomancer","floor":44,"turns":2}],"seed_played":"-5801676902787660620","potions_obtained":[{"floor":2,"key":"Regen Potion"},{"floor":6,"key":"Explosive Potion"},{"floor":8,"key":"SkillPotion"},{"floor":11,"key":"Strength Potion"},{"floor":16,"key":"Dexterity Potion"},{"floor":18,"key":"AttackPotion"},{"floor":22,"key":"Regen Potion"},{"floor":23,"key":"Energy Potion"},{"floor":27,"key":"Energy Potion"},{"floor":35,"key":"GamblersBrew"},{"floor":38,"key":"Weak Potion"},{"floor":42,"key":"Dexterity Potion"}],"is_trial":false,"path_per_floor":["M","M","M","?","M","E","R","E","T","$","M","M","M","?","R","B",null,"M","M","$","?","M","E","R","?","T","E","R","M","R","$","R","B",null,"M","M","?","M","?","E","R","M","T","E"],"character_chosen":"DEFECT","items_purchased":["Runic Capacitor"],"campfire_rested":2,"item_purchase_floors":[10],"current_hp_per_floor":[65,63,61,61,61,7,29,28,28,28,28,26,26,31,55,52,80,77,64,64,64,63,40,40,40,40,39,39,58,58,58,58,31,80,67,76,76,72,72,80,80,55,55,0],"gold":126,"neow_bonus":"HUNDRED_GOLD","is_prod":false,"is_daily":false,"chose_seed":false,"campfire_upgraded":5,"win_rate":0,"timestamp":1542421139,"path_taken":["M","M","M","?","M","E","R","E","T","$","M","M","M","?","R","BOSS","M","M","$","?","M","E","R","?","T","E","R","M","R","$","R","BOSS","M","M","?","M","?","E","R","M","T","E"],"build_version":"2018-11-15","purchased_purges":3,"victory":false,"max_hp_per_floor":[75,75,75,75,75,75,75,75,75,75,75,75,75,80,80,80,80,80,80,80,80,80,80,80,80,80,80,80,80,80,80,80,80,80,80,80,80,80,80,80,80,80,80,80],"card_choices":[{"not_picked":["Go for the Eyes","Stack"],"picked":"Conserve Battery","floor":1},{"not_picked":["Aggregate","Beam Cell"],"picked":"Coolheaded","floor":2},{"not_picked":["Beam Cell","Hello World"],"picked":"Chill","floor":3},{"not_picked":["Stack","Heatsinks"],"picked":"Auto Shields","floor":5},{"not_picked":["Chaos","Double Energy"],"picked":"Compile Driver","floor":6},{"not_picked":["Chill","Redo"],"picked":"Loop","floor":8},{"not_picked":["Chaos","Leap"],"picked":"FTL","floor":11},{"not_picked":["Blizzard","Redo"],"picked":"Coolheaded","floor":12},{"not_picked":["Genetic Algorithm","All For One"],"picked":"Barrage","floor":13},{"not_picked":["Creative AI","Thunder Strike"],"picked":"Electrodynamics","floor":16},{"not_picked":["Sweeping Beam","Leap+1"],"picked":"Conserve Battery+1","floor":18},{"not_picked":["Redo+1","Stack+1"],"picked":"Cold Snap","floor":19},{"not_picked":["Conserve Battery","Force Field+1"],"picked":"Self Repair","floor":22},{"not_picked":["Reprogram","Rip and Tear"],"picked":"Reinforced Body","floor":23},{"not_picked":["Compile Driver","Go for the Eyes"],"picked":"Biased Cognition","floor":27},{"not_picked":["Redo+1","Compile Driver"],"picked":"Go for the Eyes","floor":29},{"not_picked":["Thunder Strike","All For One"],"picked":"Creative AI","floor":33},{"not_picked":["Rebound+1"],"picked":"SKIP","floor":35},{"not_picked":["Turbo+1"],"picked":"SKIP","floor":36},{"not_picked":[],"picked":"Bandage Up","floor":37},{"not_picked":["Recycle+1"],"picked":"SKIP","floor":38},{"not_picked":["Sweeping Beam"],"picked":"SKIP","floor":40},{"not_picked":[],"picked":"Conserve Battery+1","floor":42}],"player_experience":271006,"relics_obtained":[{"floor":6,"key":"Ornamental Fan"},{"floor":8,"key":"Happy Flower"},{"floor":9,"key":"Potion Belt"},{"floor":23,"key":"Torii"},{"floor":26,"key":"Pantograph"},{"floor":27,"key":"Bronze Scales"},{"floor":40,"key":"Mummified Hand"},{"floor":43,"key":"Shuriken"}],"event_choices":[{"damage_healed":0,"gold_gain":0,"player_choice":"Grow","damage_taken":0,"max_hp_gain":0,"max_hp_loss":0,"event_name":"Living Wall","floor":4,"gold_loss":0,"cards_upgraded":["Chill"]},{"damage_healed":0,"gold_gain":0,"player_choice":"Donut","damage_taken":0,"max_hp_gain":5,"max_hp_loss":0,"event_name":"Big Fish","floor":14,"gold_loss":0},{"damage_healed":0,"gold_gain":0,"player_choice":"Obtained Relic","damage_taken":0,"relics_obtained":["The Courier"],"max_hp_gain":0,"max_hp_loss":0,"event_name":"Addict","floor":21,"gold_loss":85},{"damage_healed":0,"gold_gain":0,"player_choice":"Simplicity","damage_taken":0,"max_hp_gain":0,"max_hp_loss":0,"event_name":"Back to Basics","floor":25,"gold_loss":0,"cards_upgraded":["Strike_B","Strike_B","Strike_B","Defend_B","Defend_B","Defend_B"]},{"damage_healed":0,"gold_gain":0,"player_choice":"Memory 1","damage_taken":0,"max_hp_gain":0,"max_hp_loss":0,"event_name":"SensoryStone","floor":37,"gold_loss":0},{"damage_healed":0,"gold_gain":0,"player_choice":"Paid","damage_taken":0,"relics_obtained":["Red Mask"],"max_hp_gain":0,"max_hp_loss":0,"event_name":"Tomb of Lord Red Mask","floor":39,"gold_loss":183}],"is_beta":false,"boss_relics":[{"not_picked":["Fusion Hammer","Astrolabe"],"picked":"Philosopher\u0027s Stone"},{"not_picked":["Velvet Choker","Cursed Key"],"picked":"Busted Crown"}],"items_purged_floors":[10,20,31],"is_endless":false,"potions_floor_spawned":[2,6,8,11,16,18,22,23,27,35,38,42],"killed_by":"Reptomancer","ascension_level":3}