{"gold_per_floor":[113,113,123,273,253,282,11,39,39,57,57,75,89,101,101,176,176,194,211,211,222,222,222,247,247,247,247,282,24,54,73,73,146,196,214,232,232,12,30,58,77,102,102,131,150,169,68,86,86,86,86,86,86,0,31,31],"floor_reached":57,"playtime":4800,"items_purged":["Doubt","Strike_G","Strike_G"],"score":3278,"play_id":"fed83771-39d2-486e-aac9-3de9f5b7a32c","local_time":"20190824184145","is_ascension_mode":true,"campfire_choices":[{"data":"Noxious Fumes","floor":11,"key":"SMITH"},{"data":"Neutralize","floor":15,"key":"SMITH"},{"data":"Wraith Form v2","floor":23,"key":"SMITH"},{"floor":25,"key":"REST"},{"floor":32,"key":"REST"},{"floor":49,"key":"RECALL"},{"floor":53,"key":"REST"}],"neow_cost":"NONE","seed_source_timestamp":245438622678298,"circlet_count":0,"master_deck":["AscendersBane","Strike_G+1","Strike_G","Defend_G","Defend_G","Defend_G","Defend_G","Defend_G","Survivor","Neutralize+1","Skewer","Quick Slash","Endless Agony","Noxious Fumes+1","Wraith Form v2+1","Prepared","Prepared","Cloak And Dagger","After Image","Clumsy","Clumsy","Acrobatics+1","Noxious Fumes","Catalyst+1","Catalyst+1","Deadly Poison+1","Calculated Gamble+1","Well Laid Plans+1","Cloak And Dagger+1","Infinite Blades+1","Escape Plan+1","Corpse Explosion+1","Catalyst+1","Caltrops+1","Wraith Form v2+1","Cloak And Dagger+1","Prepared+1","Acrobatics+1","Wraith Form v2+1","Calculated Gamble+1","After Image+1","Concentrate+1"],"relics":["Ring of the Snake","NeowsBlessing","Du-Vu Doll","Membership Card","Vajra","Tough Bandages","Calling Bell","Centennial Puzzle","Toxic Egg 2","Thread and Needle","Art of War","Kunai","Gremlin Horn","Frozen Egg 2","StoneCalendar","Tiny House","Pantograph","Orichalcum","Blue Candle","Anchor","Unceasing Top","Nunchaku"],"potions_floor_usage":[8,16,24,24,50,56],"damage_taken":[{"damage":0,"enemies":"2 Louse","floor":1,"turns":1},{"damage":0,"enemies":"Small Slimes","floor":3,"turns":1},{"damage":0,"enemies":"Gremlin Nob","floor":6,"turns":1},{"damage":2,"enemies":"3 Sentries","floor":8,"turns":6},{"damage":0,"enemies":"Cultist","floor":10,"turns":3},{"damage":1,"enemies":"Looter","floor":12,"turns":3},{"damage":0,"enemies":"Large Slime","floor":13,"turns":4},{"damage":3,"enemies":"Blue Slaver","floor":14,"turns":3},{"damage":45,"enemies":"Hexaghost","floor":16,"turns":10},{"damage":1,"enemies":"Chosen","floor":18,"turns":4},{"damage":12,"enemies":"2 Thieves","floor":19,"turns":4},{"damage":2,"enemies":"Snake Plant","floor":21,"turns":5},{"damage":12,"enemies":"Slavers","floor":24,"turns":7},{"damage":15,"enemies":"Book of Stabbing","floor":28,"turns":5},{"damage":0,"enemies":"Gremlin Leader","floor":30,"turns":4},{"damage":4,"enemies":"Chosen and Byrds","floor":31,"turns":6},{"damage":0,"enemies":"Champ","floor":33,"turns":7},{"damage":12,"enemies":"Orb Walker","floor":35,"turns":2},{"damage":0,"enemies":"3 Shapes","floor":36,"turns":2},{"damage":7,"enemies":"Transient","floor":39,"turns":6},{"damage":6,"enemies":"Giant Head","floor":40,"turns":8},{"damage":0,"enemies":"Writhing Mass","floor":41,"turns":5},{"damage":0,"enemies":"Reptomancer","floor":42,"turns":4},{"damage":0,"enemies":"Nemesis","floor":44,"turns":7},{"damage":1,"enemies":"4 Shapes","floor":45,"turns":4},{"damage":0,"enemies":"Spire Growth","floor":46,"turns":3},{"damage":0,"enemies":"Transient","floor":48,"turns":6},{"damage":0,"enemies":"Donu and Deca","floor":50,"turns":7},{"damage":46,"enemies":"Awakened One","floor":51,"turns":12},{"damage":0,"enemies":"Shield and Spear","floor":55,"turns":5},{"damage":10,"enemies":"The Heart","floor":56,"turns":9}],"seed_played":"3060254710652875451","potions_obtained":[{"floor":1,"key":"Swift Potion"},{"floor":3,"key":"Poison Potion"},{"floor":5,"key":"PowerPotion"},{"floor":13,"key":"EssenceOfSteel"},{"floor":16,"key":"Weak Potion"},{"floor":28,"key":"Poison Potion"},{"floor":34,"key":"Ancient Potion"},{"floor":35,"key":"SmokeBomb"},{"floor":44,"key":"GamblersBrew"}],"is_trial":false,"path_per_floor":["M","?","M","?","?","E","$","E","T","M","R","M","M","M","R","B",null,"M","M","?","M","?","R","E","R","T","T","E","$","E","M","R","B",null,"M","M","?","$","M","E","M","E","T","E","M","M","$","M","R","B","B",null,"R","$","E","B",null],"character_chosen":"THE_SILENT","items_purchased":["Membership Card","Noxious Fumes","Frozen Egg 2","Calculated Gamble+1","Well Laid Plans+1","Cloak And Dagger+1","Pantograph","Cloak And Dagger+1","After Image+1","Concentrate+1","GhostInAJar"],"campfire_rested":3,"item_purchase_floors":[7,7,29,29,29,29,38,38,47,54,54],"current_hp_per_floor":[59,52,52,52,52,52,52,50,50,50,50,49,49,46,46,1,50,49,37,37,35,35,35,23,42,42,42,27,27,27,23,42,42,65,53,53,53,53,46,40,40,40,40,40,39,39,39,39,39,64,25,60,71,71,71,61],"gold":31,"neow_bonus":"THREE_ENEMY_KILL","is_prod":false,"is_daily":false,"chose_seed":false,"campfire_upgraded":3,"win_rate":0,"timestamp":1566639705,"path_taken":["M","?","M","?","?","E","$","E","T","M","R","?","M","M","R","BOSS","M","M","?","M","?","R","E","R","T","?","E","$","E","M","R","BOSS","M","M","?","$","M","E","?","E","T","E","M","M","$","M","R","BOSS","BOSS","R","$","E","BOSS"],"build_version":"2019-07-17","purchased_purges":3,"victory":true,"max_hp_per_floor":[66,66,66,66,66,66,66,66,66,66,66,66,66,66,66,66,66,66,66,66,66,66,66,66,66,66,66,66,66,66,66,66,66,71,71,71,71,71,71,71,71,71,71,71,71,71,71,71,71,71,71,71,71,71,71,71],"card_choices":[{"not_picked":["Finisher","Bane"],"picked":"Skewer","floor":1},{"not_picked":["Cloak And Dagger","Backflip"],"picked":"Quick Slash","floor":3},{"not_picked":["Dodge and Roll","Deflect"],"picked":"Endless Agony","floor":6},{"not_picked":["Poisoned Stab","Sucker Punch"],"picked":"Wraith Form v2","floor":8},{"not_picked":["Finisher","Expertise","Acrobatics"],"picked":"SKIP","floor":10},{"not_picked":["Dagger Spray","Bane"],"picked":"Prepared","floor":12},{"not_picked":["Skewer","Sucker Punch"],"picked":"Prepared","floor":13},{"not_picked":["Underhanded Strike","Eviscerate"],"picked":"Cloak And Dagger","floor":14},{"not_picked":["Envenom","Doppelganger"],"picked":"After Image","floor":16},{"not_picked":["Doppelganger+1","Leg Sweep+1"],"picked":"Acrobatics+1","floor":18},{"not_picked":["Caltrops","Dodge and Roll+1"],"picked":"Noxious Fumes","floor":19},{"not_picked":["Outmaneuver+1","Terror+1","Slice"],"picked":"SKIP","floor":21},{"not_picked":["Finisher","Deadly Poison+1"],"picked":"Catalyst+1","floor":24},{"not_picked":["Flying Knee","Noxious Fumes"],"picked":"Deadly Poison+1","floor":28},{"not_picked":["Accuracy+1","Skewer"],"picked":"Infinite Blades+1","floor":30},{"not_picked":["Endless Agony","Dodge and Roll+1"],"picked":"Escape Plan+1","floor":31},{"not_picked":["Tools of the Trade+1","Grand Finale"],"picked":"Corpse Explosion+1","floor":33},{"not_picked":["Cloak And Dagger+1","Outmaneuver+1"],"picked":"Catalyst+1","floor":34},{"not_picked":["Masterful Stab+1","Slice+1","Dodge and Roll+1"],"picked":"SKIP","floor":35},{"not_picked":["Masterful Stab","Flying Knee+1"],"picked":"Caltrops+1","floor":36},{"not_picked":["Dagger Throw+1","Catalyst+1","Accuracy+1"],"picked":"SKIP","floor":39},{"not_picked":["Eviscerate","Masterful Stab+1","Unload"],"picked":"SKIP","floor":40},{"not_picked":["Cloak And Dagger+1","Deflect+1"],"picked":"Prepared+1","floor":41},{"not_picked":["Dodge and Roll+1","Backflip+1"],"picked":"Acrobatics+1","floor":42},{"not_picked":["Blade Dance+1","Finisher+1"],"picked":"Wraith Form v2+1","floor":44},{"not_picked":["Backflip+1","Sucker Punch","Deadly Poison+1"],"picked":"SKIP","floor":45},{"not_picked":["PiercingWail+1","Dagger Spray"],"picked":"Calculated Gamble+1","floor":46},{"not_picked":["Terror+1","Outmaneuver+1","Acrobatics+1"],"picked":"SKIP","floor":48},{"not_picked":["All Out Attack","Terror+1","Well Laid Plans+1"],"picked":"SKIP","floor":55}],"player_experience":601533,"relics_obtained":[{"floor":6,"key":"Du-Vu Doll"},{"floor":8,"key":"Vajra"},{"floor":9,"key":"Tough Bandages"},{"floor":17,"key":"Centennial Puzzle"},{"floor":17,"key":"Toxic Egg 2"},{"floor":17,"key":"Thread and Needle"},{"floor":24,"key":"Art of War"},{"floor":26,"key":"Kunai"},{"floor":28,"key":"Gremlin Horn"},{"floor":30,"key":"StoneCalendar"},{"floor":40,"key":"Orichalcum"},{"floor":42,"key":"Blue Candle"},{"floor":43,"key":"Anchor"},{"floor":44,"key":"Unceasing Top"},{"floor":55,"key":"Nunchaku"}],"event_choices":[{"cards_removed":["Strike_G"],"damage_healed":0,"gold_gain":0,"player_choice":"Card Removal","damage_taken":7,"max_hp_gain":0,"max_hp_loss":0,"event_name":"Golden Wing","floor":2,"gold_loss":0},{"damage_healed":0,"gold_gain":150,"player_choice":"AGREE","damage_taken":0,"max_hp_gain":0,"max_hp_loss":0,"event_name":"Liars Game","floor":4,"gold_loss":0,"cards_obtained":["Doubt"]},{"damage_healed":0,"gold_gain":0,"player_choice":"Bought 1 Potion","damage_taken":0,"max_hp_gain":0,"max_hp_loss":0,"event_name":"The Woman in Blue","floor":5,"gold_loss":0},{"cards_removed":["Pain"],"damage_healed":0,"gold_gain":0,"player_choice":"Elegance","damage_taken":0,"max_hp_gain":0,"max_hp_loss":0,"event_name":"Back to Basics","floor":20,"gold_loss":0},{"damage_healed":0,"gold_gain":0,"player_choice":"Read","damage_taken":0,"max_hp_gain":0,"max_hp_loss":0,"event_name":"The Library","floor":22,"gold_loss":0,"cards_obtained":["Catalyst"]},{"damage_healed":0,"gold_gain":0,"player_choice":"Copied","damage_taken":0,"max_hp_gain":0,"max_hp_loss":0,"event_name":"Duplicator","floor":37,"gold_loss":0,"cards_obtained":["Wraith Form v2"]}],"is_beta":false,"boss_relics":[{"not_picked":["WristBlade","Eternal Feather"],"picked":"Calling Bell"},{"not_picked":["Lizard Tail","Snecko Eye"],"picked":"Tiny House"}],"items_purged_floors":[29,38,47],"is_endless":false,"potions_floor_spawned":[1,3,13,14,16,19,28,35,39,42,44,46,55],"ascension_level":20}