{"gold_per_floor":[112,131,144,69,69,69,88,104,130,176,188,216,228,260,272,387,399,425,437,364,389,361,373,405,417,454,484,515,540,552,15,15,15],"floor_reached":33,"playtime":3024,"items_purged":["Strike_G","Strike_G"],"score":276,"play_id":"505743f4-e0a9-4380-bce1-57113bb3fd6d","local_time":"20190815003236","is_ascension_mode":false,"campfire_choices":[{"data":"Poisoned Stab","floor":6,"key":"SMITH"},{"floor":11,"key":"REST"},{"data":"PiercingWail","floor":15,"key":"SMITH"},{"floor":23,"key":"REST"},{"floor":25,"key":"REST"},{"floor":32,"key":"REST"}],"neow_cost":"NONE","seed_source_timestamp":50643124217558,"circlet_count":0,"master_deck":["Strike_G+1","Strike_G","Defend_G","Defend_G","Defend_G","Defend_G","Defend_G+1","Survivor","Neutralize","Poisoned Stab","Poisoned Stab+1","Dagger Spray+1","PiercingWail+1","Poisoned Stab","Night Terror","Flying Knee+1","Backflip","Deflect","Backstab+1","Backflip","Poisoned Stab+1","Die Die Die"],"relics":["Ring of the Snake","Oddly Smooth Stone","MawBank","Happy Flower","Black Star","MutagenicStrength","Dream Catcher","Whetstone","Ice Cream"],"potions_floor_usage":[16,16,27,27,33],"damage_taken":[{"damage":0,"enemies":"Cultist","floor":1,"turns":4},{"damage":0,"enemies":"Small Slimes","floor":2,"turns":3},{"damage":0,"enemies":"2 Louse","floor":3,"turns":3},{"damage":0,"enemies":"2 Fungi Beasts","floor":7,"turns":3},{"damage":0,"enemies":"Red Slaver","floor":8,"turns":4},{"damage":22,"enemies":"Gremlin Nob","floor":10,"turns":5},{"damage":5,"enemies":"Large Slime","floor":12,"turns":6},{"damage":1,"enemies":"Looter","floor":14,"turns":3},{"damage":35,"enemies":"The Guardian","floor":16,"turns":9},{"damage":28,"enemies":"Spheric Guardian","floor":18,"turns":5},{"damage":4,"enemies":"3 Byrds","floor":21,"turns":5},{"damage":8,"enemies":"Centurion and Healer","floor":24,"turns":7},{"damage":9,"enemies":"Cultist and Chosen","floor":27,"turns":7},{"damage":12,"enemies":"Chosen and Byrds","floor":28,"turns":8},{"damage":7,"enemies":"Snecko","floor":29,"turns":4},{"damage":89,"enemies":"Collector","floor":33,"turns":5}],"seed_played":"3742305744547522175","potions_obtained":[{"floor":2,"key":"Dexterity Potion"},{"floor":12,"key":"GamblersBrew"},{"floor":14,"key":"Energy Potion"},{"floor":18,"key":"Weak Potion"},{"floor":21,"key":"Block Potion"}],"is_trial":false,"path_per_floor":["M","M","M","$","?","R","M","M","T","E","R","M","?","M","R","B",null,"M","?","?","M","?","R","M","R","T","M","M","M","?","$","R","B"],"character_chosen":"THE_SILENT","items_purchased":["Ice Cream","Die Die Die"],"campfire_rested":4,"item_purchase_floors":[31,31],"current_hp_per_floor":[70,70,70,70,70,70,70,70,70,48,69,64,64,63,63,28,70,42,42,42,38,38,59,51,70,70,61,49,42,42,42,63,0],"gold":15,"neow_bonus":"RANDOM_COMMON_RELIC","is_prod":false,"is_daily":false,"chose_seed":false,"campfire_upgraded":2,"win_rate":0.0,"timestamp":1565818356,"path_taken":["M","M","M","$","?","R","M","M","T","E","R","M","?","M","R","BOSS","M","?","?","M","?","R","M","R","T","M","?","M","?","$","R","BOSS"],"build_version":"2019-07-17","purchased_purges":2,"victory":false,"max_hp_per_floor":[70,70,70,70,70,70,70,70,70,70,70,70,70,70,70,70,70,70,70,70,70,70,70,70,70,70,70,70,70,70,70,70,70],"card_choices":[{"not_picked":["Dagger Throw","Deflect"],"picked":"Poisoned Stab","floor":1},{"not_picked":["Distraction","Deflect"],"picked":"Poisoned Stab","floor":2},{"not_picked":["Blade Dance","Prepared","Backflip"],"picked":"SKIP","floor":3},{"not_picked":["Tactician","Blade Dance"],"picked":"Dagger Spray","floor":7},{"not_picked":["Sucker Punch","Dagger Throw","Flying Knee"],"picked":"SKIP","floor":8},{"not_picked":["Predator","Doppelganger"],"picked":"PiercingWail","floor":10},{"not_picked":["Acrobatics","Sucker Punch"],"picked":"Poisoned Stab","floor":12},{"not_picked":["PiercingWail","Escape Plan","Underhanded Strike"],"picked":"SKIP","floor":14},{"not_picked":["Malaise","Wraith Form v2"],"picked":"Night Terror","floor":16},{"not_picked":["Dagger Throw","Footwork"],"picked":"Flying Knee+1","floor":18},{"not_picked":["Leg Sweep+1","Finisher+1"],"picked":"Backflip","floor":21},{"not_picked":["Bullet Time","Acrobatics+1"],"picked":"Deflect","floor":23},{"not_picked":["Heel Hook+1","Quick Slash","Endless Agony"],"picked":"SKIP","floor":24},{"not_picked":["Quick Slash","Choke"],"picked":"Backstab","floor":25},{"not_picked":["Dodge and Roll","Quick Slash"],"picked":"Backflip","floor":27},{"not_picked":["Dagger Throw","Blur","Prepared"],"picked":"SKIP","floor":28},{"not_picked":["Acrobatics","Dagger Throw+1"],"picked":"Poisoned Stab+1","floor":29}],"player_experience":18633,"relics_obtained":[{"floor":9,"key":"MawBank"},{"floor":10,"key":"Happy Flower"},{"floor":26,"key":"Whetstone"}],"event_choices":[{"cards_removed":["Strike_G"],"damage_healed":0,"gold_gain":0,"player_choice":"Forget","damage_taken":0,"max_hp_gain":0,"max_hp_loss":0,"event_name":"Living Wall","floor":5,"gold_loss":0},{"damage_healed":0,"gold_gain":0,"player_choice":"Ignored","damage_taken":0,"max_hp_gain":0,"max_hp_loss":0,"event_name":"Golden Wing","floor":13,"gold_loss":0},{"damage_healed":0,"gold_gain":0,"player_choice":"Inject Mutagens","damage_taken":0,"relics_obtained":["MutagenicStrength"],"max_hp_gain":0,"max_hp_loss":0,"event_name":"Drug Dealer","floor":19,"gold_loss":0},{"damage_healed":0,"gold_gain":0,"player_choice":"Obtained Relic","damage_taken":0,"relics_obtained":["Dream Catcher"],"max_hp_gain":0,"max_hp_loss":0,"event_name":"Addict","floor":20,"gold_loss":85},{"damage_healed":0,"gold_gain":0,"player_choice":"Upgraded Two","damage_taken":0,"max_hp_gain":0,"max_hp_loss":0,"event_name":"Designer","floor":22,"gold_loss":40,"cards_upgraded":["Defend_G","Dagger Spray"]},{"damage_healed":0,"gold_gain":0,"player_choice":"Ignored","damage_taken":0,"max_hp_gain":0,"max_hp_loss":0,"event_name":"The Mausoleum","floor":30,"gold_loss":0}],"is_beta":false,"boss_relics":[{"not_picked":["Cursed Key","White Beast Statue"],"picked":"Black Star"}],"items_purged_floors":[4,31],"is_endless":false,"potions_floor_spawned":[2,12,14,18,21],"killed_by":"Collector","ascension_level":0}