{"gold_per_floor":[113,288,13,24,42,42,52,52,124,158,187,199,6,81,81,81],"floor_reached":16,"playtime":574,"items_purged":["Doubt","Strike_G"],"score":100,"play_id":"04c881b9-6f89-476e-b0b4-5c39113878bc","local_time":"20190808154604","is_ascension_mode":false,"campfire_choices":[{"data":"Backstab","floor":6,"key":"SMITH"},{"floor":12,"key":"REST"},{"floor":15,"key":"REST"}],"neow_cost":"NONE","seed_source_timestamp":296129299462344,"circlet_count":0,"master_deck":["Strike_G","Strike_G","Strike_G","Defend_G","Defend_G","Defend_G","Defend_G","Defend_G","Survivor","Neutralize","Backstab+1","Escape Plan","Deflect","Cloak And Dagger","Expertise","Cloak And Dagger","Cloak And Dagger","Infinite Blades"],"relics":["Ring of the Snake","NeowsBlessing","MealTicket","Matryoshka","MawBank"],"potions_floor_usage":[7,10],"damage_taken":[{"damage":0,"enemies":"2 Louse","floor":1,"turns":1},{"damage":0,"enemies":"Small Slimes","floor":4,"turns":1},{"damage":0,"enemies":"Cultist","floor":5,"turns":1},{"damage":9,"enemies":"Exordium Thugs","floor":7,"turns":3},{"damage":47,"enemies":"Lagavulin","floor":10,"turns":10},{"damage":0,"enemies":"2 Fungi Beasts","floor":11,"turns":3},{"damage":49,"enemies":"The Guardian","floor":16,"turns":23}],"seed_played":"2731175992857070681","potions_obtained":[{"floor":1,"key":"SkillPotion"},{"floor":5,"key":"FearPotion"}],"is_trial":false,"path_per_floor":["M","?","$","M","M","R","M","?","T","E","M","R","$","?","R","B"],"character_chosen":"THE_SILENT","items_purchased":["MealTicket","Cloak And Dagger","Infinite Blades"],"campfire_rested":2,"item_purchase_floors":[3,13,13],"current_hp_per_floor":[70,70,70,70,70,70,61,61,61,14,14,35,50,39,60,11],"gold":81,"neow_bonus":"THREE_ENEMY_KILL","is_prod":false,"is_daily":false,"chose_seed":false,"campfire_upgraded":1,"win_rate":0,"timestamp":1565250364,"path_taken":["M","?","$","M","M","R","M","?","T","E","?","R","$","?","R","BOSS"],"build_version":"2019-07-17","purchased_purges":2,"victory":false,"max_hp_per_floor":[70,70,70,70,70,70,70,70,70,70,70,70,70,70,70,70],"card_choices":[{"not_picked":["Dodge and Roll","Cloak And Dagger"],"picked":"Backstab","floor":1},{"not_picked":["Leg Sweep","Bane"],"picked":"Escape Plan","floor":4},{"not_picked":["Outmaneuver","Heel Hook"],"picked":"Deflect","floor":5},{"not_picked":["Flying Knee","Bane"],"picked":"Cloak And Dagger","floor":7},{"not_picked":["Flechettes","Choke"],"picked":"Cloak And Dagger","floor":10},{"not_picked":["Endless Agony","Poisoned Stab","Distraction"],"picked":"SKIP","floor":11}],"player_experience":140015,"relics_obtained":[{"floor":9,"key":"Matryoshka"},{"floor":10,"key":"MawBank"}],"event_choices":[{"damage_healed":0,"gold_gain":175,"player_choice":"AGREE","damage_taken":0,"max_hp_gain":0,"max_hp_loss":0,"event_name":"Liars Game","floor":2,"gold_loss":0,"cards_obtained":["Doubt"]},{"damage_healed":0,"gold_gain":0,"cards_transformed":["Strike_G"],"player_choice":"Transformed","damage_taken":0,"max_hp_gain":0,"max_hp_loss":0,"event_name":"Transmorgrifier","floor":8,"gold_loss":0,"cards_obtained":["Expertise"]},{"damage_healed":0,"gold_gain":75,"player_choice":"Gather Gold","damage_taken":11,"max_hp_gain":0,"max_hp_loss":0,"event_name":"World of Goop","floor":14,"gold_loss":0}],"is_beta":false,"boss_relics":[],"items_purged_floors":[3,13],"is_endless":false,"potions_floor_spawned":[1,5],"killed_by":"The Guardian","ascension_level":0}