{"gold_per_floor":[114,114,134,146,74,74,103,9,9,43,43,56,69,89,89,190,190,203,173,3,15,28,28],"floor_reached":23,"playtime":1354,"items_purged":["Strike_R"],"score":213,"play_id":"48b77d80-4acc-499b-9dc9-047e2e818081","local_time":"20190418230019","is_ascension_mode":true,"campfire_choices":[{"data":"Warcry","floor":6,"key":"SMITH"},{"data":"Battle Trance","floor":11,"key":"SMITH"},{"data":"True Grit","floor":15,"key":"SMITH"}],"neow_cost":"NONE","seed_source_timestamp":216391665800438,"circlet_count":0,"master_deck":["Strike_R","Strike_R","Strike_R","Strike_R","Defend_R","Defend_R+1","Defend_R+1","Defend_R","Bash","Inflame","Bash","Iron Wave","Feel No Pain","Warcry+1","Perfected Strike","Battle Trance+1","True Grit+1","Warcry","Anger","Armaments","Clash","Limit Break","Shame","Flex","Flash of Steel","Barricade+1"],"relics":["Burning Blood","War Paint","Sundial","Omamori","Pen Nib","Calling Bell","Art of War","Frozen Egg 2","Pocketwatch"],"potions_floor_usage":[7,14,14,21,21],"damage_taken":[{"damage":0,"enemies":"2 Louse","floor":1,"turns":3},{"damage":1,"enemies":"Cultist","floor":3,"turns":4},{"damage":7,"enemies":"Jaw Worm","floor":4,"turns":4},{"damage":12,"enemies":"3 Sentries","floor":7,"turns":7},{"damage":36,"enemies":"Lagavulin","floor":10,"turns":8},{"damage":18,"enemies":"Exordium Wildlife","floor":12,"turns":4},{"damage":1,"enemies":"Looter","floor":13,"turns":4},{"damage":0,"enemies":"Gremlin Gang","floor":14,"turns":4},{"damage":30,"enemies":"Hexaghost","floor":16,"turns":10},{"damage":22,"enemies":"3 Byrds","floor":18,"turns":8},{"damage":13,"enemies":"Shell Parasite","floor":21,"turns":5},{"damage":20,"enemies":"Centurion and Healer","floor":22,"turns":6},{"damage":48,"enemies":"3 Cultists","floor":23,"turns":5}],"seed_played":"3459354815582221429","potions_obtained":[{"floor":1,"key":"PowerPotion"},{"floor":3,"key":"Fire Potion"},{"floor":4,"key":"SpeedPotion"},{"floor":12,"key":"Block Potion"},{"floor":19,"key":"SneckoOil"},{"floor":19,"key":"Explosive Potion"}],"is_trial":false,"path_per_floor":["M","?","M","M","$","R","E","$","T","E","R","M","M","M","R","B",null,"M","?","$","M","M","M"],"character_chosen":"IRONCLAD","items_purchased":["Warcry","Perfected Strike","True Grit","Warcry","Flash of Steel"],"campfire_rested":0,"item_purchase_floors":[5,5,8,8,20],"current_hp_per_floor":[80,80,80,79,79,79,73,73,73,43,43,31,36,42,42,18,80,64,64,64,57,43,0],"gold":28,"neow_bonus":"RANDOM_COMMON_RELIC","is_prod":false,"is_daily":false,"chose_seed":false,"campfire_upgraded":3,"win_rate":0,"timestamp":1555599619,"path_taken":["M","?","M","M","$","R","E","$","T","E","R","M","M","?","R","BOSS","M","?","?","M","M","M"],"build_version":"2019-01-23","purchased_purges":1,"victory":false,"max_hp_per_floor":[80,80,80,80,80,80,80,80,80,80,80,80,80,80,80,80,80,80,80,80,80,80,80],"card_choices":[{"not_picked":["Hemokinesis","Body Slam"],"picked":"Inflame","floor":1},{"not_picked":["Disarm","Pommel Strike"],"picked":"Iron Wave","floor":3},{"not_picked":["Disarm","Body Slam"],"picked":"Feel No Pain","floor":4},{"not_picked":["Immolate","Rage"],"picked":"Battle Trance","floor":7},{"not_picked":["Wild Strike","Twin Strike"],"picked":"Anger","floor":10},{"not_picked":["Pommel Strike","Intimidate"],"picked":"Armaments","floor":12},{"not_picked":["Burning Pact","Headbutt","Perfected Strike"],"picked":"SKIP","floor":13},{"not_picked":["Evolve","Thunderclap"],"picked":"Clash","floor":14},{"not_picked":["Double Tap","Exhume"],"picked":"Limit Break","floor":16},{"not_picked":["Headbutt","Anger"],"picked":"Flex","floor":18},{"not_picked":["Spot Weakness","True Grit","Headbutt"],"picked":"SKIP","floor":21},{"not_picked":["True Grit","Heavy Blade"],"picked":"Barricade+1","floor":22}],"player_experience":70365,"relics_obtained":[{"floor":7,"key":"Sundial"},{"floor":9,"key":"Omamori"},{"floor":10,"key":"Pen Nib"},{"floor":17,"key":"Art of War"},{"floor":17,"key":"Frozen Egg 2"},{"floor":17,"key":"Pocketwatch"}],"event_choices":[{"damage_healed":0,"gold_gain":0,"player_choice":"1 cards matched","damage_taken":0,"max_hp_gain":0,"max_hp_loss":0,"event_name":"Match and Keep!","floor":2,"gold_loss":0,"cards_obtained":["Bash"]},{"damage_healed":0,"gold_gain":0,"player_choice":"Bought 2 Potions","damage_taken":0,"max_hp_gain":0,"max_hp_loss":0,"event_name":"The Woman in Blue","floor":19,"gold_loss":0}],"is_beta":false,"boss_relics":[{"not_picked":["Astrolabe","Runic Dome"],"picked":"Calling Bell"}],"items_purged_floors":[20],"is_endless":false,"potions_floor_spawned":[1,3,4,12],"killed_by":"3 Cultists","ascension_level":1}