{"gold_per_floor":[117,129,2,18,34,65,65,75,75,350,364,65,65,82,82,177,177,188,203,1,1,20,47,47,147,147,0,0,14,14,27,27,125,125,140,140,154,154,154,154,164,179,253,266,279,16,34,34,34,34],"floor_reached":51,"playtime":7430,"items_purged":["Strike_G","Defend_G"],"score":798,"play_id":"5a3b74d1-578c-40de-9f9b-42452a5c4af6","local_time":"20181123232156","is_ascension_mode":true,"campfire_choices":[{"floor":13.0,"key":"REST"},{"data":"Dash","floor":15.0,"key":"SMITH"},{"data":"Cloak And Dagger","floor":24.0,"key":"SMITH"},{"data":"Venomology","floor":28.0,"key":"SMITH"},{"data":"Leg Sweep","floor":32.0,"key":"SMITH"},{"data":"Footwork","floor":40,"key":"SMITH"},{"data":"Footwork","floor":49,"key":"SMITH"}],"neow_cost":"NONE","seed_source_timestamp":0,"circlet_count":0,"master_deck":["Defend_G","Defend_G","Defend_G","Strike_G","Strike_G","Strike_G","Strike_G","Survivor","Neutralize","Acrobatics","Dash+1","Cloak And Dagger+1","Expertise","Deflect","Venomology+1","Caltrops","Burst","Predator","Dagger Throw","Footwork+1","Night Terror","Backstab","Terror+1","Sucker Punch","Predator","Cloak And Dagger","Dash","Dodge and Roll+1","Setup","Leg Sweep+1","Prepared+1","Adrenaline","Deflect+1","Footwork+1","Well Laid Plans+1","Glass Knife","Backstab","PiercingWail+1","Well Laid Plans","Noxious Fumes","Blur"],"special_seed":0,"relics":["Ring of the Snake","Pen Nib","Matryoshka","Turnip","Coffee Dripper","Oddly Smooth Stone","Blue Candle","Prayer Wheel","Mummified Hand","Bottled Tornado","Paper Crane","Philosopher\u0027s Stone","Dream Catcher","Darkstone Periapt"],"potions_floor_usage":[33,33,37,41,44,47,50,50,50],"damage_taken":[{"damage":0.0,"enemies":"Cultist","floor":1.0,"turns":3.0},{"damage":1.0,"enemies":"Jaw Worm","floor":2.0,"turns":6.0},{"damage":0.0,"enemies":"2 Louse","floor":4.0,"turns":3.0},{"damage":2.0,"enemies":"Red Slaver","floor":5.0,"turns":5.0},{"damage":45.0,"enemies":"Gremlin Nob","floor":6.0,"turns":7.0},{"damage":25.0,"enemies":"Exordium Wildlife","floor":8.0,"turns":6.0},{"damage":9.0,"enemies":"Gremlin Gang","floor":11.0,"turns":6.0},{"damage":7.0,"enemies":"2 Fungi Beasts","floor":14.0,"turns":8.0},{"damage":24.0,"enemies":"The Guardian","floor":16.0,"turns":14.0},{"damage":2.0,"enemies":"Shell Parasite","floor":18.0,"turns":8.0},{"damage":18.0,"enemies":"Chosen","floor":19.0,"turns":6.0},{"damage":5.0,"enemies":"Shelled Parasite and Fungi","floor":22.0,"turns":6.0},{"damage":21.0,"enemies":"Book of Stabbing","floor":23.0,"turns":8.0},{"damage":1.0,"enemies":"Colosseum Slavers","floor":25.0,"turns":4.0},{"damage":33.0,"enemies":"Colosseum Nobs","floor":25.0,"turns":5.0},{"damage":1.0,"enemies":"Cultist and Chosen","floor":29.0,"turns":6.0},{"damage":1.0,"enemies":"Snake Plant","floor":31.0,"turns":5.0},{"damage":13,"enemies":"Champ","floor":33,"turns":25},{"damage":5,"enemies":"Orb Walker","floor":35,"turns":3},{"damage":0,"enemies":"3 Darklings","floor":37,"turns":7},{"damage":2,"enemies":"Transient","floor":41,"turns":5},{"damage":1,"enemies":"Spire Growth","floor":42,"turns":4},{"damage":1,"enemies":"4 Shapes","floor":44,"turns":5},{"damage":6,"enemies":"Writhing Mass","floor":45,"turns":9},{"damage":21,"enemies":"3 Darklings","floor":47,"turns":5},{"damage":26,"enemies":"Donu and Deca","floor":50,"turns":11}],"seed_played":"6823979511020298365","potions_obtained":[{"floor":0.0,"key":"SkillPotion"},{"floor":0.0,"key":"Fruit Juice"},{"floor":0.0,"key":"EntropicBrew"},{"floor":4.0,"key":"GhostInAJar"},{"floor":6.0,"key":"Regen Potion"},{"floor":14.0,"key":"SteroidPotion"},{"floor":31.0,"key":"SpeedPotion"},{"floor":41,"key":"LiquidBronze"},{"floor":47,"key":"Strength Potion"}],"is_trial":false,"path_per_floor":["M","M","$","M","M","E","?","M","T","?","M","$","R","M","R","B",null,"M","M","$","?","M","E","R","?","T","?","R","M","?","M","R","B",null,"M","?","M","?","?","R","M","M","T","M","M","$","M","?","R","B",null],"character_chosen":"THE_SILENT","items_purchased":["Cloak And Dagger","Turnip","Oddly Smooth Stone","Sucker Punch","Noxious Fumes","Blur","Dexterity Potion"],"campfire_rested":1,"item_purchase_floors":[3,12,20,20,46,46,46],"current_hp_per_floor":[75,74,74,74,72,27,27,17,17,17,8,8,30,72,72,48,75,73,55,55,55,50,29,29,9,9,9,9,8,8,19,19,6,75,70,70,70,70,70,70,68,67,67,66,66,66,45,45,45,19],"gold":34,"neow_bonus":"THREE_SMALL_POTIONS","is_prod":false,"is_daily":false,"chose_seed":false,"campfire_upgraded":6,"win_rate":0,"timestamp":1543036916,"path_taken":["M","M","?","M","M","E","?","?","T","?","?","$","R","M","R","BOSS","M","M","$","?","?","E","R","?","T","?","R","M","?","M","R","BOSS","M","?","M","?","?","R","?","M","T","M","M","$","M","?","R","BOSS"],"build_version":"2018-11-15","purchased_purges":2,"victory":true,"max_hp_per_floor":[75,75,75,75,75,75,75,75,75,75,75,75,75,75,75,75,75,75,75,75,75,75,75,75,75,75,75,75,75,75,75,75,75,75,75,75,75,75,75,75,75,75,75,75,81,81,81,78,78,78],"card_choices":[{"not_picked":["Outmaneuver","Flying Knee"],"picked":"Acrobatics","floor":1.0},{"not_picked":["Outmaneuver","Masterful Stab"],"picked":"Dash","floor":2.0},{"not_picked":["Flying Knee","Prepared"],"picked":"Expertise","floor":4.0},{"not_picked":["Quick Slash","Dagger Throw"],"picked":"Deflect","floor":5.0},{"not_picked":["Bane","Endless Agony"],"picked":"Venomology","floor":6.0},{"not_picked":["Sucker Punch","Outmaneuver"],"picked":"Predator","floor":8.0},{"not_picked":["Riddle With Holes","Quick Slash"],"picked":"Dagger Throw","floor":11.0},{"not_picked":["Heel Hook","Dash"],"picked":"Footwork","floor":14.0},{"not_picked":["Grand Finale","Burst"],"picked":"Night Terror","floor":16.0},{"not_picked":["Underhanded Strike+1","Dagger Throw"],"picked":"Backstab","floor":18.0},{"not_picked":["Dagger Throw","Outmaneuver"],"picked":"Terror+1","floor":19.0},{"not_picked":["Choke","Blade Dance","Bane"],"picked":"SKIP","floor":22.0},{"not_picked":["Dagger Throw+1","Quick Slash"],"picked":"Cloak And Dagger","floor":23.0},{"not_picked":["Infinite Blades","Slice+1"],"picked":"Dash","floor":25.0},{"not_picked":["Terror","Backflip"],"picked":"Dodge and Roll+1","floor":29.0},{"not_picked":["Envenom","Terror"],"picked":"Setup","floor":29.0},{"not_picked":["Sucker Punch","All Out Attack"],"picked":"Leg Sweep","floor":31.0},{"not_picked":["Dodge and Roll","Eviscerate"],"picked":"Prepared+1","floor":31.0},{"not_picked":["Unload","Doppelganger"],"picked":"Adrenaline","floor":33},{"not_picked":["Dagger Throw","Concentrate+1"],"picked":"Deflect+1","floor":35},{"not_picked":["Backstab","Dodge and Roll+1"],"picked":"Footwork","floor":35},{"not_picked":["Flechettes+1","Slice"],"picked":"Well Laid Plans+1","floor":37},{"not_picked":["Poisoned Stab+1","Well Laid Plans+1"],"picked":"Glass Knife","floor":37},{"not_picked":["Dodge and Roll","Distraction+1","Quick Slash+1"],"picked":"SKIP","floor":41},{"not_picked":["Outmaneuver+1","Endless Agony","Slice+1"],"picked":"SKIP","floor":41},{"not_picked":["Backflip","Setup"],"picked":"Backstab","floor":42},{"not_picked":["All Out Attack","Underhanded Strike+1","Quick Slash"],"picked":"SKIP","floor":42},{"not_picked":["Reflex","Underhanded Strike+1"],"picked":"PiercingWail+1","floor":44},{"not_picked":["Bane+1","Doppelganger","Catalyst+1"],"picked":"SKIP","floor":44},{"not_picked":["Cloak And Dagger+1","Backflip+1"],"picked":"Well Laid Plans","floor":45},{"not_picked":["Acrobatics+1","Cloak And Dagger","Heel Hook+1"],"picked":"SKIP","floor":45},{"not_picked":["Quick Slash","Riddle With Holes","Eviscerate"],"picked":"SKIP","floor":47},{"not_picked":["Heel Hook+1","Blade Dance","Grand Finale"],"picked":"SKIP","floor":47}],"player_experience":293137,"relics_obtained":[{"floor":6.0,"key":"Pen Nib"},{"floor":9.0,"key":"Matryoshka"},{"floor":23.0,"key":"Blue Candle"},{"floor":25.0,"key":"Prayer Wheel"},{"floor":25.0,"key":"Mummified Hand"},{"floor":26.0,"key":"Bottled Tornado"},{"floor":26.0,"key":"Paper Crane"},{"floor":43,"key":"Dream Catcher"},{"floor":43,"key":"Darkstone Periapt"}],"event_choices":[{"damage_healed":0.0,"max_hp_gain":0.0,"max_hp_loss":0.0,"gold_gain":0.0,"event_name":"Match and Keep!","player_choice":"2 cards matched","floor":7.0,"gold_loss":0.0,"damage_taken":0.0,"cards_obtained":["Caltrops","Burst"]},{"damage_healed":0.0,"max_hp_gain":0.0,"max_hp_loss":0.0,"gold_gain":275.0,"event_name":"Golden Shrine","player_choice":"Desecrate","floor":10.0,"gold_loss":0.0,"damage_taken":0.0,"cards_obtained":["Regret"]},{"damage_healed":0.0,"max_hp_gain":0.0,"max_hp_loss":0.0,"gold_gain":0.0,"event_name":"Match and Keep!","player_choice":"1 cards matched","floor":21.0,"gold_loss":0.0,"damage_taken":0.0,"cards_obtained":["Predator"]},{"damage_healed":0.0,"max_hp_gain":0.0,"max_hp_loss":0.0,"gold_gain":0.0,"event_name":"Colosseum","player_choice":"Fight","floor":25.0,"gold_loss":0.0,"damage_taken":0.0},{"damage_healed":0.0,"max_hp_gain":0.0,"max_hp_loss":0.0,"gold_gain":0.0,"event_name":"Colosseum","player_choice":"Fought Nobs","floor":25.0,"gold_loss":0.0,"damage_taken":0.0},{"damage_healed":0.0,"max_hp_gain":0.0,"max_hp_loss":0.0,"gold_gain":0.0,"event_name":"Masked Bandits","player_choice":"Paid Fearfully","floor":27.0,"gold_loss":147.0,"damage_taken":0.0},{"damage_healed":0.0,"max_hp_gain":0.0,"max_hp_loss":0.0,"gold_gain":0.0,"event_name":"Forgotten Altar","player_choice":"Smashed Altar","floor":30.0,"gold_loss":0.0,"damage_taken":0.0,"cards_obtained":["Decay"]},{"damage_healed":0,"gold_gain":0,"player_choice":"Ignored","damage_taken":0,"max_hp_gain":0,"max_hp_loss":0,"event_name":"Tomb of Lord Red Mask","floor":36,"gold_loss":0},{"cards_removed":["Defend_G"],"damage_healed":0,"gold_gain":0,"player_choice":"Removed Skill","damage_taken":0,"max_hp_gain":0,"max_hp_loss":0,"event_name":"Falling","floor":38,"gold_loss":0},{"damage_healed":0,"gold_gain":0,"player_choice":"Ignored","damage_taken":0,"max_hp_gain":0,"max_hp_loss":0,"event_name":"SecretPortal","floor":39,"gold_loss":0},{"cards_removed":["Parasite","Decay","Regret"],"damage_healed":0,"gold_gain":0,"player_choice":"Removed Curses","damage_taken":0,"max_hp_gain":0,"max_hp_loss":0,"event_name":"Fountain of Cleansing","floor":48,"gold_loss":0}],"is_beta":false,"boss_relics":[{"not_picked":["Fusion Hammer","Cursed Key"],"picked":"Coffee Dripper"},{"not_picked":["Sozu","HoveringKite"],"picked":"Philosopher\u0027s Stone"}],"items_purged_floors":[3,46],"is_endless":false,"potions_floor_spawned":[4,6,11,14,25,31,41,44,45,47],"ascension_level":4}