{"gold_per_floor":[109,109,125,136,156,156,186,186,213,227,242,13,13,13],"floor_reached":14,"playtime":527,"items_purged":[],"score":184,"play_id":"aafc0f09-3238-4dc5-8e3f-1828d4b221a6","local_time":"20190824090047","is_ascension_mode":true,"campfire_choices":[{"data":"Defragment","floor":6,"key":"SMITH"},{"floor":8,"key":"REST"}],"neow_cost":"NONE","seed_source_timestamp":214869051959817,"circlet_count":0,"master_deck":["AscendersBane","Strike_B","Strike_B","Strike_B","Strike_B","Defend_B","Defend_B","Defend_B","Defend_B","Zap+1","Dualcast","Chill","Conserve Battery","Defragment+1","White Noise"],"relics":["Cracked Core","Smiling Mask","Bronze Scales","OrangePellets","Golden Idol"],"potions_floor_usage":[7],"damage_taken":[{"damage":1,"enemies":"Cultist","floor":1,"turns":4},{"damage":4,"enemies":"Small Slimes","floor":3,"turns":3},{"damage":5,"enemies":"Jaw Worm","floor":4,"turns":2},{"damage":18,"enemies":"Large Slime","floor":5,"turns":6},{"damage":8,"enemies":"3 Sentries","floor":7,"turns":5},{"damage":16,"enemies":"Lots of Slimes","floor":10,"turns":4},{"damage":0,"enemies":"Exordium Wildlife","floor":11,"turns":3},{"damage":55,"enemies":"Gremlin Nob","floor":14,"turns":4}],"seed_played":"2577183401139230697","potions_obtained":[{"floor":4,"key":"PowerPotion"},{"floor":5,"key":"Dexterity Potion"},{"floor":11,"key":"GamblersBrew"}],"is_trial":false,"path_per_floor":["M","?","M","M","M","R","E","R","T","M","M","$","?","E"],"character_chosen":"DEFECT","items_purchased":["OrangePellets"],"campfire_rested":1,"item_purchase_floors":[12],"current_hp_per_floor":[63,63,59,54,36,36,28,49,49,33,33,33,33,0],"gold":13,"neow_bonus":"UPGRADE_CARD","is_prod":false,"is_daily":false,"chose_seed":false,"campfire_upgraded":1,"win_rate":0,"timestamp":1566604847,"path_taken":["M","?","M","M","M","R","E","R","T","M","M","$","?","E"],"build_version":"2019-07-17","purchased_purges":0,"victory":false,"max_hp_per_floor":[71,71,71,71,71,71,71,71,71,71,71,71,64,64],"card_choices":[{"not_picked":["Redo","Barrage"],"picked":"Chill","floor":1},{"not_picked":["Go for the Eyes","Static Discharge"],"picked":"Conserve Battery","floor":3},{"not_picked":["Heatsinks","Redo"],"picked":"Defragment","floor":4},{"not_picked":["Steam","Gash"],"picked":"White Noise","floor":5},{"not_picked":["Barrage","Turbo","Rip and Tear"],"picked":"SKIP","floor":7},{"not_picked":["Doom and Gloom","Hologram","White Noise"],"picked":"SKIP","floor":10},{"not_picked":["Leap","Beam Cell","Sweeping Beam"],"picked":"SKIP","floor":11}],"player_experience":596793,"relics_obtained":[{"floor":7,"key":"Smiling Mask"},{"floor":9,"key":"Bronze Scales"}],"event_choices":[{"damage_healed":0,"gold_gain":0,"player_choice":"Leave","damage_taken":0,"max_hp_gain":0,"max_hp_loss":0,"event_name":"The Cleric","floor":2,"gold_loss":0},{"damage_healed":0,"gold_gain":0,"player_choice":"Lose Max HP","damage_taken":0,"relics_obtained":["Golden Idol"],"max_hp_gain":0,"max_hp_loss":7,"event_name":"Golden Idol","floor":13,"gold_loss":0}],"is_beta":false,"boss_relics":[],"items_purged_floors":[],"is_endless":false,"potions_floor_spawned":[4,5,11],"killed_by":"Gremlin Nob","ascension_level":20}