{"gold_per_floor":[113,288,34,52,52,84,84,96,96,127,127,127,127,162,162,267,267,279,204,11,26,26,26],"floor_reached":23,"playtime":1751,"items_purged":["Doubt"],"score":312,"play_id":"7dbc7d7c-68fa-41a9-9125-4b0d2ea4b91a","local_time":"20190805134150","is_ascension_mode":true,"campfire_choices":[{"data":"Armaments","floor":7.0,"key":"SMITH"},{"data":"True Grit","floor":11.0,"key":"SMITH"},{"data":"Bash","floor":13.0,"key":"SMITH"},{"floor":15.0,"key":"REST"}],"neow_cost":"NONE","seed_source_timestamp":0,"circlet_count":0,"master_deck":["Strike_R","Strike_R","Strike_R","Strike_R","Defend_R","Defend_R","Defend_R","Bash+1","Dramatic Entrance","True Grit+1","Armaments+1","Flex","Shrug It Off","Iron Wave","Battle Trance","Headbutt","Shockwave","Demon Form","Disarm","Rampage"],"special_seed":0,"relics":["Burning Blood","PreservedInsect","Sundial","Pear","Question Card","Boot","Fusion Hammer","ClockworkSouvenir"],"potions_floor_usage":[23],"damage_taken":[{"damage":6.0,"enemies":"Cultist","floor":1.0,"turns":3.0},{"damage":7.0,"enemies":"2 Louse","floor":4.0,"turns":2.0},{"damage":35.0,"enemies":"Lagavulin","floor":6.0,"turns":4.0},{"damage":2.0,"enemies":"Small Slimes","floor":8.0,"turns":3.0},{"damage":7.0,"enemies":"3 Sentries","floor":10.0,"turns":7.0},{"damage":11.0,"enemies":"Lagavulin","floor":14.0,"turns":5.0},{"damage":10.0,"enemies":"The Guardian","floor":16.0,"turns":11.0},{"damage":12,"enemies":"Shell Parasite","floor":18,"turns":6},{"damage":30,"enemies":"Spheric Guardian","floor":21,"turns":6},{"damage":61,"enemies":"Slavers","floor":23,"turns":4}],"seed_played":"-2761022105828547536","potions_obtained":[{"floor":4.0,"key":"PowerPotion"},{"floor":6.0,"key":"SkillPotion"},{"floor":10.0,"key":"AttackPotion"},{"floor":21,"key":"Poison Potion"}],"is_trial":false,"path_per_floor":["M","?","$","M","?","E","R","M","T","E","R","?","R","E","R","B",null,"M","?","$","M","$","E"],"character_chosen":"IRONCLAD","items_purchased":["PreservedInsect","Armaments","ClockworkSouvenir"],"campfire_rested":1,"item_purchase_floors":[3,3,20],"current_hp_per_floor":[72,72,72,71,76,47,47,51,61,60,60,60,60,55,83,79,91,85,85,85,61,61,0],"gold":26,"neow_bonus":"RANDOM_COLORLESS","is_prod":false,"is_daily":false,"chose_seed":false,"campfire_upgraded":3,"win_rate":0,"timestamp":1565034110,"path_taken":["M","?","$","M","?","E","R","M","T","E","R","?","R","E","R","BOSS","M","?","$","M","$","E"],"build_version":"2019-07-17","purchased_purges":1,"victory":false,"max_hp_per_floor":[80,80,80,80,85,85,85,85,95,95,95,95,95,95,95,95,95,95,95,95,95,95,95],"card_choices":[{"not_picked":["Perfected Strike","Body Slam"],"picked":"True Grit","floor":1.0},{"not_picked":["Feel No Pain","Infernal Blade"],"picked":"Flex","floor":4.0},{"not_picked":["Perfected Strike","Disarm"],"picked":"Shrug It Off","floor":6.0},{"not_picked":["Cleave","Wild Strike"],"picked":"Iron Wave","floor":8.0},{"not_picked":["Rampage","Second Wind"],"picked":"Battle Trance","floor":10.0},{"not_picked":["Headbutt","Shrug It Off","Exhume"],"picked":"Shockwave","floor":14.0},{"not_picked":["Limit Break","Juggernaut","Reaper"],"picked":"Demon Form","floor":16.0},{"not_picked":["Battle Trance","Twin Strike","Pommel Strike"],"picked":"Disarm","floor":18},{"not_picked":["Havoc","Clash","Spot Weakness"],"picked":"Rampage","floor":21}],"player_experience":2127071,"relics_obtained":[{"floor":6.0,"key":"Sundial"},{"floor":9.0,"key":"Pear"},{"floor":10.0,"key":"Question Card"},{"floor":14.0,"key":"Boot"}],"event_choices":[{"damage_healed":0.0,"max_hp_gain":0.0,"max_hp_loss":0.0,"gold_gain":175.0,"event_name":"Liars Game","player_choice":"AGREE","floor":2.0,"gold_loss":0.0,"damage_taken":0.0,"cards_obtained":["Doubt"]},{"damage_healed":0.0,"max_hp_gain":5.0,"max_hp_loss":0.0,"gold_gain":0.0,"event_name":"Big Fish","player_choice":"Donut","floor":5.0,"gold_loss":0.0,"damage_taken":0.0},{"damage_healed":0.0,"max_hp_gain":0.0,"max_hp_loss":0.0,"gold_gain":0.0,"cards_transformed":["Strike_R"],"event_name":"Transmorgrifier","player_choice":"Transformed","floor":12.0,"gold_loss":0.0,"damage_taken":0.0,"cards_obtained":["Headbutt"]},{"cards_removed":["Defend_R"],"damage_healed":0,"gold_gain":0,"player_choice":"Gave Gold","damage_taken":0,"max_hp_gain":0,"max_hp_loss":0,"event_name":"Beggar","floor":19,"gold_loss":75}],"is_beta":false,"boss_relics":[{"not_picked":["Runic Cube","Orrery"],"picked":"Fusion Hammer"}],"items_purged_floors":[3],"is_endless":false,"potions_floor_spawned":[4,6,10,21],"killed_by":"Slavers","ascension_level":8}