{"gold_per_floor":[116,127,36,54,54,54,15,15,93,120,132,132,82,82,82,187,187,206,305,305,4,24,24,41,73,73,73,73],"floor_reached":28,"playtime":965,"items_purged":["Defend_G"],"score":271,"play_id":"43d02673-cf09-4bf7-82bb-5f1bd250d165","local_time":"20190419103419","is_ascension_mode":true,"campfire_choices":[{"data":"Noxious Fumes","floor":6,"key":"SMITH"},{"data":"Bouncing Flask","floor":8,"key":"SMITH"},{"data":"Bouncing Flask","floor":12,"key":"SMITH"},{"floor":15,"key":"REST"},{"data":"Adrenaline","floor":23,"key":"SMITH"},{"floor":27,"key":"REST"}],"neow_cost":"NONE","seed_source_timestamp":258431997950861,"circlet_count":0,"master_deck":["Defend_G","Defend_G","Defend_G","Survivor","Neutralize","Deflect","Deflect","Noxious Fumes+1","Deadly Poison","Bouncing Flask+1","Bouncing Flask+1","Backflip","Slice","Adrenaline+1","Deadly Poison+1","Calculated Gamble+1","Bullet Time+1","Deflect","Backstab","Deflect"],"relics":["Ring of the Snake","Frozen Egg 2","Tingsha","Boot","Astrolabe","Blood Vial","Centennial Puzzle","Gremlin Horn"],"potions_floor_usage":[18,18,25,28],"damage_taken":[{"damage":0,"enemies":"Cultist","floor":1,"turns":3},{"damage":1,"enemies":"Jaw Worm","floor":2,"turns":7},{"damage":0,"enemies":"Small Slimes","floor":4,"turns":4},{"damage":11,"enemies":"3 Sentries","floor":10,"turns":7},{"damage":12,"enemies":"3 Louse","floor":11,"turns":4},{"damage":12,"enemies":"Slime Boss","floor":16,"turns":8},{"damage":10,"enemies":"3 Byrds","floor":18,"turns":3},{"damage":1,"enemies":"Chosen","floor":22,"turns":4},{"damage":3,"enemies":"3 Cultists","floor":24,"turns":5},{"damage":47,"enemies":"Gremlin Leader","floor":25,"turns":6},{"damage":47,"enemies":"Cultist and Chosen","floor":28,"turns":5}],"seed_played":"4308720545889845687","potions_obtained":[{"floor":4,"key":"Fire Potion"},{"floor":11,"key":"Explosive Potion"},{"floor":24,"key":"SkillPotion"},{"floor":25,"key":"Weak Potion"}],"is_trial":false,"path_per_floor":["M","M","$","M","?","R","$","R","T","E","M","R","?","?","R","B",null,"M","?","?","$","M","R","M","E","T","R","M"],"character_chosen":"THE_SILENT","items_purchased":["Noxious Fumes","Deadly Poison","Bouncing Flask","Blood Vial","Backstab"],"campfire_rested":2,"item_purchase_floors":[3,3,7,21,21],"current_hp_per_floor":[70,69,69,69,62,62,62,62,62,51,39,39,39,21,42,30,70,60,60,60,60,61,61,60,15,15,36,0],"gold":73,"neow_bonus":"THREE_CARDS","is_prod":false,"is_daily":false,"chose_seed":false,"campfire_upgraded":4,"win_rate":0,"timestamp":1555641259,"path_taken":["M","?","$","M","?","R","$","R","T","E","M","R","?","?","R","BOSS","M","?","?","$","M","R","M","E","T","R","M"],"build_version":"2019-01-23","purchased_purges":1,"victory":false,"max_hp_per_floor":[70,70,70,70,70,70,70,70,70,70,70,70,70,70,70,70,70,70,70,70,70,70,70,70,70,70,70,70],"card_choices":[{"not_picked":["Dodge and Roll","Slice"],"picked":"Deflect","floor":0},{"not_picked":["Sucker Punch","Cloak And Dagger","Accuracy"],"picked":"SKIP","floor":1},{"not_picked":["Prepared","Cloak And Dagger"],"picked":"Deflect","floor":2},{"not_picked":["Backstab","Dagger Throw"],"picked":"Bouncing Flask","floor":4},{"not_picked":["Quick Slash","Distraction"],"picked":"Backflip","floor":10},{"not_picked":["Reflex","After Image+1"],"picked":"Slice","floor":11},{"not_picked":["Doppelganger","Burst"],"picked":"Adrenaline","floor":16},{"not_picked":["Blur","Flying Knee+1"],"picked":"Deflect","floor":18},{"not_picked":["Reflex","Dodge and Roll","Accuracy+1"],"picked":"SKIP","floor":22},{"not_picked":["PiercingWail","Caltrops+1"],"picked":"Deflect","floor":24},{"not_picked":["Riddle With Holes","Dodge and Roll","Dagger Throw"],"picked":"SKIP","floor":25}],"player_experience":76268,"relics_obtained":[{"floor":9,"key":"Frozen Egg 2"},{"floor":10,"key":"Tingsha"},{"floor":25,"key":"Centennial Puzzle"},{"floor":26,"key":"Gremlin Horn"}],"event_choices":[{"cards_removed":["Strike_G"],"damage_healed":0,"gold_gain":0,"player_choice":"Card Removal","damage_taken":7,"max_hp_gain":0,"max_hp_loss":0,"event_name":"Golden Wing","floor":5,"gold_loss":0},{"cards_removed":["Defend_G"],"damage_healed":0,"gold_gain":0,"player_choice":"Card Removal","damage_taken":0,"max_hp_gain":0,"max_hp_loss":0,"event_name":"The Cleric","floor":13,"gold_loss":50},{"damage_healed":0,"gold_gain":0,"player_choice":"Success","damage_taken":18,"relics_obtained":["Boot"],"max_hp_gain":0,"max_hp_loss":0,"event_name":"Scrap Ooze","floor":14,"gold_loss":0},{"damage_healed":0,"gold_gain":99,"player_choice":"Stole From Cult","damage_taken":0,"max_hp_gain":0,"max_hp_loss":0,"event_name":"Nest","floor":19,"gold_loss":0},{"cards_removed":["Strike_G"],"damage_healed":0,"gold_gain":0,"player_choice":"Elegance","damage_taken":0,"max_hp_gain":0,"max_hp_loss":0,"event_name":"Back to Basics","floor":20,"gold_loss":0}],"is_beta":false,"boss_relics":[{"not_picked":["Eternal Feather","Calling Bell"],"picked":"Astrolabe"}],"items_purged_floors":[21],"is_endless":false,"potions_floor_spawned":[4,11,24,25],"killed_by":"Cultist and Chosen","ascension_level":1}