{"gold_per_floor":[113,113,123,123,140,140,156,156,156,114,125,50,77,92,92,194,194,213,213,225,225,244,260,260,260,260,271,28,41,41,0,0,97,97,114,133,133,145,1,1,27,27,27,40,40,58,76,28,28,28,28,28,28,62,62],"floor_reached":55,"playtime":4359,"items_purged":["Strike_B","Normality"],"score":731,"play_id":"0ad9986c-c155-4482-a9aa-dfd9a9941645","local_time":"20181130182143","is_ascension_mode":false,"campfire_choices":[{"data":"Beam Cell","floor":6.0,"key":"SMITH"},{"data":"Consume","floor":8.0,"key":"SMITH"},{"data":"Glacier","floor":15.0,"key":"SMITH"},{"data":"Sunder","floor":24.0,"key":"SMITH"},{"floor":32.0,"key":"REST"},{"data":"Echo Form","floor":40.0,"key":"SMITH"},{"floor":42.0,"key":"REST"},{"floor":45.0,"key":"RECALL"},{"floor":49.0,"key":"REST"},{"data":"Hologram","floor":52.0,"key":"SMITH"}],"neow_cost":"TEN_PERCENT_HP_LOSS","seed_source_timestamp":0,"circlet_count":0,"master_deck":["Strike_B+1","Strike_B+1","Defend_B+1","Defend_B","Defend_B","Zap+1","Dualcast","Core Surge","Beam Cell+1","Cold Snap","Conserve Battery","Consume+1","Steam+1","Doom and Gloom","Glacier+1","Biased Cognition","Steam+1","Necronomicurse","Sunder+1","Streamline+1","Cold Snap+1","Consume","Heatsinks","FTL","Echo Form+1","Coolheaded+1","Double Energy+1","Cold Snap+1","Writhe","Sunder","Recycle","Hologram+1","Melter+1"],"special_seed":0,"relics":["Cracked Core","Mummified Hand","Cables","Cursed Key","Necronomicon","Bag of Preparation","Blood Vial","Busted Crown","Anchor","War Paint","Regal Pillow","Boot"],"potions_floor_usage":[55,55],"damage_taken":[{"damage":0.0,"enemies":"2 Louse","floor":1.0,"turns":2.0},{"damage":0.0,"enemies":"Small Slimes","floor":3.0,"turns":2.0},{"damage":6.0,"enemies":"Jaw Worm","floor":5.0,"turns":2.0},{"damage":1.0,"enemies":"Red Slaver","floor":7.0,"turns":2.0},{"damage":0.0,"enemies":"Large Slime","floor":11.0,"turns":4.0},{"damage":9.0,"enemies":"3 Sentries","floor":13.0,"turns":8.0},{"damage":1.0,"enemies":"3 Louse","floor":14.0,"turns":2.0},{"damage":0.0,"enemies":"Hexaghost","floor":16.0,"turns":6.0},{"damage":5.0,"enemies":"Spheric Guardian","floor":18.0,"turns":3.0},{"damage":0.0,"enemies":"3 Byrds","floor":20.0,"turns":4.0},{"damage":6.0,"enemies":"Shelled Parasite and Fungi","floor":22.0,"turns":4.0},{"damage":1.0,"enemies":"Snecko","floor":23.0,"turns":3.0},{"damage":6.0,"enemies":"Snake Plant","floor":27.0,"turns":3.0},{"damage":0.0,"enemies":"Cultist and Chosen","floor":29.0,"turns":4.0},{"damage":15.0,"enemies":"Collector","floor":33.0,"turns":11.0},{"damage":0.0,"enemies":"3 Darklings","floor":35.0,"turns":5.0},{"damage":0.0,"enemies":"3 Shapes","floor":36.0,"turns":4.0},{"damage":0.0,"enemies":"Sphere and 2 Shapes","floor":38.0,"turns":6.0},{"damage":34.0,"enemies":"Reptomancer","floor":41.0,"turns":8.0},{"damage":9.0,"enemies":"Maw","floor":44.0,"turns":7.0},{"damage":7.0,"enemies":"Jaw Worm Horde","floor":46.0,"turns":3.0},{"damage":0.0,"enemies":"4 Shapes","floor":47.0,"turns":6.0},{"damage":25.0,"enemies":"Donu and Deca","floor":50.0,"turns":10.0},{"damage":34.0,"enemies":"Shield and Spear","floor":54.0,"turns":6.0},{"damage":38,"enemies":"The Heart","floor":55,"turns":3}],"seed_played":"3582348138127997324","potions_obtained":[{"floor":1.0,"key":"Explosive Potion"},{"floor":11.0,"key":"Strength Potion"},{"floor":13.0,"key":"PowerPotion"},{"floor":16.0,"key":"FocusPotion"},{"floor":18.0,"key":"Regen Potion"},{"floor":22.0,"key":"Poison Potion"},{"floor":27.0,"key":"Energy Potion"},{"floor":33.0,"key":"Dexterity Potion"},{"floor":35.0,"key":"Ancient Potion"},{"floor":54.0,"key":"EssenceOfSteel"}],"is_trial":false,"path_per_floor":["M","?","M","?","M","R","M","R","T","?","M","$","E","M","R","B",null,"M","?","M","$","M","M","R","?","T","M","$","M","?","?","R","B",null,"M","M","?","M","$","R","E","R","T","M","R","M","M","$","R","B",null,"R","$","E","B"],"character_chosen":"DEFECT","items_purchased":["Bag of Preparation","Anchor","Hologram"],"campfire_rested":3,"item_purchase_floors":[28,39,48],"current_hp_per_floor":[68,54,54,54,48,48,47,47,47,47,47,47,38,37,37,37,68,63,47,47,47,41,40,40,40,40,43,43,43,43,43,63,50,68,68,68,68,68,68,68,34,54,54,47,47,42,44,44,68,43,68,68,68,34,0],"gold":62,"neow_bonus":"THREE_RARE_CARDS","is_prod":false,"is_daily":false,"chose_seed":false,"campfire_upgraded":6,"win_rate":0,"timestamp":1543627303,"path_taken":["M","?","M","?","M","R","M","R","T","?","?","?","E","M","R","BOSS","M","?","M","$","M","M","R","?","T","M","$","M","?","?","R","BOSS","M","M","?","M","$","R","E","R","T","M","R","M","M","$","R","BOSS","R","$","E","BOSS"],"build_version":"2018-11-15","purchased_purges":2,"victory":false,"max_hp_per_floor":[68,68,68,68,68,68,68,68,68,68,68,68,68,68,68,68,68,68,68,68,68,68,68,68,68,68,68,68,68,68,68,68,68,68,68,68,68,68,68,68,68,68,68,68,68,68,68,68,68,68,68,68,68,68,68],"card_choices":[{"not_picked":["Biased Cognition","Hyperbeam"],"picked":"Core Surge","floor":0.0},{"not_picked":["Force Field","Coolheaded"],"picked":"Beam Cell","floor":1.0},{"not_picked":["Redo","Hologram"],"picked":"Cold Snap","floor":3.0},{"not_picked":["Buffer","Hologram"],"picked":"Conserve Battery","floor":5.0},{"not_picked":["Conserve Battery","Turbo"],"picked":"Consume","floor":7.0},{"not_picked":["Redo","Streamline"],"picked":"Steam","floor":11.0},{"not_picked":["Meteor Strike","Steam Power"],"picked":"Doom and Gloom","floor":13.0},{"not_picked":["Chaos","BootSequence"],"picked":"Glacier","floor":14.0},{"not_picked":["Buffer","Creative AI"],"picked":"Biased Cognition","floor":16.0},{"not_picked":["Turbo","Aggregate"],"picked":"Steam+1","floor":18.0},{"not_picked":["Consume","Beam Cell"],"picked":"Sunder","floor":20.0},{"not_picked":["Barrage","Hello World+1"],"picked":"Streamline+1","floor":22.0},{"not_picked":["Blizzard+1","Rebound+1"],"picked":"Cold Snap+1","floor":23.0},{"not_picked":["White Noise","Turbo"],"picked":"FTL","floor":27.0},{"not_picked":["Hello World+1","Beam Cell","Gash+1"],"picked":"SKIP","floor":29.0},{"not_picked":["Machine Learning","Creative AI"],"picked":"Echo Form","floor":33.0},{"not_picked":["Conserve Battery+1"],"picked":"SKIP","floor":35.0},{"not_picked":[],"picked":"Coolheaded+1","floor":36.0},{"not_picked":[],"picked":"Double Energy+1","floor":38.0},{"not_picked":[],"picked":"Cold Snap+1","floor":41.0},{"not_picked":[],"picked":"Sunder","floor":44.0},{"not_picked":["Beam Cell+1"],"picked":"SKIP","floor":46.0},{"not_picked":[],"picked":"Recycle","floor":47.0},{"not_picked":[],"picked":"Melter+1","floor":54.0}],"player_experience":1383508,"relics_obtained":[{"floor":9.0,"key":"Mummified Hand"},{"floor":13.0,"key":"Cables"},{"floor":19.0,"key":"Necronomicon"},{"floor":41.0,"key":"War Paint"},{"floor":43.0,"key":"Regal Pillow"},{"floor":54.0,"key":"Boot"}],"event_choices":[{"damage_healed":0.0,"max_hp_gain":0.0,"max_hp_loss":0.0,"gold_gain":0.0,"event_name":"Shining Light","player_choice":"Entered Light","floor":2.0,"gold_loss":0.0,"damage_taken":14.0,"cards_upgraded":["Strike_B","Strike_B"]},{"damage_healed":0.0,"max_hp_gain":0.0,"max_hp_loss":0.0,"gold_gain":0.0,"event_name":"Living Wall","player_choice":"Grow","floor":4.0,"gold_loss":0.0,"damage_taken":0.0,"cards_upgraded":["Zap"]},{"damage_healed":0.0,"max_hp_gain":0.0,"max_hp_loss":0.0,"gold_gain":0.0,"event_name":"World of Goop","player_choice":"Left Gold","floor":10.0,"gold_loss":42.0,"damage_taken":0.0},{"damage_healed":0.0,"max_hp_gain":0.0,"max_hp_loss":0.0,"gold_gain":0.0,"event_name":"Cursed Tome","player_choice":"Obtained Book","floor":19.0,"gold_loss":0.0,"damage_taken":16.0},{"damage_healed":0.0,"max_hp_gain":0.0,"max_hp_loss":0.0,"gold_gain":0.0,"cards_transformed":["Strike_B","Defend_B"],"event_name":"Drug Dealer","player_choice":"Became Test Subject","floor":25.0,"gold_loss":0.0,"damage_taken":0.0,"cards_obtained":["Consume","Heatsinks"]},{"damage_healed":0.0,"max_hp_gain":0.0,"max_hp_loss":0.0,"gold_gain":0.0,"event_name":"The Mausoleum","player_choice":"Opened","floor":30.0,"gold_loss":0.0,"damage_taken":0.0,"relics_obtained":["Blood Vial"]},{"damage_healed":0.0,"max_hp_gain":0.0,"max_hp_loss":0.0,"gold_gain":0.0,"event_name":"Masked Bandits","player_choice":"Paid Fearfully","floor":31.0,"gold_loss":41.0,"damage_taken":0.0},{"damage_healed":0.0,"max_hp_gain":0.0,"max_hp_loss":0.0,"gold_gain":0.0,"event_name":"SensoryStone","player_choice":"Memory 1","floor":37.0,"gold_loss":0.0,"damage_taken":0.0}],"is_beta":false,"boss_relics":[{"not_picked":["White Beast Statue","Nuclear Battery"],"picked":"Cursed Key"},{"not_picked":["Philosopher\u0027s Stone","Black Star"],"picked":"Busted Crown"}],"items_purged_floors":[12,28],"is_endless":false,"potions_floor_spawned":[1,11,13,16,18,22,23,27,33,35,38,44,47,54],"killed_by":"The Heart","ascension_level":0}