{"gold_per_floor":[111,70,87,37,37,37,71,85,110,60,88,104,118,68,68,68],"floor_reached":16,"playtime":672,"items_purged":["Strike_R"],"score":112,"play_id":"db75bb19-05ff-41a9-a9a0-b15621d825bf","local_time":"20190411005824","is_ascension_mode":false,"campfire_choices":[{"data":"Body Slam","floor":6,"key":"SMITH"},{"floor":15,"key":"REST"}],"neow_cost":"NONE","seed_source_timestamp":312407764337576,"circlet_count":0,"master_deck":["Strike_R","Strike_R","Strike_R","Defend_R","Defend_R","Defend_R","Defend_R","Bash","Body Slam+1","Anger","True Grit","Searing Blow","True Grit","Fire Breathing","Shrug It Off","Armaments"],"relics":["Burning Blood","NeowsBlessing","Ancient Tea Set","Smiling Mask","Regal Pillow"],"potions_floor_usage":[8,12,12,12,16,16],"damage_taken":[{"damage":0,"enemies":"2 Louse","floor":1,"turns":1},{"damage":0,"enemies":"Jaw Worm","floor":3,"turns":1},{"damage":0,"enemies":"Small Slimes","floor":5,"turns":1},{"damage":34,"enemies":"Gremlin Nob","floor":7,"turns":5},{"damage":12,"enemies":"2 Fungi Beasts","floor":8,"turns":3},{"damage":38,"enemies":"Lagavulin","floor":11,"turns":8},{"damage":17,"enemies":"Large Slime","floor":12,"turns":8},{"damage":0,"enemies":"Blue Slaver","floor":13,"turns":4},{"damage":62,"enemies":"The Guardian","floor":16,"turns":12}],"seed_played":"-872045679755859725","potions_obtained":[{"floor":7,"key":"Regen Potion"},{"floor":8,"key":"GamblersBrew"},{"floor":11,"key":"EntropicBrew"}],"is_trial":false,"path_per_floor":["M","?","M","$","M","R","E","M","T","?","E","M","M","$","R","B"],"character_chosen":"IRONCLAD","items_purchased":["Anger"],"campfire_rested":1,"item_purchase_floors":[4],"current_hp_per_floor":[80,80,80,80,80,80,52,55,55,55,23,12,18,18,57,0],"gold":68,"neow_bonus":"THREE_ENEMY_KILL","is_prod":false,"is_daily":false,"chose_seed":false,"campfire_upgraded":1,"win_rate":0.0,"timestamp":1554915504,"path_taken":["M","?","M","$","M","R","E","M","T","?","E","M","M","$","R","BOSS"],"build_version":"2019-01-23","purchased_purges":1,"victory":false,"max_hp_per_floor":[80,80,80,80,80,80,80,80,80,80,80,80,80,80,80,80],"card_choices":[{"not_picked":["Flex","Cleave","Heavy Blade"],"picked":"SKIP","floor":1},{"not_picked":["Cleave","Warcry"],"picked":"Body Slam","floor":3},{"not_picked":["Second Wind","Shockwave"],"picked":"True Grit","floor":5},{"not_picked":["Bludgeon","Combust"],"picked":"Searing Blow","floor":7},{"not_picked":["Sword Boomerang","Warcry"],"picked":"True Grit","floor":8},{"not_picked":["Reckless Charge","Entrench"],"picked":"Fire Breathing","floor":11},{"not_picked":["True Grit","Disarm"],"picked":"Shrug It Off","floor":12},{"not_picked":["Burning Pact","Flex"],"picked":"Armaments","floor":13}],"player_experience":15908,"relics_obtained":[{"floor":7,"key":"Ancient Tea Set"},{"floor":9,"key":"Smiling Mask"},{"floor":11,"key":"Regal Pillow"}],"event_choices":[{"damage_healed":0,"gold_gain":0,"player_choice":"Left Gold","damage_taken":0,"max_hp_gain":0,"max_hp_loss":0,"event_name":"World of Goop","floor":2,"gold_loss":41},{"cards_removed":["Strike_R"],"damage_healed":0,"gold_gain":0,"player_choice":"Card Removal","damage_taken":0,"max_hp_gain":0,"max_hp_loss":0,"event_name":"The Cleric","floor":10,"gold_loss":50}],"is_beta":false,"boss_relics":[],"items_purged_floors":[14],"is_endless":false,"potions_floor_spawned":[7,8,11],"killed_by":"The Guardian","ascension_level":0}