{"gold_per_floor":[114,130,146,48,67,67,87,87,113,113,127,158,7,53,53,155,155,175,50,50,50,20,20,37,55,82,93,93,93,103,116,116,215,215,234,246,246],"floor_reached":37,"playtime":8070,"items_purged":["Strike_B","Strike_B","Zap"],"score":435,"play_id":"f46498ed-d1d7-4b98-95f0-d9e800997cfe","local_time":"20181104005027","is_ascension_mode":true,"campfire_choices":[{"data":"Beam Cell","floor":6,"key":"SMITH"},{"data":"FTL","floor":8,"key":"SMITH"},{"data":"Coolheaded","floor":15,"key":"SMITH"},{"data":"Genetic Algorithm","floor":23,"key":"SMITH"},{"data":"Leap","floor":28,"key":"SMITH"},{"data":"Finesse","floor":32,"key":"SMITH"}],"neow_cost":"NONE","seed_source_timestamp":6909054338578823,"circlet_count":0,"master_deck":["Strike_B","Strike_B","Defend_B","Defend_B","Defend_B","Defend_B","Dualcast","Finesse+1","Gash","Gash","Self Repair","Beam Cell+1","Gash","FTL+1","Zap","Rebound","Coolheaded+1","Gash","Hyperbeam","Bandage Up","Genetic Algorithm+1","Leap+1","Echo Form"],"relics":["Cracked Core","Anchor","Oddly Smooth Stone","Ancient Tea Set","Eternal Feather","Bag of Preparation","Nuclear Battery"],"potions_floor_usage":[7,7,18,33,33],"damage_taken":[{"damage":2,"enemies":"2 Louse","floor":1,"turns":3},{"damage":1,"enemies":"Cultist","floor":2,"turns":3},{"damage":2,"enemies":"Jaw Worm","floor":3,"turns":3},{"damage":9,"enemies":"Exordium Thugs","floor":5,"turns":5},{"damage":1,"enemies":"2 Fungi Beasts","floor":7,"turns":3},{"damage":4,"enemies":"Red Slaver","floor":11,"turns":3},{"damage":9,"enemies":"3 Sentries","floor":12,"turns":5},{"damage":33,"enemies":"Hexaghost","floor":16,"turns":7},{"damage":16,"enemies":"3 Byrds","floor":18,"turns":4},{"damage":22,"enemies":"Shell Parasite","floor":24,"turns":4},{"damage":18,"enemies":"Centurion and Healer","floor":25,"turns":6},{"damage":25,"enemies":"3 Cultists","floor":27,"turns":5},{"damage":32,"enemies":"Snake Plant","floor":30,"turns":5},{"damage":2,"enemies":"Centurion and Healer","floor":31,"turns":6},{"damage":25,"enemies":"Champ","floor":33,"turns":12},{"damage":66,"enemies":"3 Darklings","floor":35,"turns":7},{"damage":17,"enemies":"3 Shapes","floor":36,"turns":9},{"damage":12,"enemies":"Writhing Mass","floor":37,"turns":1}],"seed_played":"5778531773033787043","potions_obtained":[{"floor":1,"key":"AttackPotion"},{"floor":2,"key":"Poison Potion"},{"floor":7,"key":"Fire Potion"},{"floor":16,"key":"Dexterity Potion"},{"floor":18,"key":"SpeedPotion"},{"floor":22,"key":"Dexterity Potion"},{"floor":22,"key":"Strength Potion"}],"is_trial":false,"path_per_floor":["M","M","M","$","M","R","M","R","T","?","M","E","$","T","R","B",null,"M","$","?","$","?","R","M","M","T","M","R","?","M","M","R","B",null,"M","M","M"],"character_chosen":"DEFECT","items_purchased":["Beam Cell","Gash"],"campfire_rested":0,"item_purchase_floors":[4,13],"current_hp_per_floor":[73,72,70,70,68,68,74,74,74,74,75,73,73,73,73,47,75,66,66,66,66,66,75,60,53,53,32,44,69,48,57,69,55,75,16,10,0],"gold":246,"neow_bonus":"RANDOM_COLORLESS","is_prod":false,"is_daily":false,"chose_seed":false,"campfire_upgraded":6,"win_rate":0,"timestamp":1541314227,"path_taken":["M","M","M","$","M","R","M","R","T","?","M","E","$","?","R","BOSS","M","$","?","?","?","R","M","?","T","M","R","?","M","M","R","BOSS","M","M","M"],"build_version":"2018-11-01","purchased_purges":3,"victory":false,"max_hp_per_floor":[75,75,75,75,75,75,75,75,75,75,75,75,75,75,75,75,75,75,75,75,75,75,75,75,75,75,75,75,75,75,75,75,75,75,75,75,75],"card_choices":[{"not_picked":["Conserve Battery","Hologram"],"picked":"Gash","floor":1},{"not_picked":["Rebound","Genetic Algorithm"],"picked":"Gash","floor":2},{"not_picked":["Turbo","Undo"],"picked":"Self Repair","floor":3},{"not_picked":["Conserve Battery","Multi-Cast"],"picked":"Gash","floor":5},{"not_picked":["Auto Shields","Beam Cell"],"picked":"FTL","floor":7},{"not_picked":["Ball Lightning","Hello World","Turbo"],"picked":"SKIP","floor":11},{"not_picked":["Steam Power","Capacitor"],"picked":"Coolheaded","floor":12},{"not_picked":["Meteor Strike","Thunder Strike"],"picked":"Hyperbeam","floor":16},{"not_picked":["Hello World","Ball Lightning+1","Coolheaded+1"],"picked":"SKIP","floor":18},{"not_picked":["Capacitor","Force Field+1"],"picked":"Leap","floor":24},{"not_picked":["Rebound+1","Sweeping Beam","Blizzard+1"],"picked":"SKIP","floor":25},{"not_picked":["Gash","Rebound+1","Darkness"],"picked":"SKIP","floor":27},{"not_picked":["Barrage","Gash","Compile Driver+1"],"picked":"SKIP","floor":30},{"not_picked":["Coolheaded","Streamline","Amplify"],"picked":"SKIP","floor":31},{"not_picked":["All For One","Reboot"],"picked":"Echo Form","floor":33},{"not_picked":["Loop+1","Barrage","Beam Cell+1"],"picked":"SKIP","floor":35},{"not_picked":["White Noise+1","Chaos+1","Turbo"],"picked":"SKIP","floor":36}],"player_experience":1079620,"relics_obtained":[{"floor":9,"key":"Anchor"},{"floor":12,"key":"Oddly Smooth Stone"},{"floor":14,"key":"Ancient Tea Set"},{"floor":26,"key":"Bag of Preparation"}],"event_choices":[{"damage_healed":0,"gold_gain":0,"player_choice":"2 cards matched","damage_taken":0,"max_hp_gain":0,"max_hp_loss":0,"event_name":"Match and Keep!","floor":10,"gold_loss":0,"cards_obtained":["Zap","Rebound"]},{"damage_healed":0,"gold_gain":0,"player_choice":"2 cards matched","damage_taken":0,"max_hp_gain":0,"max_hp_loss":0,"event_name":"Match and Keep!","floor":20,"gold_loss":0,"cards_obtained":["Bandage Up","Genetic Algorithm"]},{"damage_healed":0,"gold_gain":0,"player_choice":"Bought 2 Potions","damage_taken":0,"max_hp_gain":0,"max_hp_loss":0,"event_name":"The Woman in Blue","floor":22,"gold_loss":0},{"damage_healed":25,"gold_gain":0,"player_choice":"Heal","damage_taken":0,"max_hp_gain":0,"max_hp_loss":0,"event_name":"The Library","floor":29,"gold_loss":0}],"is_beta":false,"boss_relics":[{"not_picked":["Black Star","Calling Bell"],"picked":"Eternal Feather"},{"not_picked":["Philosopher\u0027s Stone","Orrery"],"picked":"Nuclear Battery"}],"items_purged_floors":[4,13,19],"is_endless":false,"potions_floor_spawned":[1,2,7,16,18,27,30,31],"killed_by":"Writhing Mass","ascension_level":2}