{"gold_per_floor":[114,114,124,141,106,106,134,134,134,152,168,168,168,185,185,284,284,294,294,294,312,39,39,56,56,56,56,56,56,56,68,68,170,170,188,188,198,214,228,228,238,338,338,338,338,338,338,99,99,99],"floor_reached":51,"playtime":14244,"items_purged":["Decay","Pain"],"score":918,"play_id":"cbe8cfb2-0ebe-446a-9cc9-fc6c33a5e29e","local_time":"20190817003453","is_ascension_mode":true,"campfire_choices":[{"data":"Crippling Poison","floor":6.0,"key":"SMITH"},{"data":"Neutralize","floor":8.0,"key":"SMITH"},{"data":"Sucker Punch","floor":13.0,"key":"SMITH"},{"floor":15.0,"key":"REST"},{"data":"Terror","floor":23,"key":"SMITH"},{"data":"Leg Sweep","floor":25,"key":"SMITH"},{"data":"Tools of the Trade","floor":29,"key":"SMITH"},{"data":"Noxious Fumes","floor":30,"key":"SMITH"},{"floor":32,"key":"REST"},{"floor":40,"key":"REST"},{"data":"Blur","floor":44,"key":"SMITH"},{"data":"Adrenaline","floor":45,"key":"SMITH"},{"data":"PiercingWail","floor":47,"key":"SMITH"},{"data":"Well Laid Plans","floor":49,"key":"SMITH"}],"neow_cost":"NONE","seed_source_timestamp":0,"circlet_count":0,"master_deck":["AscendersBane","Strike_G","Strike_G","Strike_G+1","Strike_G","Defend_G","Defend_G","Defend_G+1","Defend_G","Defend_G","Survivor","Neutralize+1","Crippling Poison+1","PiercingWail+1","Flying Knee","Tools of the Trade+1","Caltrops","Backflip","Sucker Punch+1","Escape Plan","Adrenaline+1","Noxious Fumes+1","Leg Sweep+1","Terror+1","Blur+1","Flash of Steel","Well Laid Plans+1","Acrobatics","Storm of Steel","Backflip","Escape Plan","Bouncing Flask","Reflex+1","Leg Sweep+1","Flechettes+1","Parasite","PiercingWail","Writhe","Dark Shackles"],"special_seed":0,"relics":["Ring of the Snake","Boot","Question Card","Bronze Scales","Busted Crown","Meat on the Bone","WingedGreaves","Bottled Tornado","WarpedTongs","Orrery","Calipers","Mercury Hourglass"],"potions_floor_usage":[31,33,33,33,38,50,50],"damage_taken":[{"damage":0.0,"enemies":"2 Louse","floor":1.0,"turns":3.0},{"damage":1.0,"enemies":"Jaw Worm","floor":3.0,"turns":4.0},{"damage":0.0,"enemies":"Cultist","floor":4.0,"turns":4.0},{"damage":20.0,"enemies":"Gremlin Nob","floor":7.0,"turns":4.0},{"damage":0.0,"enemies":"Exordium Wildlife","floor":10.0,"turns":4.0},{"damage":6.0,"enemies":"Looter","floor":11.0,"turns":4.0},{"damage":2.0,"enemies":"Red Slaver","floor":14.0,"turns":5.0},{"damage":36.0,"enemies":"The Guardian","floor":16.0,"turns":14.0},{"damage":0,"enemies":"Shell Parasite","floor":18,"turns":5},{"damage":30,"enemies":"Chosen","floor":21,"turns":6},{"damage":5,"enemies":"Snake Plant","floor":24,"turns":3},{"damage":16,"enemies":"Sentry and Sphere","floor":31,"turns":7},{"damage":15,"enemies":"Automaton","floor":33,"turns":11},{"damage":33,"enemies":"3 Shapes","floor":35,"turns":5},{"damage":29,"enemies":"3 Darklings","floor":37,"turns":5},{"damage":1,"enemies":"Jaw Worm Horde","floor":38,"turns":5},{"damage":28,"enemies":"Transient","floor":39,"turns":5},{"damage":10,"enemies":"Writhing Mass","floor":41,"turns":8},{"damage":0,"enemies":"Mind Bloom Boss Battle","floor":42,"turns":7},{"damage":23,"enemies":"Time Eater","floor":50,"turns":14}],"seed_played":"3952443894128470860","potions_obtained":[{"floor":1.0,"key":"SkillPotion"},{"floor":4.0,"key":"SkillPotion"},{"floor":14.0,"key":"GamblersBrew"},{"floor":16.0,"key":"EssenceOfSteel"},{"floor":21,"key":"FearPotion"},{"floor":24,"key":"Poison Potion"},{"floor":31,"key":"Poison Potion"},{"floor":35,"key":"Ancient Potion"},{"floor":37,"key":"Regen Potion"},{"floor":42,"key":"Strength Potion"}],"is_trial":false,"path_per_floor":["M","?","M","M","?","R","E","R","T","M","M","?","R","M","R","B",null,"M","?","?","M","$","R","M","R","T","T","?","R","R","M","R","B",null,"M","?","M","M","M","R","M","?","T","R","R","?","R","$","R","B",null],"character_chosen":"THE_SILENT","items_purchased":["Terror","Blur","Flash of Steel","Fire Potion","Dark Shackles"],"campfire_rested":3,"item_purchase_floors":[22,22,22,48,48],"current_hp_per_floor":[63,49,48,48,65,65,45,45,45,45,39,39,39,37,58,22,58,58,58,58,40,40,40,47,47,47,47,47,47,47,43,64,49,65,44,44,27,40,24,45,47,47,47,47,47,65,65,65,65,42],"gold":99,"neow_bonus":"RANDOM_COMMON_RELIC","is_prod":false,"is_daily":false,"chose_seed":false,"campfire_upgraded":11,"win_rate":0,"timestamp":1566023693,"path_taken":["M","?","M","M","?","R","E","R","T","M","M","?","R","M","R","BOSS","M","?","?","?","$","R","M","R","T","?","?","R","R","M","R","BOSS","M","?","M","M","M","R","?","?","T","R","R","?","R","$","R","BOSS"],"build_version":"2019-07-17","purchased_purges":2,"victory":true,"max_hp_per_floor":[70,70,70,70,70,70,70,70,70,70,70,70,70,70,70,70,70,70,70,70,70,70,70,70,70,70,70,70,70,70,70,70,70,70,70,70,70,70,70,70,70,70,70,70,70,70,70,70,70,70],"card_choices":[{"not_picked":["Underhanded Strike","Finisher"],"picked":"Crippling Poison","floor":1.0},{"not_picked":["Flying Knee","Underhanded Strike"],"picked":"PiercingWail","floor":3.0},{"not_picked":["Accuracy","Blade Dance"],"picked":"Flying Knee","floor":4.0},{"not_picked":["Blade Dance","PiercingWail"],"picked":"Tools of the Trade","floor":7.0},{"not_picked":["Eviscerate","Blade Dance","Reflex"],"picked":"Caltrops","floor":10.0},{"not_picked":["Poisoned Stab","Quick Slash","Deflect"],"picked":"Backflip","floor":11.0},{"not_picked":["Outmaneuver","Slice","Flying Knee"],"picked":"Escape Plan","floor":14.0},{"not_picked":["Unload","Phantasmal Killer","Grand Finale"],"picked":"Adrenaline","floor":16.0},{"not_picked":["Dagger Spray"],"picked":"Noxious Fumes","floor":18},{"not_picked":["PiercingWail+1"],"picked":"Leg Sweep","floor":21},{"not_picked":["Backflip"],"picked":"Well Laid Plans","floor":24},{"not_picked":["Well Laid Plans"],"picked":"Acrobatics","floor":31},{"not_picked":["Phantasmal Killer"],"picked":"Storm of Steel","floor":33},{"not_picked":["Caltrops"],"picked":"Backflip","floor":34},{"not_picked":["Riddle With Holes"],"picked":"Escape Plan","floor":34},{"not_picked":["Underhanded Strike"],"picked":"Bouncing Flask","floor":34},{"not_picked":["Bane"],"picked":"Reflex+1","floor":34},{"not_picked":["Eviscerate+1","Infinite Blades"],"picked":"SKIP","floor":35},{"not_picked":["Deflect"],"picked":"Flechettes+1","floor":37},{"not_picked":["Underhanded Strike+1","Crippling Poison"],"picked":"SKIP","floor":38},{"not_picked":["Blade Dance+1","Deadly Poison+1"],"picked":"SKIP","floor":39},{"not_picked":["Bouncing Flask+1","Quick Slash+1"],"picked":"SKIP","floor":41},{"not_picked":["Bane"],"picked":"PiercingWail","floor":42}],"player_experience":2214407,"relics_obtained":[{"floor":7.0,"key":"Question Card"},{"floor":9.0,"key":"Bronze Scales"},{"floor":26,"key":"WingedGreaves"},{"floor":27,"key":"Bottled Tornado"},{"floor":42,"key":"Calipers"},{"floor":43,"key":"Mercury Hourglass"}],"event_choices":[{"damage_healed":0.0,"max_hp_gain":0.0,"max_hp_loss":0.0,"gold_gain":0.0,"event_name":"Shining Light","player_choice":"Entered Light","floor":2.0,"gold_loss":0.0,"damage_taken":14.0,"cards_upgraded":["Strike_G","Defend_G"]},{"damage_healed":17.0,"max_hp_gain":0.0,"max_hp_loss":0.0,"gold_gain":0.0,"event_name":"The Cleric","player_choice":"Healed","floor":5.0,"gold_loss":35.0,"damage_taken":0.0},{"damage_healed":0.0,"max_hp_gain":0.0,"max_hp_loss":0.0,"gold_gain":0.0,"cards_transformed":["Strike_G"],"event_name":"Living Wall","player_choice":"Change","floor":12.0,"gold_loss":0.0,"damage_taken":0.0,"cards_obtained":["Sucker Punch"]},{"damage_healed":0,"gold_gain":0,"player_choice":"Smashed Altar","damage_taken":0,"max_hp_gain":0,"max_hp_loss":0,"event_name":"Forgotten Altar","floor":19,"gold_loss":0,"cards_obtained":["Decay"]},{"damage_healed":0,"gold_gain":0,"player_choice":"Gave Potion","damage_taken":0,"relics_obtained":["Meat on the Bone"],"max_hp_gain":0,"max_hp_loss":0,"event_name":"WeMeetAgain","floor":20,"gold_loss":0},{"damage_healed":0,"gold_gain":0,"player_choice":"Rummage","damage_taken":0,"relics_obtained":["WarpedTongs"],"max_hp_gain":0,"max_hp_loss":0,"event_name":"Accursed Blacksmith","floor":28,"gold_loss":0,"cards_obtained":["Pain"]},{"damage_healed":0,"gold_gain":0,"player_choice":"Copied","damage_taken":0,"max_hp_gain":0,"max_hp_loss":0,"event_name":"Duplicator","floor":36,"gold_loss":0,"cards_obtained":["Leg Sweep"]},{"damage_healed":0,"gold_gain":0,"player_choice":"Fight","damage_taken":0,"max_hp_gain":0,"max_hp_loss":0,"event_name":"MindBloom","floor":42,"gold_loss":0},{"damage_healed":18,"gold_gain":0,"player_choice":"Writhe","damage_taken":0,"max_hp_gain":0,"max_hp_loss":0,"event_name":"Winding Halls","floor":46,"gold_loss":0,"cards_obtained":["Writhe"]}],"is_beta":false,"boss_relics":[{"not_picked":["Sozu","WristBlade"],"picked":"Busted Crown"},{"not_picked":["HoveringKite","Velvet Choker"],"picked":"Orrery"}],"items_purged_floors":[22,48],"is_endless":false,"potions_floor_spawned":[1,4,14,16,21,24,31,35,37,42],"ascension_level":10}