{"gold_per_floor":[112,112,40,5,5,19,19,54,81,81,107,117,143,154,154,259,259,277,297,222,137,149,149,149,149,149,149,29,40,67,79,91,201,213,240,262,205,220,220,220,272,272,318,318,338,338,338,338,338,338],"floor_reached":51,"playtime":5889,"items_purged":["Strike_R"],"score":1003,"play_id":"7b3a5a25-3093-4d52-83aa-da52c2cb1155","local_time":"20190730094050","is_ascension_mode":true,"campfire_choices":[{"floor":7.0,"key":"REST"},{"data":"Pommel Strike","floor":10.0,"key":"SMITH"},{"floor":15.0,"key":"REST"},{"floor":23.0,"key":"REST"},{"data":"Barricade","floor":25.0,"key":"SMITH"},{"data":"Uppercut","floor":27.0,"key":"SMITH"},{"data":"Entrench","floor":32.0,"key":"SMITH"},{"data":"True Grit","floor":40.0,"key":"SMITH"},{"floor":42.0,"key":"REST"},{"data":"Impervious","floor":46.0,"key":"SMITH"},{"data":"Battle Trance","floor":49,"key":"SMITH"}],"neow_cost":"PERCENT_DAMAGE","seed_source_timestamp":0,"circlet_count":0,"master_deck":["Defend_R","Defend_R","Defend_R","Bash","Feel No Pain","Thunderclap","Pommel Strike+1","Barricade+1","Uppercut+1","True Grit+1","Iron Wave","Impervious+1","Flex","Evolve+1","Shrug It Off","Entrench+1","Clothesline+1","Reaper","Body Slam","Metallicize","Battle Trance+1","Iron Wave+1","Secret Technique","Metallicize"],"special_seed":0,"relics":["Burning Blood","Orichalcum","Lantern","Regal Pillow","PreservedInsect","Letter Opener","Mark of Pain","Omamori","Pear","Red Skull","MawBank","Snecko Eye","FossilizedHelix","Vajra"],"potions_floor_usage":[50,50],"damage_taken":[{"damage":16.0,"enemies":"Small Slimes","floor":1.0,"turns":4.0},{"damage":19.0,"enemies":"Jaw Worm","floor":6.0,"turns":4.0},{"damage":25.0,"enemies":"Gremlin Nob","floor":8.0,"turns":5.0},{"damage":16.0,"enemies":"3 Sentries","floor":11.0,"turns":6.0},{"damage":0.0,"enemies":"Cultist","floor":12.0,"turns":3.0},{"damage":22.0,"enemies":"Lagavulin","floor":13.0,"turns":4.0},{"damage":16.0,"enemies":"Exordium Wildlife","floor":14.0,"turns":3.0},{"damage":50.0,"enemies":"The Guardian","floor":16.0,"turns":14.0},{"damage":10.0,"enemies":"Chosen","floor":18.0,"turns":6.0},{"damage":25.0,"enemies":"Spheric Guardian","floor":19.0,"turns":5.0},{"damage":29.0,"enemies":"Centurion and Healer","floor":22.0,"turns":9.0},{"damage":9.0,"enemies":"Snake Plant","floor":29.0,"turns":7.0},{"damage":28.0,"enemies":"Book of Stabbing","floor":30.0,"turns":5.0},{"damage":26.0,"enemies":"Champ","floor":33.0,"turns":17.0},{"damage":6.0,"enemies":"3 Shapes","floor":35.0,"turns":6.0},{"damage":14.0,"enemies":"3 Darklings","floor":36.0,"turns":4.0},{"damage":6.0,"enemies":"4 Shapes","floor":38.0,"turns":7.0},{"damage":65.0,"enemies":"2 Orb Walkers","floor":41.0,"turns":6.0},{"damage":0.0,"enemies":"Jaw Worm Horde","floor":45.0,"turns":4.0},{"damage":0.0,"enemies":"3 Darklings","floor":48.0,"turns":1.0},{"damage":0,"enemies":"Time Eater","floor":50,"turns":8}],"seed_played":"422294809713982270","potions_obtained":[{"floor":1.0,"key":"Fruit Juice"},{"floor":6.0,"key":"EssenceOfSteel"},{"floor":8.0,"key":"Weak Potion"},{"floor":13.0,"key":"LiquidBronze"},{"floor":18.0,"key":"Fire Potion"},{"floor":22.0,"key":"EntropicBrew"},{"floor":33.0,"key":"EntropicBrew"},{"floor":35.0,"key":"GamblersBrew"},{"floor":45.0,"key":"Dexterity Potion"}],"is_trial":false,"path_per_floor":["M","?","$","?","?","M","R","E","T","R","E","M","E","M","R","B",null,"M","M","?","?","M","R","?","R","T","R","$","M","E","?","R","B",null,"M","M","$","M","?","R","?","R","T","?","M","R","?","M","R","B",null],"character_chosen":"IRONCLAD","items_purchased":["Feel No Pain","Shrug It Off","Battle Trance"],"campfire_rested":4,"item_purchase_floors":[3,28,37],"current_hp_per_floor":[41,41,41,66,66,53,78,59,59,59,49,55,39,29,69,25,70,66,47,47,47,24,64,74,74,74,74,74,71,49,49,49,29,79,91,83,83,89,84,84,45,88,88,88,95,95,95,95,95,95],"gold":338,"neow_bonus":"TRANSFORM_TWO_CARDS","is_prod":false,"is_daily":false,"chose_seed":false,"campfire_upgraded":7,"win_rate":0,"timestamp":1564501250,"path_taken":["M","?","$","?","?","?","R","E","T","R","E","M","E","M","R","BOSS","M","M","?","?","M","R","?","R","T","R","?","?","E","?","R","BOSS","M","M","$","M","?","R","?","R","T","?","M","R","?","?","R","BOSS"],"build_version":"2019-07-17","purchased_purges":1,"victory":true,"max_hp_per_floor":[80,80,80,85,85,85,85,85,85,85,85,85,85,85,85,85,85,85,85,85,85,85,85,95,95,95,95,95,95,95,95,95,95,95,95,95,95,95,95,95,95,95,95,95,95,95,95,95,95,95],"card_choices":[{"not_picked":["Second Wind","Cleave","Seeing Red"],"picked":"SKIP","floor":1.0},{"not_picked":["Bloodletting","Infernal Blade"],"picked":"Thunderclap","floor":6.0},{"not_picked":["Juggernaut","Shockwave"],"picked":"Pommel Strike","floor":8.0},{"not_picked":["Reckless Charge","Cleave"],"picked":"Barricade","floor":11.0},{"not_picked":["Cleave","Shockwave"],"picked":"Uppercut","floor":12.0},{"not_picked":["Blood for Blood","Thunderclap"],"picked":"True Grit","floor":13.0},{"not_picked":["Flex","Heavy Blade"],"picked":"Iron Wave","floor":14.0},{"not_picked":["Dark Embrace","Double Tap"],"picked":"Impervious","floor":16.0},{"not_picked":["Wild Strike","Perfected Strike","Clash"],"picked":"SKIP","floor":18.0},{"not_picked":["Anger+1","True Grit"],"picked":"Flex","floor":19.0},{"not_picked":["Combust","Disarm"],"picked":"Evolve+1","floor":22.0},{"not_picked":["Heavy Blade","Ghostly Armor"],"picked":"Entrench","floor":29.0},{"not_picked":["Havoc","Bloodletting"],"picked":"Clothesline+1","floor":30.0},{"not_picked":["Exhume","Bludgeon"],"picked":"Reaper","floor":33.0},{"not_picked":["Flex","Pommel Strike"],"picked":"Body Slam","floor":35.0},{"not_picked":["Pummel+1","Sword Boomerang"],"picked":"Metallicize","floor":36.0},{"not_picked":["Sever Soul+1","Perfected Strike"],"picked":"Iron Wave+1","floor":38.0},{"not_picked":["Forethought","Madness"],"picked":"Secret Technique","floor":39.0},{"not_picked":["Pummel+1","Clash","Twin Strike"],"picked":"SKIP","floor":45.0},{"not_picked":["Pummel+1","Clash","Twin Strike"],"picked":"SKIP","floor":45.0}],"player_experience":2032885,"relics_obtained":[{"floor":8.0,"key":"Lantern"},{"floor":9.0,"key":"Regal Pillow"},{"floor":11.0,"key":"PreservedInsect"},{"floor":13.0,"key":"Letter Opener"},{"floor":26.0,"key":"Red Skull"},{"floor":30.0,"key":"MawBank"},{"floor":41.0,"key":"FossilizedHelix"},{"floor":43.0,"key":"Vajra"}],"event_choices":[{"damage_healed":0.0,"max_hp_gain":0.0,"max_hp_loss":0.0,"gold_gain":0.0,"event_name":"Scrap Ooze","player_choice":"Fled","floor":2.0,"gold_loss":0.0,"damage_taken":0.0},{"damage_healed":20.0,"max_hp_gain":0.0,"max_hp_loss":0.0,"gold_gain":0.0,"event_name":"The Cleric","player_choice":"Healed","floor":4.0,"gold_loss":35.0,"damage_taken":0.0},{"cards_removed":["Inflame"],"damage_healed":0.0,"max_hp_gain":0.0,"max_hp_loss":0.0,"gold_gain":0.0,"event_name":"WeMeetAgain","player_choice":"Gave Card","floor":5.0,"gold_loss":0.0,"damage_taken":0.0,"relics_obtained":["Orichalcum"]},{"cards_removed":["Strike_R"],"damage_healed":0.0,"max_hp_gain":0.0,"max_hp_loss":0.0,"gold_gain":0.0,"event_name":"Beggar","player_choice":"Gave Gold","floor":20.0,"gold_loss":75.0,"damage_taken":0.0},{"damage_healed":0.0,"max_hp_gain":0.0,"max_hp_loss":0.0,"gold_gain":0.0,"event_name":"Addict","player_choice":"Obtained Relic","floor":21.0,"gold_loss":85.0,"damage_taken":0.0,"relics_obtained":["Omamori"]},{"damage_healed":0.0,"max_hp_gain":0.0,"max_hp_loss":0.0,"gold_gain":0.0,"event_name":"The Mausoleum","player_choice":"Opened","floor":24.0,"gold_loss":0.0,"damage_taken":0.0,"relics_obtained":["Pear"],"cards_obtained":["Writhe"]},{"cards_removed":["Strike_R"],"damage_healed":0.0,"max_hp_gain":0.0,"max_hp_loss":0.0,"gold_gain":0.0,"event_name":"Purifier","player_choice":"Purged","floor":31.0,"gold_loss":0.0,"damage_taken":0.0},{"damage_healed":0.0,"max_hp_gain":0.0,"max_hp_loss":0.0,"gold_gain":0.0,"event_name":"SensoryStone","player_choice":"Memory 2","floor":39.0,"gold_loss":0.0,"damage_taken":5.0},{"damage_healed":0.0,"max_hp_gain":0.0,"max_hp_loss":0.0,"gold_gain":0.0,"event_name":"Mysterious Sphere","player_choice":"Fight","floor":41.0,"gold_loss":0.0,"damage_taken":0.0},{"cards_removed":["Combust"],"damage_healed":0.0,"max_hp_gain":0.0,"max_hp_loss":0.0,"gold_gain":0.0,"event_name":"Falling","player_choice":"Removed Power","floor":44.0,"gold_loss":0.0,"damage_taken":0.0},{"damage_healed":0.0,"max_hp_gain":0.0,"max_hp_loss":0.0,"gold_gain":0.0,"cards_transformed":["Strike_R"],"event_name":"Transmorgrifier","player_choice":"Transformed","floor":47.0,"gold_loss":0.0,"damage_taken":0.0,"cards_obtained":["Metallicize"]}],"is_beta":false,"boss_relics":[{"not_picked":["Busted Crown","Runic Pyramid"],"picked":"Mark of Pain"},{"not_picked":["Tiny House","Astrolabe"],"picked":"Snecko Eye"}],"items_purged_floors":[28],"is_endless":false,"potions_floor_spawned":[1,6,8,13,18,22,33,35,41,45],"ascension_level":7}