{"gold_per_floor":[117,117,137,102,120,120,134,134,134,168,198,6,6,19,19,119,119,135,145,164,83,183,183],"floor_reached":23,"playtime":1301,"items_purged":[],"score":248,"play_id":"ef4d2b1b-cbab-4f37-af39-b725dc7044e1","local_time":"20190330233909","is_ascension_mode":true,"campfire_choices":[{"data":"Neutralize","floor":6.0,"key":"SMITH"},{"data":"Sucker Punch","floor":8.0,"key":"SMITH"},{"data":"Noxious Fumes","floor":15.0,"key":"SMITH"}],"neow_cost":"NONE","seed_source_timestamp":0,"circlet_count":0,"master_deck":["Defend_G","Defend_G","Defend_G","Defend_G","Strike_G","Strike_G","Survivor","Neutralize+1","Quick Slash","Sucker Punch+1","PiercingWail","Dagger Spray","All Out Attack","Noxious Fumes+1","Cloak And Dagger","Backflip","Tools of the Trade","Eviscerate+1","Deflect+1","Wraith Form v2+1","Backflip","Deflect","Distraction","Terror"],"special_seed":0,"relics":["Ring of the Snake","NeowsBlessing","Tough Bandages","Calipers","Ancient Tea Set","Astrolabe"],"potions_floor_usage":[20],"damage_taken":[{"damage":0.0,"enemies":"Jaw Worm","floor":1.0,"turns":1.0},{"damage":0.0,"enemies":"Small Slimes","floor":3.0,"turns":1.0},{"damage":0.0,"enemies":"2 Louse","floor":5.0,"turns":1.0},{"damage":6.0,"enemies":"Looter","floor":7.0,"turns":3.0},{"damage":32.0,"enemies":"Lagavulin","floor":10.0,"turns":7.0},{"damage":0.0,"enemies":"Gremlin Gang","floor":14.0,"turns":1.0},{"damage":26.0,"enemies":"Hexaghost","floor":16.0,"turns":11.0},{"damage":8,"enemies":"Spheric Guardian","floor":18,"turns":7},{"damage":15,"enemies":"3 Byrds","floor":19,"turns":4},{"damage":21,"enemies":"Snake Plant","floor":20,"turns":7},{"damage":32,"enemies":"Book of Stabbing","floor":23,"turns":5}],"seed_played":"-3100611905714429103","potions_obtained":[{"floor":5.0,"key":"Dexterity Potion"},{"floor":7.0,"key":"Energy Potion"},{"floor":16.0,"key":"Regen Potion"},{"floor":18,"key":"Dexterity Potion"},{"floor":20,"key":"Weak Potion"}],"is_trial":false,"path_per_floor":["M","?","M","?","M","R","M","R","T","E","?","$","?","M","R","B",null,"M","M","M","$","?","E"],"character_chosen":"THE_SILENT","items_purchased":["Noxious Fumes","Cloak And Dagger","Fruit Juice","Terror"],"campfire_rested":0,"item_purchase_floors":[12,12,12,21],"current_hp_per_floor":[63,51,51,68,68,68,62,62,62,30,30,35,35,35,35,9,59,51,36,30,30,30,0],"gold":183,"neow_bonus":"THREE_ENEMY_KILL","is_prod":false,"is_daily":false,"chose_seed":false,"campfire_upgraded":3,"win_rate":0,"timestamp":1554010749,"path_taken":["M","?","M","?","M","R","M","R","T","E","?","$","?","M","R","BOSS","M","?","M","$","?","E"],"build_version":"2019-01-23","purchased_purges":0,"victory":false,"max_hp_per_floor":[70,70,70,70,70,70,70,70,70,70,70,75,75,75,75,75,75,75,75,75,75,75,75],"card_choices":[{"not_picked":["Deflect","Expertise"],"picked":"Quick Slash","floor":1.0},{"not_picked":["Dagger Throw","Dodge and Roll"],"picked":"Sucker Punch","floor":3.0},{"not_picked":["Escape Plan","Predator"],"picked":"PiercingWail","floor":5.0},{"not_picked":["PiercingWail","Finisher"],"picked":"Dagger Spray","floor":7.0},{"not_picked":["Corpse Explosion","Flying Knee"],"picked":"All Out Attack","floor":10.0},{"not_picked":["PiercingWail","Crippling Poison"],"picked":"Backflip","floor":14.0},{"not_picked":["A Thousand Cuts","Grand Finale"],"picked":"Tools of the Trade","floor":16.0},{"not_picked":["Quick Slash","Flying Knee"],"picked":"Backflip","floor":18},{"not_picked":["Dagger Spray","Slice"],"picked":"Deflect","floor":19},{"not_picked":["Slice","Quick Slash"],"picked":"Distraction","floor":20}],"player_experience":1942528,"relics_obtained":[{"floor":9.0,"key":"Calipers"},{"floor":10.0,"key":"Ancient Tea Set"}],"event_choices":[{"damage_healed":0.0,"max_hp_gain":0.0,"max_hp_loss":0.0,"gold_gain":0.0,"event_name":"Scrap Ooze","player_choice":"Success","floor":2.0,"gold_loss":0.0,"damage_taken":12.0,"relics_obtained":["Tough Bandages"]},{"damage_healed":17.0,"max_hp_gain":0.0,"max_hp_loss":0.0,"gold_gain":0.0,"event_name":"The Cleric","player_choice":"Healed","floor":4.0,"gold_loss":35.0,"damage_taken":0.0},{"damage_healed":0.0,"max_hp_gain":0.0,"max_hp_loss":0.0,"gold_gain":30.0,"event_name":"Dead Adventurer","player_choice":"Searched \u00271\u0027 times","floor":11.0,"gold_loss":0.0,"damage_taken":0.0},{"cards_removed":["Strike_G"],"damage_healed":0.0,"max_hp_gain":0.0,"max_hp_loss":0.0,"gold_gain":0.0,"event_name":"Bonfire Elementals","player_choice":"Offered Basic","floor":13.0,"gold_loss":0.0,"damage_taken":0.0},{"damage_healed":0,"gold_gain":100,"player_choice":"Pray","damage_taken":0,"max_hp_gain":0,"max_hp_loss":0,"event_name":"Golden Shrine","floor":22,"gold_loss":0}],"is_beta":false,"boss_relics":[{"not_picked":["Runic Dome","Orrery"],"picked":"Astrolabe"}],"items_purged_floors":[],"is_endless":false,"potions_floor_spawned":[5,7,16,18,20],"killed_by":"Book of Stabbing","ascension_level":6}