{"gold_per_floor":[99],"floor_reached":1,"playtime":63,"items_purged":[],"score":5,"play_id":"e86de8ba-460f-460a-94d2-a1f75c9486bb","local_time":"20190412101206","daily_mods":["Draft","Uncertain Future","Binary"],"is_ascension_mode":false,"campfire_choices":[],"neow_cost":"","seed_source_timestamp":0,"circlet_count":0,"master_deck":["Underhanded Strike","Deflect","Deadly Poison","Tactician","Backflip","Quick Slash","Backflip","Underhanded Strike","Prepared","Dagger Throw","Quick Slash","PiercingWail","Quick Slash","Blade Dance","Prepared"],"special_seed":17997,"relics":["Ring of the Snake"],"potions_floor_usage":[],"damage_taken":[{"damage":0,"enemies":"Cultist","floor":1,"turns":1}],"seed_played":"6366022716300994326","potions_obtained":[],"is_trial":false,"path_per_floor":["M"],"character_chosen":"THE_SILENT","items_purchased":[],"campfire_rested":0,"item_purchase_floors":[],"current_hp_per_floor":[70],"gold":99,"neow_bonus":"","is_prod":false,"is_daily":true,"chose_seed":false,"campfire_upgraded":0,"win_rate":0.0,"timestamp":1555035126,"path_taken":["M"],"build_version":"2019-01-23","purchased_purges":0,"victory":false,"max_hp_per_floor":[70],"card_choices":[{"not_picked":["Backflip","Prepared"],"picked":"Underhanded Strike","floor":0.0},{"not_picked":["Outmaneuver","Sucker Punch"],"picked":"Deflect","floor":0.0},{"not_picked":["Outmaneuver","PiercingWail"],"picked":"Deadly Poison","floor":0.0},{"not_picked":["Dagger Throw","Reflex"],"picked":"Tactician","floor":0.0},{"not_picked":["Dodge and Roll","Sucker Punch"],"picked":"Backflip","floor":0.0},{"not_picked":["Outmaneuver","Cloak And Dagger"],"picked":"Quick Slash","floor":0.0},{"not_picked":["Heel Hook","Dodge and Roll"],"picked":"Backflip","floor":0.0},{"not_picked":["Sucker Punch","Acrobatics"],"picked":"Underhanded Strike","floor":0.0},{"not_picked":["Cloak And Dagger","Bane"],"picked":"Prepared","floor":0.0},{"not_picked":["Prepared","Sucker Punch"],"picked":"Dagger Throw","floor":0.0},{"not_picked":["Dash","Deadly Poison"],"picked":"Quick Slash","floor":0.0},{"not_picked":["Heel Hook","Catalyst"],"picked":"PiercingWail","floor":0.0},{"not_picked":["Bane","Reflex"],"picked":"Quick Slash","floor":0.0},{"not_picked":["Well Laid Plans","Blur"],"picked":"Blade Dance","floor":0.0},{"not_picked":["Caltrops","Underhanded Strike"],"picked":"Prepared","floor":0.0}],"player_experience":40027,"relics_obtained":[],"event_choices":[],"is_beta":false,"boss_relics":[],"items_purged_floors":[],"is_endless":false,"potions_floor_spawned":[],"killed_by":"Cultist","ascension_level":0}