{"gold_per_floor":[113,125,145,155,175,175,175,195,195,160,179,179,179,204,204,329,329,354,354,131,131,149,190,190,190,190,208,208,223,223,236,236,357,357,373,45,45,63,63,63,103,103,103,126,126,147,272,605,605,605],"floor_reached":50,"playtime":5984,"items_purged":["Strike_G"],"score":633,"play_id":"d3672105-4deb-484b-b958-c066bf4e2b0c","local_time":"20190208210154","is_ascension_mode":true,"campfire_choices":[{"data":"Glass Knife","floor":6.0,"key":"SMITH"},{"data":"Night Terror","floor":13.0,"key":"SMITH"},{"data":"Neutralize","floor":15.0,"key":"SMITH"},{"floor":24.0,"key":"REST"},{"floor":30.0,"key":"REST"},{"floor":32.0,"key":"REST"},{"floor":40,"key":"RECALL"},{"floor":42,"key":"REST"},{"floor":49,"key":"DIG"}],"neow_cost":"NONE","seed_source_timestamp":0,"circlet_count":0,"master_deck":["Defend_G","Defend_G+1","Defend_G","Defend_G","Defend_G+1","Strike_G","Strike_G","Survivor","Neutralize+1","Glass Knife+1","Escape Plan","Blur","Sucker Punch","Sucker Punch","Night Terror+1","Burst","Flying Knee+1","Bandage Up","PiercingWail","Footwork","Blade Dance","Unload","Cloak And Dagger+1","Writhe","Venomology","Expertise+1","Concentrate","Dagger Throw","A Thousand Cuts","Neutralize","Backflip+1","Prepared+1"],"special_seed":0,"relics":["Ring of the Snake","Meat on the Bone","Orichalcum","Fusion Hammer","Nunchaku","Oddly Smooth Stone","Ornamental Fan","Runic Pyramid","Paper Crane","The Courier","Kunai","Shovel","Lantern"],"potions_floor_usage":[38,41,41,45,46,47,50,50,50,50],"damage_taken":[{"damage":0.0,"enemies":"Jaw Worm","floor":1.0,"turns":3.0},{"damage":0.0,"enemies":"2 Louse","floor":2.0,"turns":2.0},{"damage":0.0,"enemies":"Small Slimes","floor":3.0,"turns":3.0},{"damage":8.0,"enemies":"Looter","floor":4.0,"turns":3.0},{"damage":4.0,"enemies":"3 Louse","floor":5.0,"turns":4.0},{"damage":0.0,"enemies":"2 Fungi Beasts","floor":8.0,"turns":4.0},{"damage":0.0,"enemies":"Exordium Wildlife","floor":11.0,"turns":3.0},{"damage":22.0,"enemies":"Hexaghost","floor":16.0,"turns":10.0},{"damage":8.0,"enemies":"Spheric Guardian","floor":18.0,"turns":6.0},{"damage":0.0,"enemies":"2 Thieves","floor":21.0,"turns":1.0},{"damage":22.0,"enemies":"Snake Plant","floor":22.0,"turns":9.0},{"damage":60.0,"enemies":"Slavers","floor":23.0,"turns":14.0},{"damage":11.0,"enemies":"Snecko","floor":27.0,"turns":5.0},{"damage":0.0,"enemies":"Centurion and Healer","floor":29.0,"turns":6.0},{"damage":0.0,"enemies":"Shelled Parasite and Fungi","floor":31.0,"turns":3.0},{"damage":76.0,"enemies":"Collector","floor":33.0,"turns":25.0},{"damage":0,"enemies":"3 Shapes","floor":35,"turns":7},{"damage":5,"enemies":"3 Darklings","floor":38,"turns":5},{"damage":29,"enemies":"Reptomancer","floor":41,"turns":8},{"damage":6,"enemies":"Spire Growth","floor":44,"turns":5},{"damage":0,"enemies":"Transient","floor":45,"turns":1},{"damage":24,"enemies":"Jaw Worm Horde","floor":46,"turns":5},{"damage":6,"enemies":"Mind Bloom Boss Battle","floor":47,"turns":9},{"damage":80,"enemies":"Time Eater","floor":50,"turns":9}],"seed_played":"-8960625153788602057","potions_obtained":[{"floor":1.0,"key":"SmokeBomb"},{"floor":3.0,"key":"EssenceOfSteel"},{"floor":5.0,"key":"PowerPotion"},{"floor":16.0,"key":"Dexterity Potion"},{"floor":22.0,"key":"Dexterity Potion"},{"floor":23.0,"key":"GhostInAJar"},{"floor":33.0,"key":"EssenceOfSteel"},{"floor":41,"key":"PowerPotion"},{"floor":44,"key":"Regen Potion"},{"floor":47,"key":"SneckoOil"}],"is_trial":false,"path_per_floor":["M","M","M","M","M","R","?","M","T","?","M","?","R","T","R","B",null,"M","?","$","M","M","E","R","?","T","M","?","M","R","M","R","B",null,"M","$","?","M","$","R","E","R","T","M","M","M","?","?","R","B"],"character_chosen":"THE_SILENT","items_purchased":["Bandage Up","Dexterity Potion","Concentrate","Paper Crane","Dagger Throw"],"campfire_rested":4,"item_purchase_floors":[20,20,36,36,36],"current_hp_per_floor":[70,70,70,62,58,58,44,44,44,61,61,44,44,44,44,34,61,53,53,53,53,47,15,36,36,36,45,45,53,70,70,70,14,56,70,70,70,69,69,69,41,62,62,60,60,52,62,62,62,0],"gold":605,"neow_bonus":"ONE_RANDOM_RARE_CARD","is_prod":false,"is_daily":false,"chose_seed":false,"campfire_upgraded":3,"win_rate":0,"timestamp":1549684914,"path_taken":["M","M","M","M","M","R","?","M","T","?","M","?","R","?","R","BOSS","M","?","$","M","M","E","R","?","T","M","?","M","R","M","R","BOSS","M","$","?","M","?","R","E","R","T","M","M","?","?","?","R","BOSS"],"build_version":"2019-01-23","purchased_purges":1,"victory":false,"max_hp_per_floor":[70,70,70,70,70,70,70,70,70,70,70,70,70,70,70,70,70,70,70,70,70,70,70,70,70,70,70,70,70,70,70,70,70,70,70,70,70,70,70,70,70,70,70,70,70,70,70,70,70,70],"card_choices":[{"not_picked":["Dodge and Roll","Riddle With Holes"],"picked":"Escape Plan","floor":1.0},{"not_picked":["Reflex","Outmaneuver","Bane"],"picked":"SKIP","floor":2.0},{"not_picked":["Escape Plan","Bane"],"picked":"Blur","floor":3.0},{"not_picked":["Blade Dance","Blur"],"picked":"Sucker Punch","floor":4.0},{"not_picked":["Cloak And Dagger","Quick Slash"],"picked":"Sucker Punch","floor":5.0},{"not_picked":["Dodge and Roll","Reflex"],"picked":"Night Terror","floor":8.0},{"not_picked":["Deflect","Deadly Poison","Dagger Throw"],"picked":"SKIP","floor":11.0},{"not_picked":["Night Terror","Glass Knife"],"picked":"Burst","floor":16.0},{"not_picked":["Bane+1","Quick Slash"],"picked":"Flying Knee+1","floor":18.0},{"not_picked":["Flying Knee","Catalyst"],"picked":"PiercingWail","floor":22.0},{"not_picked":["Accuracy+1","Outmaneuver"],"picked":"Footwork","floor":23.0},{"not_picked":["Prepared","Catalyst"],"picked":"Cloak And Dagger+1","floor":27.0},{"not_picked":["Grand Finale","Deflect+1","Poisoned Stab+1"],"picked":"SKIP","floor":29.0},{"not_picked":["Setup","Flechettes","Blade Dance"],"picked":"SKIP","floor":31.0},{"not_picked":["Grand Finale","Die Die Die"],"picked":"Venomology","floor":33.0},{"not_picked":["Backflip","Blade Dance"],"picked":"Expertise+1","floor":35},{"not_picked":["Outmaneuver","Endless Agony","Choke"],"picked":"SKIP","floor":38},{"not_picked":["Poisoned Stab+1","Quick Slash"],"picked":"Backflip+1","floor":41},{"not_picked":["Bane","Reflex","Acrobatics"],"picked":"SKIP","floor":44},{"not_picked":["Skewer+1","Underhanded Strike+1"],"picked":"Prepared+1","floor":46}],"player_experience":1779251,"relics_obtained":[{"floor":9.0,"key":"Meat on the Bone"},{"floor":14.0,"key":"Orichalcum"},{"floor":23.0,"key":"Nunchaku"},{"floor":26.0,"key":"Oddly Smooth Stone"},{"floor":41,"key":"The Courier"},{"floor":43,"key":"Kunai"},{"floor":47,"key":"Shovel"},{"floor":49,"key":"Lantern"}],"event_choices":[{"damage_healed":0.0,"max_hp_gain":0.0,"max_hp_loss":0.0,"gold_gain":0.0,"event_name":"Shining Light","player_choice":"Entered Light","floor":7.0,"gold_loss":0.0,"damage_taken":14.0,"cards_upgraded":["Defend_G","Defend_G"]},{"damage_healed":17.0,"max_hp_gain":0.0,"max_hp_loss":0.0,"gold_gain":0.0,"event_name":"The Cleric","player_choice":"Healed","floor":10.0,"gold_loss":35.0,"damage_taken":0.0},{"damage_healed":0.0,"max_hp_gain":0.0,"max_hp_loss":0.0,"gold_gain":0.0,"event_name":"Golden Idol","player_choice":"Take Damage","floor":12.0,"gold_loss":0.0,"damage_taken":17.0,"relics_obtained":["Golden Idol"]},{"damage_healed":0.0,"max_hp_gain":0.0,"max_hp_loss":0.0,"gold_gain":0.0,"event_name":"Ghosts","player_choice":"Ignored","floor":19.0,"gold_loss":0.0,"damage_taken":0.0},{"damage_healed":0.0,"max_hp_gain":0.0,"max_hp_loss":0.0,"gold_gain":0.0,"cards_transformed":["Strike_G","Strike_G"],"event_name":"Drug Dealer","player_choice":"Became Test Subject","floor":25.0,"gold_loss":0.0,"damage_taken":0.0,"cards_obtained":["Blade Dance","Unload"]},{"damage_healed":0.0,"max_hp_gain":0.0,"max_hp_loss":0.0,"gold_gain":0.0,"event_name":"The Mausoleum","player_choice":"Opened","floor":28.0,"gold_loss":0.0,"damage_taken":0.0,"relics_obtained":["Ornamental Fan"],"cards_obtained":["Writhe"]},{"damage_healed":0,"gold_gain":0,"player_choice":"2 cards matched","damage_taken":0,"max_hp_gain":0,"max_hp_loss":0,"event_name":"Match and Keep!","floor":37,"gold_loss":0,"cards_obtained":["A Thousand Cuts","Neutralize"]},{"damage_healed":0,"gold_gain":0,"player_choice":"Fight","damage_taken":0,"max_hp_gain":0,"max_hp_loss":0,"event_name":"MindBloom","floor":47,"gold_loss":0},{"damage_healed":0,"gold_gain":333,"player_choice":"Gave Idol","damage_taken":0,"max_hp_gain":0,"max_hp_loss":0,"event_name":"The Moai Head","floor":48,"relics_lost":["Golden Idol"],"gold_loss":0}],"is_beta":false,"boss_relics":[{"not_picked":["Velvet Choker","WristBlade"],"picked":"Fusion Hammer"},{"not_picked":["Sozu","Snecko Eye"],"picked":"Runic Pyramid"}],"items_purged_floors":[20],"is_endless":false,"potions_floor_spawned":[1,3,5,11,16,22,23,27,33,41,44,47],"killed_by":"Time Eater","ascension_level":5}