{"path_per_floor":["M","M","?","?","M","E","M","T","T","R","M","M","M","$","R","B",null,"M","$","?","M","M","R","M","E","T","M","T","M","E","M","R"],"character_chosen":"DEFECT","items_purchased":["Toolbox","Sunder"],"gold_per_floor":[119,136,136,311,327,367,386,386,386,386,404,420,434,69,69,194,194,214,114,114,138,151,151,167,210,210,235,262,281,315,339,339,339],"floor_reached":33,"campfire_rested":2,"playtime":12594,"item_purchase_floors":[14,14],"current_hp_per_floor":[68,66,49,49,42,34,31,31,31,31,32,35,40,40,60,53,68,58,58,58,59,59,59,68,59,59,49,49,57,30,39,59,0],"items_purged":["Doubt","Strike_B"],"gold":339,"score":293,"play_id":"5c0cf95f-8656-4f45-8cd3-7dbd48b19f34","local_time":"20180606003716","is_prod":false,"is_daily":false,"chose_seed":false,"is_ascension_mode":false,"campfire_upgraded":2,"win_rate":0,"timestamp":1528267036,"campfire_choices":[{"data":"Conserve Battery","floor":10,"key":"SMITH"},{"floor":15,"key":"REST"},{"data":"Machine Learning","floor":23,"key":"SMITH"},{"floor":32,"key":"REST"}],"path_taken":["M","M","?","?","M","E","?","?","T","R","M","M","M","$","R","BOSS","M","$","?","M","?","R","M","E","T","M","?","M","E","M","R","BOSS"],"build_version":"2018-05-31","seed_source_timestamp":5137876693694251,"purchased_purges":2,"victory":false,"master_deck":["Strike_B","Strike_B","Strike_B","Defend_B","Defend_B","Defend_B","Defend_B","Zap","Dualcast","Machine Learning+1","Compile Driver","Go for the Eyes","Sweeping Beam","Conserve Battery+1","Self Repair","Loop","Coolheaded","Leap","Sunder","Buffer","Steam Power+1","Darkness+1","Chill","Chill+1","Beam Cell+1","Aggregate+1","Rainbow+1"],"max_hp_per_floor":[68,68,68,68,68,68,68,68,68,68,68,68,68,68,68,68,68,68,68,68,68,68,68,68,68,68,68,68,68,68,68,68,68],"relics":["Cracked Core","Golden Idol","Bottled Lightning","Dodecahedron","Blood Vial","Toolbox","Nuclear Battery","Toxic Egg 2","Bottled Flame","Vajra","Bag of Marbles"],"card_choices":[{"not_picked":["Seek","Meteor Strike"],"picked":"Machine Learning","floor":0},{"not_picked":["Rip and Tear","Lockon"],"picked":"Compile Driver","floor":1},{"not_picked":["White Noise","Steam"],"picked":"Go for the Eyes","floor":2},{"not_picked":["Hologram","Chaos"],"picked":"Sweeping Beam","floor":5},{"not_picked":["Steam","Buffer"],"picked":"Conserve Battery","floor":6},{"not_picked":["Steam","Compile Driver"],"picked":"Self Repair","floor":7},{"not_picked":["Go for the Eyes","Barrage"],"picked":"Loop","floor":11},{"not_picked":["Steam Power","Go for the Eyes"],"picked":"Coolheaded","floor":12},{"not_picked":["Tempest","Compile Driver"],"picked":"Leap","floor":13},{"not_picked":["Seek","Multi-Cast"],"picked":"Buffer","floor":16},{"not_picked":["Force Field","Ball Lightning"],"picked":"Steam Power+1","floor":18},{"not_picked":["Stack","Gash+1"],"picked":"Darkness+1","floor":21},{"not_picked":["Go for the Eyes+1","Rebound"],"picked":"Chill","floor":22},{"not_picked":["White Noise","Barrage","Reinforced Body"],"picked":"SKIP","floor":24},{"not_picked":["All For One","Sweeping Beam"],"picked":"Chill+1","floor":25},{"not_picked":["Barrage","Stack+1"],"picked":"Beam Cell+1","floor":27},{"not_picked":["Gash","Amplify+1"],"picked":"Aggregate+1","floor":29},{"not_picked":["Rebound","Reinforced Body+1"],"picked":"Rainbow+1","floor":30},{"not_picked":["Loop+1","Rebound","Barrage"],"picked":"SKIP","floor":31}],"player_experience":691327,"potions_floor_usage":[6,13,21,24,25,27,33,33],"damage_taken":[{"damage":0,"enemies":"Cultist","floor":1,"turns":4},{"damage":2,"enemies":"Small Slimes","floor":2,"turns":4},{"damage":7,"enemies":"Jaw Worm","floor":5,"turns":4},{"damage":8,"enemies":"3 Sentries","floor":6,"turns":7},{"damage":3,"enemies":"2 Fungi Beasts","floor":7,"turns":4},{"damage":8,"enemies":"Red Slaver","floor":11,"turns":5},{"damage":6,"enemies":"Lots of Slimes","floor":12,"turns":5},{"damage":4,"enemies":"Exordium Wildlife","floor":13,"turns":7},{"damage":16,"enemies":"Slime Boss","floor":16,"turns":9},{"damage":10,"enemies":"Spheric Guardian","floor":18,"turns":5},{"damage":8,"enemies":"Shell Parasite","floor":21,"turns":12},{"damage":9,"enemies":"Centurion and Healer","floor":22,"turns":7},{"damage":0,"enemies":"3 Cultists","floor":24,"turns":6},{"damage":16,"enemies":"Slavers","floor":25,"turns":8},{"damage":19,"enemies":"Snake Plant","floor":27,"turns":7},{"damage":1,"enemies":"Snecko","floor":29,"turns":5},{"damage":36,"enemies":"Gremlin Leader","floor":30,"turns":9},{"damage":0,"enemies":"Centurion and Healer","floor":31,"turns":6},{"damage":61,"enemies":"Collector","floor":33,"turns":11}],"relics_obtained":[{"floor":6,"key":"Bottled Lightning"},{"floor":8,"key":"Dodecahedron"},{"floor":9,"key":"Blood Vial"},{"floor":25,"key":"Toxic Egg 2"},{"floor":26,"key":"Bottled Flame"},{"floor":28,"key":"Vajra"},{"floor":30,"key":"Bag of Marbles"}],"event_choices":[{"event_name":"Golden Idol","player_choice":"Take Damage","floor":3,"damage_taken":0},{"event_name":"Liars Game","player_choice":"agreed","floor":4,"damage_taken":0},{"event_name":"Drug Dealer","player_choice":"Ignored","floor":20,"damage_taken":0}],"boss_relics":[{"not_picked":["Black Star","White Beast Statue"],"picked":"Nuclear Battery"}],"items_purged_floors":[14,19],"potions_floor_spawned":[5,7,11,16,22,25,30,31],"seed_played":"-4670596740415436874","killed_by":"Collector","ascension_level":0,"potions_obtained":[{"floor":5,"key":"EssenceOfSteel"},{"floor":7,"key":"LiquidBronze"},{"floor":11,"key":"Block Potion"},{"floor":16,"key":"Swift Potion"},{"floor":22,"key":"Block Potion"},{"floor":25,"key":"Weak Potion"},{"floor":30,"key":"Dexterity Potion"},{"floor":31,"key":"FearPotion"}],"is_trial":false}