{"gold_per_floor":[112,125,140,140,157,157,174,174,200,200,229,245,245,256,256,358,358,371,371,371,296,310,310,329,346,346,21,21,21,21,38,38,137,137,157,176,106,106,56,88,88,104,104,104,204,204,224,224,224,224],"floor_reached":51,"playtime":5485,"items_purged":["Bite"],"score":746,"play_id":"2ec4259f-6e55-45ae-a93e-b61daedfe4f4","local_time":"20190102020417","is_ascension_mode":true,"campfire_choices":[{"data":"Sucker Punch","floor":6.0,"key":"SMITH"},{"data":"Acrobatics","floor":8.0,"key":"SMITH"},{"data":"Survivor","floor":10.0,"key":"SMITH"},{"floor":15.0,"key":"REST"},{"data":"Envenom","floor":23.0,"key":"SMITH"},{"data":"Footwork","floor":32.0,"key":"SMITH"},{"data":"Noxious Fumes","floor":41,"key":"SMITH"},{"data":"Bouncing Flask","floor":44,"key":"SMITH"},{"data":"Flying Knee","floor":46,"key":"SMITH"},{"data":"Backflip","floor":49,"key":"SMITH"}],"neow_cost":"NONE","seed_source_timestamp":0,"circlet_count":0,"master_deck":["Defend_G","Defend_G","Defend_G","Defend_G","Survivor+1","Neutralize+1","Acrobatics+1","Backflip+1","Sucker Punch+1","Dash+1","Dagger Spray","Envenom+1","Bite","Bite","Bite","Bite","Cloak And Dagger","Backstab","Footwork+1","Flying Knee+1","Storm of Steel","Blade Dance+1","Blur+1","Noxious Fumes+1","Footwork+1","Bouncing Flask+1","Dodge and Roll+1","Backflip"],"special_seed":0,"relics":["Ring of the Serpent","Vajra","Smiling Mask","Omamori","MutagenicStrength","Pantograph","Thread and Needle","Art of War","Sozu","Letter Opener","Question Card","Calipers"],"potions_floor_usage":[],"damage_taken":[{"damage":1.0,"enemies":"2 Louse","floor":1.0,"turns":3.0},{"damage":2.0,"enemies":"Cultist","floor":2.0,"turns":4.0},{"damage":0.0,"enemies":"Jaw Worm","floor":3.0,"turns":5.0},{"damage":5.0,"enemies":"2 Fungi Beasts","floor":5.0,"turns":4.0},{"damage":4.0,"enemies":"Large Slime","floor":7.0,"turns":5.0},{"damage":16.0,"enemies":"3 Sentries","floor":11.0,"turns":14.0},{"damage":0.0,"enemies":"Exordium Wildlife","floor":12.0,"turns":4.0},{"damage":0.0,"enemies":"3 Louse","floor":14.0,"turns":3.0},{"damage":26.0,"enemies":"The Guardian","floor":16.0,"turns":16.0},{"damage":21.0,"enemies":"Spheric Guardian","floor":18.0,"turns":10.0},{"damage":11.0,"enemies":"2 Thieves","floor":22.0,"turns":5.0},{"damage":14.0,"enemies":"Shelled Parasite and Fungi","floor":24.0,"turns":10.0},{"damage":19.0,"enemies":"Cultist and Chosen","floor":25.0,"turns":8.0},{"damage":0.0,"enemies":"Colosseum Slavers","floor":28.0,"turns":5.0},{"damage":9.0,"enemies":"3 Cultists","floor":31.0,"turns":6.0},{"damage":69.0,"enemies":"Automaton","floor":33.0,"turns":17.0},{"damage":0,"enemies":"3 Shapes","floor":35,"turns":4},{"damage":0,"enemies":"Orb Walker","floor":36,"turns":3},{"damage":19,"enemies":"Reptomancer","floor":40,"turns":8},{"damage":17,"enemies":"4 Shapes","floor":42,"turns":6},{"damage":0,"enemies":"Mind Bloom Boss Battle","floor":45,"turns":10},{"damage":31,"enemies":"Writhing Mass","floor":47,"turns":8},{"damage":3,"enemies":"Time Eater","floor":50,"turns":18}],"seed_played":"1028643418996899171","potions_obtained":[{"floor":2.0,"key":"Swift Potion"},{"floor":5.0,"key":"Weak Potion"},{"floor":12.0,"key":"Energy Potion"},{"floor":16.0,"key":"Weak Potion"},{"floor":18.0,"key":"SpeedPotion"},{"floor":24.0,"key":"AttackPotion"},{"floor":25.0,"key":"Poison Potion"}],"is_trial":false,"path_per_floor":["M","M","M","?","M","R","M","R","T","R","E","M","?","M","R","B",null,"M","?","?","?","M","R","M","M","T","$","?","$","?","M","R","B",null,"M","M","$","?","$","E","R","M","T","R","?","R","M","?","R","B",null],"character_chosen":"THE_SILENT","items_purchased":["Thread and Needle","Footwork","Noxious Fumes"],"campfire_rested":1,"item_purchase_floors":[27,27,37],"current_hp_per_floor":[69,67,67,67,62,62,58,58,58,58,42,42,42,42,63,37,70,49,49,49,49,49,49,47,35,35,35,47,47,47,44,44,6,49,49,49,49,49,49,48,48,43,43,43,49,49,28,28,28,49],"gold":224,"neow_bonus":"UPGRADE_CARD","is_prod":false,"is_daily":false,"chose_seed":false,"campfire_upgraded":9,"win_rate":0,"timestamp":1546419857,"path_taken":["M","M","M","?","M","R","?","R","T","R","E","M","?","M","R","BOSS","M","?","?","?","?","R","M","M","T","$","?","$","?","M","R","BOSS","M","M","$","?","$","E","R","?","T","R","?","R","M","?","R","BOSS"],"build_version":"2018-12-20","purchased_purges":1,"victory":true,"max_hp_per_floor":[70,70,70,70,70,70,70,70,70,70,70,70,70,70,70,70,70,70,49,49,49,49,49,49,49,49,49,49,49,49,49,49,49,49,49,49,49,49,49,49,49,49,49,49,49,49,49,49,49,49],"card_choices":[{"not_picked":["Dagger Throw","Slice"],"picked":"Acrobatics","floor":1.0},{"not_picked":["Bane","Expertise"],"picked":"Backflip","floor":2.0},{"not_picked":["Endless Agony","Heel Hook","Flechettes"],"picked":"SKIP","floor":3.0},{"not_picked":["Bouncing Flask","Deadly Poison"],"picked":"Sucker Punch","floor":5.0},{"not_picked":["Poisoned Stab","Outmaneuver","Setup"],"picked":"SKIP","floor":7.0},{"not_picked":["Expertise","Acrobatics"],"picked":"Dash","floor":11.0},{"not_picked":["Cloak And Dagger","Expertise"],"picked":"Dagger Spray","floor":12.0},{"not_picked":["Deadly Poison","Setup","Deflect"],"picked":"SKIP","floor":14.0},{"not_picked":["Night Terror","After Image"],"picked":"Envenom","floor":16.0},{"not_picked":["Dagger Spray","Blade Dance","Poisoned Stab"],"picked":"SKIP","floor":18.0},{"not_picked":["Acrobatics","Underhanded Strike"],"picked":"Cloak And Dagger","floor":22.0},{"not_picked":["Quick Slash","Escape Plan"],"picked":"Backstab","floor":24.0},{"not_picked":["Dagger Spray","Cloak And Dagger","Prepared"],"picked":"SKIP","floor":25.0},{"not_picked":["Slice","Outmaneuver"],"picked":"Flying Knee","floor":31.0},{"not_picked":["Envenom","Phantasmal Killer"],"picked":"Storm of Steel","floor":33.0},{"not_picked":["Deflect","Calculated Gamble"],"picked":"Blade Dance+1","floor":35},{"not_picked":["Blade Dance","Riddle With Holes"],"picked":"Blur+1","floor":36},{"not_picked":["Eviscerate","All Out Attack+1"],"picked":"Bouncing Flask","floor":40},{"not_picked":["Concentrate+1","Flechettes"],"picked":"Dodge and Roll+1","floor":42},{"not_picked":["Bouncing Flask","PiercingWail+1","Poisoned Stab"],"picked":"Backflip","floor":45},{"not_picked":["Acrobatics","Skewer+1","PiercingWail","Eviscerate+1"],"picked":"SKIP","floor":47}],"player_experience":1651755,"relics_obtained":[{"floor":4.0,"key":"Vajra"},{"floor":9.0,"key":"Smiling Mask"},{"floor":11.0,"key":"Omamori"},{"floor":26.0,"key":"Pantograph"},{"floor":40,"key":"Letter Opener"},{"floor":43,"key":"Question Card"},{"floor":45,"key":"Calipers"}],"event_choices":[{"damage_healed":0.0,"max_hp_gain":0.0,"max_hp_loss":0.0,"gold_gain":0.0,"event_name":"Wheel of Change","player_choice":"Relic","floor":4.0,"gold_loss":0.0,"damage_taken":0.0},{"damage_healed":0.0,"max_hp_gain":0.0,"max_hp_loss":0.0,"gold_gain":0.0,"event_name":"Living Wall","player_choice":"Grow","floor":13.0,"gold_loss":0.0,"damage_taken":0.0,"cards_upgraded":["Dash"]},{"damage_healed":0.0,"max_hp_gain":0.0,"max_hp_loss":21.0,"gold_gain":0.0,"event_name":"Vampires","player_choice":"Became a vampire","floor":19.0,"gold_loss":0.0,"damage_taken":0.0,"cards_obtained":["Bite","Bite","Bite","Bite","Bite"]},{"damage_healed":0.0,"max_hp_gain":0.0,"max_hp_loss":0.0,"gold_gain":0.0,"event_name":"Drug Dealer","player_choice":"Inject Mutagens","floor":20.0,"gold_loss":0.0,"damage_taken":0.0,"relics_obtained":["MutagenicStrength"]},{"cards_removed":["Defend_G"],"damage_healed":0.0,"max_hp_gain":0.0,"max_hp_loss":0.0,"gold_gain":0.0,"event_name":"Beggar","player_choice":"Gave Gold","floor":21.0,"gold_loss":75.0,"damage_taken":0.0},{"damage_healed":0.0,"max_hp_gain":0.0,"max_hp_loss":0.0,"gold_gain":0.0,"event_name":"Colosseum","player_choice":"Fight","floor":28.0,"gold_loss":0.0,"damage_taken":0.0},{"damage_healed":0.0,"max_hp_gain":0.0,"max_hp_loss":0.0,"gold_gain":0.0,"event_name":"Colosseum","player_choice":"Fled From Nobs","floor":28.0,"gold_loss":0.0,"damage_taken":0.0},{"damage_healed":0.0,"max_hp_gain":0.0,"max_hp_loss":0.0,"gold_gain":0.0,"event_name":"The Mausoleum","player_choice":"Opened","floor":30.0,"gold_loss":0.0,"damage_taken":0.0,"relics_obtained":["Art of War"],"cards_obtained":["Writhe"]},{"damage_healed":0,"gold_gain":0,"player_choice":"Copied","damage_taken":0,"max_hp_gain":0,"max_hp_loss":0,"event_name":"Duplicator","floor":38,"gold_loss":0,"cards_obtained":["Footwork"]},{"damage_healed":0,"gold_gain":0,"player_choice":"Fight","damage_taken":0,"max_hp_gain":0,"max_hp_loss":0,"event_name":"MindBloom","floor":45,"gold_loss":0},{"damage_healed":0,"gold_gain":0,"player_choice":"Ignored","damage_taken":0,"max_hp_gain":0,"max_hp_loss":0,"event_name":"Mysterious Sphere","floor":48,"gold_loss":0}],"is_beta":false,"boss_relics":[{"not_picked":["Coffee Dripper","Black Star"],"picked":"Ring of the Serpent"},{"not_picked":["Orrery","Empty Cage"],"picked":"Sozu"}],"items_purged_floors":[39],"is_endless":false,"potions_floor_spawned":[2,5,12,16,18,24,25,40,42],"ascension_level":3}