{"gold_per_floor":[113,113,14,14,34,34,55,75,75,75],"floor_reached":10,"playtime":194,"items_purged":[],"score":61,"play_id":"7e97d7bf-a352-415f-bd5f-a84acac8e0fc","local_time":"20190418162042","is_ascension_mode":true,"campfire_choices":[{"data":"True Grit","floor":6,"key":"SMITH"}],"neow_cost":"NONE","seed_source_timestamp":193576250207644,"circlet_count":0,"master_deck":["Strike_R","Strike_R","Strike_R","Strike_R+1","Strike_R+1","Defend_R","Defend_R","Defend_R","Defend_R","Bash","Feel No Pain","True Grit+1","Cleave","Spot Weakness","Shrug It Off"],"relics":["Burning Blood","NeowsBlessing","Golden Idol","Bottled Lightning"],"potions_floor_usage":[10],"damage_taken":[{"damage":0,"enemies":"Small Slimes","floor":1,"turns":1},{"damage":0,"enemies":"Jaw Worm","floor":5,"turns":1},{"damage":2,"enemies":"2 Louse","floor":7,"turns":2},{"damage":13,"enemies":"Red Slaver","floor":8,"turns":4},{"damage":50,"enemies":"Gremlin Nob","floor":10,"turns":5}],"seed_played":"5140142968825418571","potions_obtained":[{"floor":1,"key":"LiquidBronze"}],"is_trial":false,"path_per_floor":["M","?","$","?","M","R","M","M","T","E"],"character_chosen":"IRONCLAD","items_purchased":["Feel No Pain","True Grit"],"campfire_rested":0,"item_purchase_floors":[3,3],"current_hp_per_floor":[80,64,64,44,50,50,54,47,47,0],"gold":75,"neow_bonus":"THREE_ENEMY_KILL","is_prod":false,"is_daily":false,"chose_seed":false,"campfire_upgraded":1,"win_rate":0,"timestamp":1555575642,"path_taken":["M","?","$","?","M","R","M","M","T","E"],"build_version":"2019-01-23","purchased_purges":0,"victory":false,"max_hp_per_floor":[80,80,80,80,80,80,80,80,80,80],"card_choices":[{"not_picked":["Hemokinesis","Searing Blow","Havoc"],"picked":"SKIP","floor":1},{"not_picked":["Cleave","Thunderclap","Wild Strike"],"picked":"SKIP","floor":5},{"not_picked":["Thunderclap","Wild Strike"],"picked":"Cleave","floor":5},{"not_picked":["Inflame","Dual Wield"],"picked":"Spot Weakness","floor":7},{"not_picked":["Sever Soul","Whirlwind"],"picked":"Shrug It Off","floor":8}],"player_experience":64908,"relics_obtained":[{"floor":9,"key":"Bottled Lightning"}],"event_choices":[{"damage_healed":0,"gold_gain":0,"player_choice":"Entered Light","damage_taken":16,"max_hp_gain":0,"max_hp_loss":0,"event_name":"Shining Light","floor":2,"gold_loss":0,"cards_upgraded":["Strike_R","Strike_R"]},{"damage_healed":0,"gold_gain":0,"player_choice":"Take Damage","damage_taken":20,"relics_obtained":["Golden Idol"],"max_hp_gain":0,"max_hp_loss":0,"event_name":"Golden Idol","floor":4,"gold_loss":0}],"is_beta":false,"boss_relics":[],"items_purged_floors":[],"is_endless":false,"potions_floor_spawned":[1],"killed_by":"Gremlin Nob","ascension_level":1}