{"gold_per_floor":[114,79,89,20,30,30,30,55,55,71,71,45,45,61,61,61],"floor_reached":16,"playtime":509,"items_purged":[],"score":107,"play_id":"61cc074b-8a7a-4c17-b535-0d9312c4a5ef","local_time":"20190420020823","is_ascension_mode":true,"campfire_choices":[{"data":"Anger","floor":6,"key":"SMITH"},{"data":"Flame Barrier","floor":11,"key":"SMITH"},{"data":"Uppercut","floor":13,"key":"SMITH"},{"data":"Spot Weakness","floor":15,"key":"SMITH"}],"neow_cost":"NONE","seed_source_timestamp":55314648818900,"circlet_count":0,"master_deck":["Strike_R","Strike_R","Strike_R","Strike_R","Strike_R","Defend_R","Defend_R","Defend_R","Defend_R","Bash","Purity","Shockwave","Anger+1","Exhume","Flame Barrier+1","Uppercut+1","Spot Weakness+1"],"relics":["Burning Blood","Paper Frog","Meat on the Bone"],"potions_floor_usage":[8,16,16],"damage_taken":[{"damage":8,"enemies":"Jaw Worm","floor":1,"turns":4},{"damage":6,"enemies":"2 Louse","floor":3,"turns":2},{"damage":5,"enemies":"Cultist","floor":5,"turns":4},{"damage":43,"enemies":"3 Sentries","floor":8,"turns":7},{"damage":6,"enemies":"Blue Slaver","floor":10,"turns":5},{"damage":19,"enemies":"Exordium Thugs","floor":12,"turns":5},{"damage":4,"enemies":"Red Slaver","floor":14,"turns":3},{"damage":46,"enemies":"The Guardian","floor":16,"turns":9}],"seed_played":"-5261364177777691064","potions_obtained":[{"floor":3,"key":"LiquidBronze"},{"floor":5,"key":"Poison Potion"},{"floor":12,"key":"Dexterity Potion"}],"is_trial":false,"path_per_floor":["M","?","M","$","M","R","?","E","T","M","R","M","R","M","R","B"],"character_chosen":"IRONCLAD","items_purchased":["Shockwave"],"campfire_rested":0,"item_purchase_floors":[4],"current_hp_per_floor":[78,78,78,78,79,79,79,42,42,54,54,53,53,55,55,9],"gold":61,"neow_bonus":"RANDOM_COLORLESS","is_prod":false,"is_daily":false,"chose_seed":false,"campfire_upgraded":4,"win_rate":0,"timestamp":1555697303,"path_taken":["M","?","M","$","M","R","?","E","T","M","R","M","R","M","R","BOSS"],"build_version":"2019-01-23","purchased_purges":0,"victory":false,"max_hp_per_floor":[80,80,80,80,80,80,80,80,80,80,80,80,80,80,80,80],"card_choices":[{"not_picked":["Rage","Sentinel","Clothesline"],"picked":"SKIP","floor":1},{"not_picked":["Rampage","Clash","Warcry"],"picked":"SKIP","floor":3},{"not_picked":["Warcry","Twin Strike"],"picked":"Anger","floor":5},{"not_picked":["Burning Pact","Clash"],"picked":"Flame Barrier","floor":8},{"not_picked":["Burning Pact","Second Wind","Infernal Blade"],"picked":"SKIP","floor":10},{"not_picked":["Blood for Blood","Warcry"],"picked":"Uppercut","floor":12},{"not_picked":["Thunderclap","Evolve"],"picked":"Spot Weakness","floor":14}],"player_experience":86764,"relics_obtained":[{"floor":8,"key":"Paper Frog"},{"floor":9,"key":"Meat on the Bone"}],"event_choices":[{"damage_healed":0,"gold_gain":0,"player_choice":"Left Gold","damage_taken":0,"max_hp_gain":0,"max_hp_loss":0,"event_name":"World of Goop","floor":2,"gold_loss":35},{"damage_healed":0,"gold_gain":0,"player_choice":"1 cards matched","damage_taken":0,"max_hp_gain":0,"max_hp_loss":0,"event_name":"Match and Keep!","floor":7,"gold_loss":0,"cards_obtained":["Exhume"]}],"is_beta":false,"boss_relics":[],"items_purged_floors":[],"is_endless":false,"potions_floor_spawned":[3,5,12],"killed_by":"The Guardian","ascension_level":1}