{"gold_per_floor":[112,112,112,128,128,141,158,178,178,204,220,2,22,36,36,36],"floor_reached":16,"playtime":457,"items_purged":["Defend_G"],"score":106,"play_id":"a03392b0-3965-4294-bdbd-3fe0fad041fe","local_time":"20190812184049","is_ascension_mode":false,"campfire_choices":[{"floor":15,"key":"REST"}],"neow_cost":"NONE","seed_source_timestamp":652373170436968,"circlet_count":0,"master_deck":["Strike_G","Strike_G+1","Strike_G+1","Strike_G","Strike_G","Defend_G","Defend_G","Defend_G","Defend_G","Survivor","Neutralize","Caltrops","Endless Agony","Infinite Blades","Cloak And Dagger","Acrobatics","Cloak And Dagger","Infinite Blades"],"relics":["Fusion Hammer","Orichalcum","Bag of Marbles","Regal Pillow"],"potions_floor_usage":[7,16,16],"damage_taken":[{"damage":2,"enemies":"Small Slimes","floor":1,"turns":4},{"damage":10,"enemies":"Jaw Worm","floor":4,"turns":4},{"damage":0,"enemies":"2 Louse","floor":6,"turns":3},{"damage":0,"enemies":"Exordium Wildlife","floor":7,"turns":2},{"damage":7,"enemies":"Looter","floor":8,"turns":3},{"damage":20,"enemies":"Lagavulin","floor":10,"turns":7},{"damage":0,"enemies":"3 Louse","floor":11,"turns":2},{"damage":6,"enemies":"Exordium Wildlife","floor":13,"turns":6},{"damage":4,"enemies":"Gremlin Gang","floor":14,"turns":4},{"damage":29,"enemies":"Slime Boss","floor":16,"turns":9}],"seed_played":"579740828877073153","potions_obtained":[{"floor":1,"key":"Ancient Potion"},{"floor":4,"key":"Strength Potion"},{"floor":7,"key":"Strength Potion"},{"floor":13,"key":"SteroidPotion"}],"is_trial":false,"path_per_floor":["M","?","?","M","?","M","M","M","T","E","M","$","M","M","R","B"],"character_chosen":"THE_SILENT","items_purchased":["Regal Pillow"],"campfire_rested":1,"item_purchase_floors":[12],"current_hp_per_floor":[68,68,68,58,44,44,44,37,37,17,17,17,11,7,43,14],"gold":36,"neow_bonus":"BOSS_RELIC","is_prod":false,"is_daily":false,"chose_seed":false,"campfire_upgraded":0,"win_rate":0,"timestamp":1565606449,"path_taken":["M","?","?","M","?","M","M","M","T","E","M","$","M","?","R","BOSS"],"build_version":"2019-07-17","purchased_purges":1,"victory":false,"max_hp_per_floor":[70,70,70,70,70,70,70,70,70,70,70,70,70,70,70,70],"card_choices":[{"not_picked":["Dagger Spray","Blur"],"picked":"Caltrops","floor":1},{"not_picked":["Sucker Punch","Bane","Slice"],"picked":"SKIP","floor":4},{"not_picked":["Catalyst","Underhanded Strike"],"picked":"Endless Agony","floor":6},{"not_picked":["Bouncing Flask","Slice"],"picked":"Infinite Blades","floor":7},{"not_picked":["Bane","Dagger Throw","Sucker Punch"],"picked":"SKIP","floor":8},{"not_picked":["Burst","Flechettes"],"picked":"Cloak And Dagger","floor":10},{"not_picked":["Cloak And Dagger","Dagger Spray"],"picked":"Acrobatics","floor":11},{"not_picked":["Slice","Poisoned Stab"],"picked":"Cloak And Dagger","floor":13},{"not_picked":["Flying Knee","Deflect"],"picked":"Infinite Blades","floor":14}],"player_experience":190659,"relics_obtained":[{"floor":9,"key":"Orichalcum"},{"floor":10,"key":"Bag of Marbles"}],"event_choices":[{"damage_healed":0,"gold_gain":0,"player_choice":"Leave","damage_taken":0,"max_hp_gain":0,"max_hp_loss":0,"event_name":"The Cleric","floor":2,"gold_loss":0},{"damage_healed":0,"gold_gain":0,"player_choice":"Ignored","damage_taken":0,"max_hp_gain":0,"max_hp_loss":0,"event_name":"Golden Wing","floor":3,"gold_loss":0},{"damage_healed":0,"gold_gain":0,"player_choice":"Entered Light","damage_taken":14,"max_hp_gain":0,"max_hp_loss":0,"event_name":"Shining Light","floor":5,"gold_loss":0,"cards_upgraded":["Strike_G","Strike_G"]}],"is_beta":false,"boss_relics":[],"items_purged_floors":[12],"is_endless":false,"potions_floor_spawned":[1,4,7,13],"killed_by":"Slime Boss","ascension_level":0}