{"gold_per_floor":[12,24,34,134,147,174,185,212,238,238,263,283,283,347,347,444,444,415,212,212,229,248,275,200,200,223,223,223,623,656,668,668,773,773,783,637,691,161,161,161,195,195,195,195,227,255,284,311,323,335,347,359,48,83,83],"floor_reached":56,"playtime":5102,"items_purged":["Strike_B","Strike_B","Writhe","Parasite"],"score":1388,"play_id":"9eee3400-2740-4465-84db-9f51ebfd19dd","local_time":"20190820013545","is_ascension_mode":false,"campfire_choices":[{"data":"Fission","floor":10,"key":"SMITH"},{"data":"Biased Cognition","floor":13,"key":"SMITH"},{"data":"Darkness","floor":15,"key":"SMITH"},{"data":"Coolheaded","floor":25,"key":"SMITH"},{"data":"Hologram","floor":27,"key":"SMITH"},{"data":"Hologram","floor":32,"key":"SMITH"},{"data":"Coolheaded","floor":40,"key":"SMITH"},{"data":"Coolheaded","floor":42,"key":"SMITH"},{"floor":49,"key":"RECALL"},{"data":"Biased Cognition","floor":52,"key":"SMITH"}],"neow_cost":"NO_GOLD","seed_source_timestamp":757067705755442,"circlet_count":0,"master_deck":["Strike_B+1","Defend_B","Defend_B","Defend_B","Defend_B","Zap","Dualcast","Undo","Cold Snap+1","Ball Lightning","Darkness+1","Creative AI","Glacier","Fission+1","Biased Cognition+1","Hologram+1","Biased Cognition+1","Capacitor+1","Glacier","Hologram+1","Coolheaded+1","Echo Form+1","Glacier","Buffer+1","Defragment+1","Coolheaded+1","Redo+1","Capacitor+1","Compile Driver","Dark Shackles","Coolheaded+1","Hologram+1","Static Discharge+1"],"relics":["Cracked Core","Mango","Smiling Mask","Lantern","PreservedInsect","Centennial Puzzle","DataDisk","Black Star","Bag of Preparation","Art of War","Whetstone","Ancient Tea Set","Frozen Egg 2","Old Coin","Cables","Bottled Lightning","Coffee Dripper","Emotion Chip","OrangePellets","Happy Flower","Bronze Scales","Strawberry","Pen Nib","MawBank","Runic Capacitor","Bird Faced Urn","Calipers"],"potions_floor_usage":[6,16,23,23,29,29,55,55,55],"damage_taken":[{"damage":7,"enemies":"2 Louse","floor":1,"turns":2},{"damage":0,"enemies":"Cultist","floor":2,"turns":3},{"damage":0,"enemies":"Small Slimes","floor":3,"turns":3},{"damage":3,"enemies":"2 Fungi Beasts","floor":5,"turns":3},{"damage":22,"enemies":"Gremlin Nob","floor":6,"turns":4},{"damage":3,"enemies":"3 Louse","floor":7,"turns":3},{"damage":11,"enemies":"Lagavulin","floor":8,"turns":8},{"damage":5,"enemies":"3 Sentries","floor":11,"turns":6},{"damage":0,"enemies":"Large Slime","floor":12,"turns":4},{"damage":0,"enemies":"Gremlin Nob","floor":14,"turns":3},{"damage":10,"enemies":"Hexaghost","floor":16,"turns":7},{"damage":11,"enemies":"2 Thieves","floor":18,"turns":5},{"damage":2,"enemies":"3 Byrds","floor":21,"turns":4},{"damage":7,"enemies":"Centurion and Healer","floor":22,"turns":3},{"damage":11,"enemies":"Slavers","floor":23,"turns":7},{"damage":11,"enemies":"Colosseum Slavers","floor":29,"turns":5},{"damage":0,"enemies":"Colosseum Nobs","floor":29,"turns":4},{"damage":0,"enemies":"Book of Stabbing","floor":30,"turns":3},{"damage":0,"enemies":"Snake Plant","floor":31,"turns":4},{"damage":6,"enemies":"Automaton","floor":33,"turns":10},{"damage":0,"enemies":"3 Darklings","floor":35,"turns":8},{"damage":10,"enemies":"2 Orb Walkers","floor":37,"turns":7},{"damage":0,"enemies":"Giant Head","floor":41,"turns":6},{"damage":5,"enemies":"Nemesis","floor":45,"turns":5},{"damage":0,"enemies":"Orb Walker","floor":46,"turns":4},{"damage":0,"enemies":"Writhing Mass","floor":47,"turns":5},{"damage":0,"enemies":"Transient","floor":48,"turns":5},{"damage":9,"enemies":"Time Eater","floor":50,"turns":14},{"damage":0,"enemies":"Shield and Spear","floor":54,"turns":6},{"damage":1,"enemies":"The Heart","floor":55,"turns":8}],"seed_played":"-3715525085814364917","potions_obtained":[{"floor":1,"key":"SkillPotion"},{"floor":2,"key":"Weak Potion"},{"floor":5,"key":"Dexterity Potion"},{"floor":11,"key":"Strength Potion"},{"floor":12,"key":"EntropicBrew"},{"floor":21,"key":"Poison Potion"},{"floor":30,"key":"Ancient Potion"},{"floor":31,"key":"FocusPotion"},{"floor":48,"key":"Dexterity Potion"}],"is_trial":false,"path_per_floor":["M","M","M","?","M","E","M","E","T","R","E","M","R","?","R","B",null,"M","$","?","M","M","E","?","R","T","R","?","?","E","M","R","B",null,"M","$","?","$","?","R","E","R","T","?","E","M","M","M","R","B",null,"R","$","E","B",null],"character_chosen":"DEFECT","items_purchased":["Bag of Preparation","Defragment+1","Coolheaded","OrangePellets","Capacitor+1","Compile Driver","Happy Flower","Runic Capacitor","Static Discharge+1"],"campfire_rested":0,"item_purchase_floors":[19,36,36,38,38,38,38,53,53],"current_hp_per_floor":[82,82,82,82,79,57,54,43,43,43,38,38,38,38,38,28,89,78,78,78,76,69,58,58,58,58,58,58,47,47,47,47,41,89,89,89,79,79,79,79,86,86,86,86,81,81,81,81,81,72,96,96,93,93,93],"gold":83,"neow_bonus":"ONE_RARE_RELIC","is_prod":false,"is_daily":false,"chose_seed":false,"campfire_upgraded":9,"win_rate":0,"timestamp":1566232545,"path_taken":["M","M","M","?","M","E","?","E","T","R","E","M","R","?","R","BOSS","M","$","?","M","M","E","?","R","T","R","?","?","E","?","R","BOSS","M","$","?","$","?","R","E","R","T","?","E","?","M","M","R","BOSS","R","$","E","BOSS"],"build_version":"2019-07-17","purchased_purges":4,"victory":true,"max_hp_per_floor":[89,89,89,89,89,89,89,89,89,89,89,89,89,89,89,89,89,89,89,89,89,89,89,89,89,89,89,89,89,89,89,89,89,89,89,89,89,89,89,89,96,96,96,96,96,96,96,96,96,96,96,96,93,93,93],"card_choices":[{"not_picked":["Heatsinks","FTL"],"picked":"Undo","floor":1},{"not_picked":["Auto Shields","Turbo"],"picked":"Cold Snap","floor":2},{"not_picked":["Compile Driver","Skim"],"picked":"Ball Lightning","floor":3},{"not_picked":["Beam Cell","Hologram"],"picked":"Darkness","floor":5},{"not_picked":["Streamline","Turbo"],"picked":"Creative AI","floor":6},{"not_picked":["Gash","Double Energy"],"picked":"Glacier","floor":7},{"not_picked":["Stack","Conserve Battery"],"picked":"Fission","floor":8},{"not_picked":["BootSequence","Conserve Battery"],"picked":"Biased Cognition","floor":11},{"not_picked":["Conserve Battery","Blizzard","Chill"],"picked":"SKIP","floor":12},{"not_picked":["Hello World","Heatsinks"],"picked":"Hologram","floor":14},{"not_picked":["Meteor Strike","Thunder Strike"],"picked":"Biased Cognition","floor":16},{"not_picked":["Turbo","Ball Lightning"],"picked":"Capacitor+1","floor":18},{"not_picked":["Streamline","Go for the Eyes"],"picked":"Hologram","floor":21},{"not_picked":["Auto Shields+1","Sweeping Beam"],"picked":"Coolheaded","floor":22},{"not_picked":["Lockon","Conserve Battery","Compile Driver"],"picked":"SKIP","floor":23},{"not_picked":["Glacier","Auto Shields+1"],"picked":"Echo Form+1","floor":30},{"not_picked":["Stack","Reinforced Body+1"],"picked":"Glacier","floor":31},{"not_picked":["All For One","Multi-Cast"],"picked":"Buffer+1","floor":33},{"not_picked":["Gash","Steam Power+1","Reinforced Body"],"picked":"SKIP","floor":35},{"not_picked":["Reinforced Body","Gash+1"],"picked":"Redo+1","floor":37},{"not_picked":["Panache+1","Impatience"],"picked":"Dark Shackles","floor":39},{"not_picked":["Stack","Leap+1"],"picked":"Coolheaded","floor":41},{"not_picked":["Streamline","Chill+1","Scrape+1"],"picked":"SKIP","floor":45},{"not_picked":["Sweeping Beam","Rebound"],"picked":"Hologram+1","floor":46},{"not_picked":["Storm+1","Chaos","Fusion"],"picked":"SKIP","floor":47},{"not_picked":["Streamline","Sweeping Beam+1","Reboot"],"picked":"SKIP","floor":48},{"not_picked":["Sweeping Beam+1","Rip and Tear+1","Genetic Algorithm+1"],"picked":"SKIP","floor":54}],"player_experience":583190,"relics_obtained":[{"floor":6,"key":"Smiling Mask"},{"floor":8,"key":"Lantern"},{"floor":9,"key":"PreservedInsect"},{"floor":11,"key":"Centennial Puzzle"},{"floor":14,"key":"DataDisk"},{"floor":23,"key":"Art of War"},{"floor":23,"key":"Whetstone"},{"floor":26,"key":"Ancient Tea Set"},{"floor":29,"key":"Old Coin"},{"floor":29,"key":"Cables"},{"floor":30,"key":"Bottled Lightning"},{"floor":37,"key":"Emotion Chip"},{"floor":41,"key":"Bronze Scales"},{"floor":41,"key":"Strawberry"},{"floor":45,"key":"Pen Nib"},{"floor":45,"key":"MawBank"},{"floor":54,"key":"Bird Faced Urn"},{"floor":54,"key":"Calipers"}],"event_choices":[{"damage_healed":0,"gold_gain":100,"player_choice":"Pray","damage_taken":0,"max_hp_gain":0,"max_hp_loss":0,"event_name":"Golden Shrine","floor":4,"gold_loss":0},{"damage_healed":0,"gold_gain":0,"player_choice":"Searched \u00271\u0027 times","damage_taken":0,"max_hp_gain":0,"max_hp_loss":0,"event_name":"Dead Adventurer","floor":14,"gold_loss":0},{"damage_healed":0,"gold_gain":0,"player_choice":"Read","damage_taken":0,"max_hp_gain":0,"max_hp_loss":0,"event_name":"The Library","floor":20,"gold_loss":0,"cards_obtained":["Glacier"]},{"cards_removed":["Strike_B"],"damage_healed":0,"gold_gain":0,"player_choice":"Gave Gold","damage_taken":0,"max_hp_gain":0,"max_hp_loss":0,"event_name":"Beggar","floor":24,"gold_loss":75},{"damage_healed":0,"gold_gain":0,"player_choice":"Opened","damage_taken":0,"relics_obtained":["Frozen Egg 2"],"max_hp_gain":0,"max_hp_loss":0,"event_name":"The Mausoleum","floor":28,"gold_loss":0,"cards_obtained":["Writhe"]},{"damage_healed":0,"gold_gain":0,"player_choice":"Fight","damage_taken":0,"max_hp_gain":0,"max_hp_loss":0,"event_name":"Colosseum","floor":29,"gold_loss":0},{"damage_healed":0,"gold_gain":0,"player_choice":"Fought Nobs","damage_taken":0,"max_hp_gain":0,"max_hp_loss":0,"event_name":"Colosseum","floor":29,"gold_loss":0},{"damage_healed":0,"gold_gain":0,"player_choice":"Fight","damage_taken":0,"max_hp_gain":0,"max_hp_loss":0,"event_name":"Mysterious Sphere","floor":37,"gold_loss":0},{"damage_healed":0,"gold_gain":0,"player_choice":"Memory 1","damage_taken":0,"max_hp_gain":0,"max_hp_loss":0,"event_name":"SensoryStone","floor":39,"gold_loss":0},{"damage_healed":0,"gold_gain":0,"player_choice":"Leave","damage_taken":0,"max_hp_gain":0,"max_hp_loss":0,"event_name":"FaceTrader","floor":44,"gold_loss":0}],"is_beta":false,"boss_relics":[{"not_picked":["Lizard Tail","Velvet Choker"],"picked":"Black Star"},{"not_picked":["Eternal Feather","Astrolabe"],"picked":"Coffee Dripper"}],"items_purged_floors":[19,36,38,53],"is_endless":false,"potions_floor_spawned":[1,2,5,11,12,21,29,30,31,35,37,48],"ascension_level":0}