{"gold_per_floor":[112,123,123,143,158,158,173,173,173,183,194,275,291,317,317,414,414,430,529,529,540,81,81,92,108,108,126,126,51,68,68,68,68],"floor_reached":33,"playtime":1440,"items_purged":["Rupture"],"score":367,"play_id":"144e6b57-f01a-48f1-9cce-7acd8e8cc752","local_time":"20190421160610","is_ascension_mode":true,"campfire_choices":[{"data":"Thunderclap","floor":6,"key":"SMITH"},{"data":"Bash","floor":8,"key":"SMITH"},{"data":"Bludgeon","floor":15,"key":"SMITH"},{"data":"Barricade","floor":23,"key":"SMITH"},{"floor":32,"key":"REST"}],"neow_cost":"NONE","seed_source_timestamp":230415196817628,"circlet_count":0,"master_deck":["Defend_R","Defend_R","Defend_R","Defend_R","Bash+1","Thunderclap+1","Cleave","Pummel","Impervious","Entrench","Intimidate","Bludgeon+1","Barricade+1","Clash+1","Bludgeon+1","Berserk+1","Rage","Uppercut","Flame Barrier","Metallicize","Ghostly Armor","Pommel Strike+1","Disarm+1","Bite","Bite","Bite","Bite","Bite","Body Slam","Writhe"],"relics":["Burning Blood","NeowsBlessing","Red Skull","Mummified Hand","Boot","Astrolabe","Ice Cream","Sundial","Matryoshka"],"potions_floor_usage":[14,14,16,25,27,30],"damage_taken":[{"damage":0,"enemies":"Small Slimes","floor":1,"turns":1},{"damage":0,"enemies":"Cultist","floor":2,"turns":1},{"damage":0,"enemies":"Jaw Worm","floor":4,"turns":1},{"damage":12,"enemies":"Looter","floor":5,"turns":3},{"damage":1,"enemies":"2 Fungi Beasts","floor":7,"turns":2},{"damage":5,"enemies":"3 Louse","floor":10,"turns":3},{"damage":17,"enemies":"Looter","floor":11,"turns":3},{"damage":0,"enemies":"Large Slime","floor":13,"turns":5},{"damage":28,"enemies":"3 Sentries","floor":14,"turns":10},{"damage":43,"enemies":"Hexaghost","floor":16,"turns":8},{"damage":8,"enemies":"Chosen","floor":18,"turns":3},{"damage":0,"enemies":"Spheric Guardian","floor":21,"turns":1},{"damage":37,"enemies":"Shelled Parasite and Fungi","floor":24,"turns":9},{"damage":17,"enemies":"Snake Plant","floor":25,"turns":4},{"damage":17,"enemies":"Centurion and Healer","floor":27,"turns":7},{"damage":2,"enemies":"Snecko","floor":30,"turns":3},{"damage":59,"enemies":"Collector","floor":33,"turns":6}],"seed_played":"-2116919498536403189","potions_obtained":[{"floor":2,"key":"Ancient Potion"},{"floor":7,"key":"Block Potion"},{"floor":10,"key":"EssenceOfSteel"},{"floor":14,"key":"Fire Potion"},{"floor":16,"key":"Ancient Potion"},{"floor":18,"key":"Swift Potion"},{"floor":25,"key":"SpeedPotion"}],"is_trial":false,"path_per_floor":["M","M","?","M","M","R","M","R","T","M","M","T","M","E","R","B",null,"M","?","?","M","$","R","M","M","T","M","?","?","M","?","R","B"],"character_chosen":"IRONCLAD","items_purchased":["Metallicize","Ice Cream"],"campfire_rested":1,"item_purchase_floors":[22,22],"current_hp_per_floor":[78,80,80,80,74,74,79,79,79,80,69,69,75,53,53,16,64,62,62,62,68,68,68,37,26,26,15,15,15,21,21,37,0],"gold":68,"neow_bonus":"THREE_ENEMY_KILL","is_prod":false,"is_daily":false,"chose_seed":false,"campfire_upgraded":4,"win_rate":0,"timestamp":1555887970,"path_taken":["M","M","?","M","M","R","?","R","T","M","M","?","M","E","R","BOSS","M","?","?","M","$","R","M","?","T","?","?","?","M","?","R","BOSS"],"build_version":"2019-01-23","purchased_purges":1,"victory":false,"max_hp_per_floor":[80,80,80,80,80,80,80,80,80,80,80,80,80,80,80,80,80,80,80,80,80,80,80,80,80,80,80,56,56,56,56,56,56],"card_choices":[{"not_picked":["Flex","Seeing Red"],"picked":"Twin Strike","floor":1},{"not_picked":["Clash","Headbutt"],"picked":"Thunderclap","floor":2},{"not_picked":["Iron Wave","Body Slam"],"picked":"Cleave","floor":4},{"not_picked":["Battle Trance","Heavy Blade"],"picked":"Pummel","floor":5},{"not_picked":["Iron Wave","Flex"],"picked":"Impervious","floor":7},{"not_picked":["Ghostly Armor","Warcry","Heavy Blade"],"picked":"SKIP","floor":10},{"not_picked":["Thunderclap","Cleave"],"picked":"Entrench","floor":11},{"not_picked":["Iron Wave","Wild Strike"],"picked":"Intimidate","floor":13},{"not_picked":["Wild Strike","Reckless Charge"],"picked":"Bludgeon","floor":14},{"not_picked":["Feed","Immolate"],"picked":"Barricade","floor":16},{"not_picked":["Thunderclap+1","Sentinel"],"picked":"Rage","floor":18},{"not_picked":["Clothesline","Armaments"],"picked":"Flame Barrier","floor":21},{"not_picked":["Sentinel","Cleave"],"picked":"Ghostly Armor","floor":24},{"not_picked":["Sword Boomerang+1","Heavy Blade+1"],"picked":"Pommel Strike+1","floor":25},{"not_picked":["Havoc","Ghostly Armor"],"picked":"Disarm+1","floor":27},{"not_picked":["Warcry","Sword Boomerang"],"picked":"Body Slam","floor":30}],"player_experience":541468,"relics_obtained":[{"floor":9,"key":"Red Skull"},{"floor":12,"key":"Mummified Hand"},{"floor":14,"key":"Boot"},{"floor":26,"key":"Sundial"}],"event_choices":[{"damage_healed":0,"gold_gain":0,"cards_transformed":["Strike_R"],"player_choice":"Transformed","damage_taken":0,"max_hp_gain":0,"max_hp_loss":0,"event_name":"Transmorgrifier","floor":3,"gold_loss":0,"cards_obtained":["Rupture"]},{"damage_healed":0,"gold_gain":99,"player_choice":"Stole From Cult","damage_taken":0,"max_hp_gain":0,"max_hp_loss":0,"event_name":"Nest","floor":19,"gold_loss":0},{"damage_healed":0,"gold_gain":0,"cards_transformed":["Strike_R"],"player_choice":"Transformed","damage_taken":0,"max_hp_gain":0,"max_hp_loss":0,"event_name":"Transmorgrifier","floor":20,"gold_loss":0,"cards_obtained":["Uppercut"]},{"damage_healed":0,"gold_gain":0,"player_choice":"Became a vampire","damage_taken":0,"max_hp_gain":0,"max_hp_loss":24,"event_name":"Vampires","floor":28,"gold_loss":0,"cards_obtained":["Bite","Bite","Bite","Bite","Bite"]},{"cards_removed":["Twin Strike"],"damage_healed":0,"gold_gain":0,"player_choice":"Gave Gold","damage_taken":0,"max_hp_gain":0,"max_hp_loss":0,"event_name":"Beggar","floor":29,"gold_loss":75},{"damage_healed":0,"gold_gain":0,"player_choice":"Opened","damage_taken":0,"relics_obtained":["Matryoshka"],"max_hp_gain":0,"max_hp_loss":0,"event_name":"The Mausoleum","floor":31,"gold_loss":0,"cards_obtained":["Writhe"]}],"is_beta":false,"boss_relics":[{"not_picked":["Empty Cage","Orrery"],"picked":"Astrolabe"}],"items_purged_floors":[22],"is_endless":false,"potions_floor_spawned":[2,7,10,13,14,16,18,25],"killed_by":"Collector","ascension_level":7}