{"gold_per_floor":[115,190,34,52,52,52,65,65,147,159,174,5,17,117,117,213,213,198,198,198,43,58,58,72,72,72,72,84,84],"floor_reached":29,"playtime":957,"items_purged":["Decay","Doubt"],"score":214,"play_id":"50b97abc-e78d-46d3-bb9b-c3812f5253f0","local_time":"20190814155058","is_ascension_mode":false,"campfire_choices":[{"data":"Accuracy","floor":6,"key":"SMITH"},{"data":"Infinite Blades","floor":8,"key":"SMITH"},{"data":"A Thousand Cuts","floor":15,"key":"SMITH"},{"data":"Terror","floor":23,"key":"SMITH"}],"neow_cost":"NONE","seed_source_timestamp":814500539653445,"circlet_count":0,"master_deck":["Strike_G","Strike_G","Strike_G","Strike_G","Strike_G","Defend_G","Defend_G","Defend_G","Defend_G","Defend_G","Survivor","Neutralize","Accuracy+1","Prepared","Infinite Blades+1","Calculated Gamble","A Thousand Cuts+1","Backflip","Burst","Cloak And Dagger","Terror+1","Choke"],"relics":["Calling Bell","Juzu Bracelet","Kunai","Bird Faced Urn","Spirit Poop","Bottled Lightning","Busted Crown","Ornamental Fan"],"potions_floor_usage":[11,16,16,22,29],"damage_taken":[{"damage":12,"enemies":"Small Slimes","floor":1,"turns":7},{"damage":0,"enemies":"2 Louse","floor":4,"turns":4},{"damage":0,"enemies":"Cultist","floor":7,"turns":4},{"damage":0,"enemies":"Exordium Thugs","floor":10,"turns":6},{"damage":0,"enemies":"2 Fungi Beasts","floor":11,"turns":4},{"damage":0,"enemies":"Exordium Wildlife","floor":13,"turns":4},{"damage":26,"enemies":"Hexaghost","floor":16,"turns":10},{"damage":14,"enemies":"2 Thieves","floor":18,"turns":4},{"damage":0,"enemies":"Chosen","floor":22,"turns":4},{"damage":17,"enemies":"Centurion and Healer","floor":24,"turns":8},{"damage":21,"enemies":"Colosseum Slavers","floor":27,"turns":4},{"damage":28,"enemies":"Sentry and Sphere","floor":28,"turns":6},{"damage":32,"enemies":"Slavers","floor":29,"turns":2}],"seed_played":"3890080328607067976","potions_obtained":[{"floor":7,"key":"Fire Potion"},{"floor":11,"key":"Fruit Juice"},{"floor":13,"key":"Energy Potion"},{"floor":16,"key":"Explosive Potion"},{"floor":24,"key":"Dexterity Potion"}],"is_trial":false,"path_per_floor":["M","?","$","M","?","R","M","R","T","M","M","$","M","?","R","B",null,"M","?","?","$","M","R","M","?","T","?","M","E"],"character_chosen":"THE_SILENT","items_purchased":["Accuracy","A Thousand Cuts","Cloak And Dagger","Terror","Poison Potion"],"campfire_rested":0,"item_purchase_floors":[3,12,21,21,21],"current_hp_per_floor":[58,47,47,49,49,49,49,49,49,53,62,62,66,66,66,46,75,63,63,63,63,69,69,58,58,58,43,21,0],"gold":84,"neow_bonus":"BOSS_RELIC","is_prod":false,"is_daily":false,"chose_seed":false,"campfire_upgraded":4,"win_rate":0,"timestamp":1565769058,"path_taken":["M","?","$","M","?","R","M","R","T","M","M","$","M","?","R","BOSS","M","?","?","$","M","R","M","?","T","?","M","E"],"build_version":"2019-07-17","purchased_purges":2,"victory":false,"max_hp_per_floor":[70,70,70,70,70,70,70,70,70,70,75,75,75,75,75,75,75,75,75,75,75,75,75,75,75,75,75,75,75],"card_choices":[{"not_picked":["Bane","Poisoned Stab","Eviscerate"],"picked":"SKIP","floor":1},{"not_picked":["Storm of Steel","Dagger Throw"],"picked":"Prepared","floor":4},{"not_picked":["Predator","PiercingWail"],"picked":"Infinite Blades","floor":7},{"not_picked":["Bane","Deflect"],"picked":"Calculated Gamble","floor":10},{"not_picked":["Dagger Spray","Underhanded Strike","Dagger Throw"],"picked":"SKIP","floor":11},{"not_picked":["Glass Knife","Dagger Spray"],"picked":"Backflip","floor":13},{"not_picked":["Glass Knife","Phantasmal Killer"],"picked":"Burst","floor":16},{"not_picked":["Flying Knee+1"],"picked":"SKIP","floor":18},{"not_picked":["All Out Attack"],"picked":"SKIP","floor":22},{"not_picked":["Concentrate"],"picked":"SKIP","floor":24},{"not_picked":[],"picked":"Choke","floor":28}],"player_experience":198984,"relics_obtained":[{"floor":0,"key":"Juzu Bracelet"},{"floor":0,"key":"Kunai"},{"floor":0,"key":"Bird Faced Urn"},{"floor":9,"key":"Bottled Lightning"},{"floor":26,"key":"Ornamental Fan"}],"event_choices":[{"damage_healed":0,"gold_gain":75,"player_choice":"Gather Gold","damage_taken":11,"max_hp_gain":0,"max_hp_loss":0,"event_name":"World of Goop","floor":2,"gold_loss":0},{"cards_removed":["Clumsy"],"damage_healed":0,"gold_gain":0,"player_choice":"Offered Curse","damage_taken":0,"relics_obtained":["Spirit Poop"],"max_hp_gain":0,"max_hp_loss":0,"event_name":"Bonfire Elementals","floor":5,"gold_loss":0},{"damage_healed":0,"gold_gain":100,"player_choice":"Pray","damage_taken":0,"max_hp_gain":0,"max_hp_loss":0,"event_name":"Golden Shrine","floor":14,"gold_loss":0},{"damage_healed":0,"gold_gain":0,"player_choice":"Ignored","damage_taken":0,"max_hp_gain":0,"max_hp_loss":0,"event_name":"Ghosts","floor":19,"gold_loss":0},{"damage_healed":0,"gold_gain":0,"player_choice":"Ignored","damage_taken":0,"max_hp_gain":0,"max_hp_loss":0,"event_name":"Beggar","floor":20,"gold_loss":0},{"damage_healed":0,"gold_gain":0,"player_choice":"Fight","damage_taken":0,"max_hp_gain":0,"max_hp_loss":0,"event_name":"Colosseum","floor":27,"gold_loss":0},{"damage_healed":0,"gold_gain":0,"player_choice":"Fled From Nobs","damage_taken":0,"max_hp_gain":0,"max_hp_loss":0,"event_name":"Colosseum","floor":27,"gold_loss":0}],"is_beta":false,"boss_relics":[{"not_picked":["Snecko Eye","Cursed Key"],"picked":"Busted Crown"}],"items_purged_floors":[3,12],"is_endless":false,"potions_floor_spawned":[7,11,13,16,24,27],"killed_by":"Slavers","ascension_level":0}