{"gold_per_floor":[115,115,125,125,46,46,79,2,2,2,17,17,27,27,27,156,219,237,258,258,258],"floor_reached":21,"playtime":1149,"items_purged":[],"score":267,"play_id":"16ecdae8-4ec3-4cba-8a57-d15bd2ff3a5b","local_time":"20190109235001","is_ascension_mode":true,"campfire_choices":[{"data":"Predator","floor":6,"key":"SMITH"},{"data":"Footwork","floor":10,"key":"SMITH"},{"data":"Predator","floor":12,"key":"SMITH"},{"floor":15,"key":"REST"}],"neow_cost":"NONE","seed_source_timestamp":215402065497921,"circlet_count":0,"master_deck":["Defend_G+1","Defend_G+1","Defend_G+1","Defend_G+1","Defend_G+1","Strike_G+1","Strike_G+1","Strike_G+1","Strike_G+1","Strike_G+1","Survivor","Neutralize+1","Quick Slash","Well Laid Plans","Predator+1","Predator+1","Footwork+1","Backflip","Dagger Spray","Cloak And Dagger+1","After Image","Acrobatics","Flying Knee+1","Prepared+1"],"relics":["Ring of the Snake","NeowsBlessing","GremlinMask","Pear","Dream Catcher","Golden Idol","Tiny House"],"potions_floor_usage":[16,16,18,19],"damage_taken":[{"damage":0,"enemies":"Small Slimes","floor":1,"turns":1},{"damage":0,"enemies":"Cultist","floor":3,"turns":1},{"damage":0,"enemies":"3 Sentries","floor":7,"turns":2},{"damage":4,"enemies":"Jaw Worm","floor":11,"turns":3},{"damage":0,"enemies":"Looter","floor":13,"turns":3},{"damage":23,"enemies":"Slime Boss","floor":16,"turns":9},{"damage":11,"enemies":"Spheric Guardian","floor":18,"turns":6},{"damage":17,"enemies":"Chosen","floor":19,"turns":6},{"damage":60,"enemies":"Masked Bandits","floor":21,"turns":3}],"seed_played":"8723307291967220617","potions_obtained":[{"floor":7,"key":"Explosive Potion"},{"floor":11,"key":"Strength Potion"},{"floor":16,"key":"Block Potion"},{"floor":17,"key":"SmokeBomb"},{"floor":18,"key":"GamblersBrew"}],"is_trial":false,"path_per_floor":["M","?","M","?","$","R","E","$","T","R","M","R","M","?","R","B",null,"M","M","?","?"],"character_chosen":"THE_SILENT","items_purchased":["Predator","Footwork"],"campfire_rested":1,"item_purchase_floors":[5,8],"current_hp_per_floor":[70,70,70,56,56,56,66,66,66,66,62,62,62,42,66,43,85,74,57,57,0],"gold":258,"neow_bonus":"THREE_ENEMY_KILL","is_prod":false,"is_daily":false,"chose_seed":false,"campfire_upgraded":3,"win_rate":0,"timestamp":1547103001,"path_taken":["M","?","?","?","$","R","E","$","T","R","M","R","M","?","R","BOSS","M","M","?","?"],"build_version":"2019-01-03v4","purchased_purges":0,"victory":false,"max_hp_per_floor":[70,70,70,70,70,70,80,80,80,80,80,80,80,80,80,80,85,85,85,85,85],"card_choices":[{"not_picked":["Dagger Throw","Dodge and Roll"],"picked":"Quick Slash","floor":1},{"not_picked":["Accuracy","Riddle With Holes"],"picked":"Well Laid Plans","floor":3},{"not_picked":["Crippling Poison","Prepared"],"picked":"Predator","floor":7},{"not_picked":["Wraith Form v2","Deadly Poison"],"picked":"Backflip","floor":11},{"not_picked":["Outmaneuver","Acrobatics"],"picked":"Dagger Spray","floor":13},{"not_picked":["Blade Dance","Sucker Punch"],"picked":"Cloak And Dagger","floor":15},{"not_picked":["Wraith Form v2","Envenom"],"picked":"After Image","floor":16},{"not_picked":["Underhanded Strike","Bane"],"picked":"Acrobatics","floor":17},{"not_picked":["Outmaneuver","Setup"],"picked":"Flying Knee+1","floor":18},{"not_picked":["Deadly Poison","Dagger Spray"],"picked":"Prepared+1","floor":19}],"player_experience":1685857,"relics_obtained":[{"floor":7,"key":"Pear"},{"floor":9,"key":"Dream Catcher"}],"event_choices":[{"damage_healed":0,"gold_gain":0,"player_choice":"Trade","damage_taken":0,"relics_obtained":["GremlinMask"],"max_hp_gain":0,"max_hp_loss":0,"event_name":"FaceTrader","floor":2,"gold_loss":0},{"damage_healed":0,"gold_gain":0,"player_choice":"Entered Light","damage_taken":14,"max_hp_gain":0,"max_hp_loss":0,"event_name":"Shining Light","floor":4,"gold_loss":0,"cards_upgraded":["Defend_G","Neutralize"]},{"damage_healed":0,"gold_gain":0,"player_choice":"Take Damage","damage_taken":20,"relics_obtained":["Golden Idol"],"max_hp_gain":0,"max_hp_loss":0,"event_name":"Golden Idol","floor":14,"gold_loss":0},{"damage_healed":0,"gold_gain":0,"player_choice":"Simplicity","damage_taken":0,"max_hp_gain":0,"max_hp_loss":0,"event_name":"Back to Basics","floor":20,"gold_loss":0,"cards_upgraded":["Defend_G","Defend_G","Defend_G","Defend_G","Strike_G","Strike_G","Strike_G","Strike_G","Strike_G"]},{"damage_healed":0,"gold_gain":0,"player_choice":"Fought Bandits","damage_taken":0,"max_hp_gain":0,"max_hp_loss":0,"event_name":"Masked Bandits","floor":21,"gold_loss":0}],"is_beta":false,"boss_relics":[{"not_picked":["Runic Dome","Calling Bell"],"picked":"Tiny House"}],"items_purged_floors":[],"is_endless":false,"potions_floor_spawned":[7,11,16,18],"killed_by":"Masked Bandits","ascension_level":4}