{"gold_per_floor":[360,380,38,38,52,87,87,103,149,165,179,197,197,222,222,353,353,373,387,141,157,256,256,286,326,377,392,392,432,432,445,445,445],"floor_reached":33,"playtime":2583,"items_purged":["Decay","Injury"],"score":374,"play_id":"0d23e6e7-45a9-4112-a52f-23fa0938a5a1","local_time":"20181203182640","is_ascension_mode":true,"campfire_choices":[{"data":"Go for the Eyes","floor":7.0,"key":"SMITH"},{"data":"Barrage","floor":15.0,"key":"SMITH"},{"data":"Chill","floor":23.0,"key":"SMITH"},{"floor":28.0,"key":"REST"},{"data":"Sunder","floor":30.0,"key":"SMITH"},{"data":"Dualcast","floor":32,"key":"SMITH"}],"neow_cost":"CURSE","seed_source_timestamp":0,"circlet_count":0,"master_deck":["Strike_B","Strike_B+1","Strike_B","Strike_B","Defend_B","Defend_B","Defend_B","Defend_B","Zap","Dualcast+1","Cold Snap+1","Sunder+1","Barrage+1","Ball Lightning","Go for the Eyes+1","BootSequence","Compile Driver","Self Repair","Parasite","Ball Lightning","Seek","Cold Snap+1","Streamline+1","Chill+1","White Noise","Glacier+1","Coolheaded+1"],"special_seed":0,"relics":["Cracked Core","Pear","Golden Idol","Darkstone Periapt","Bronze Scales","Eternal Feather","Pen Nib","Tiny Chest","Anchor","PreservedInsect","Whetstone"],"potions_floor_usage":[33,33],"damage_taken":[{"damage":0.0,"enemies":"Cultist","floor":1.0,"turns":3.0},{"damage":0.0,"enemies":"Small Slimes","floor":2.0,"turns":3.0},{"damage":2.0,"enemies":"Jaw Worm","floor":5.0,"turns":3.0},{"damage":31.0,"enemies":"Lagavulin","floor":6.0,"turns":5.0},{"damage":4.0,"enemies":"2 Fungi Beasts","floor":8.0,"turns":3.0},{"damage":0.0,"enemies":"Exordium Thugs","floor":10.0,"turns":4.0},{"damage":0.0,"enemies":"Gremlin Gang","floor":11.0,"turns":3.0},{"damage":0.0,"enemies":"Large Slime","floor":12.0,"turns":4.0},{"damage":2.0,"enemies":"Red Slaver","floor":14.0,"turns":2.0},{"damage":26.0,"enemies":"Slime Boss","floor":16.0,"turns":9.0},{"damage":6.0,"enemies":"Spheric Guardian","floor":18.0,"turns":3.0},{"damage":5.0,"enemies":"3 Byrds","floor":19.0,"turns":3.0},{"damage":30.0,"enemies":"Sentry and Sphere","floor":21.0,"turns":4.0},{"damage":53.0,"enemies":"Slavers","floor":25.0,"turns":7.0},{"damage":16.0,"enemies":"Centurion and Healer","floor":27.0,"turns":7.0},{"damage":7.0,"enemies":"Gremlin Leader","floor":29.0,"turns":5.0},{"damage":7.0,"enemies":"Shelled Parasite and Fungi","floor":31.0,"turns":5.0},{"damage":98,"enemies":"Champ","floor":33,"turns":14}],"seed_played":"1093868498629453041","potions_obtained":[{"floor":6.0,"key":"FearPotion"},{"floor":11.0,"key":"Swift Potion"},{"floor":12.0,"key":"Ancient Potion"},{"floor":14.0,"key":"Regen Potion"},{"floor":21.0,"key":"SteroidPotion"},{"floor":25.0,"key":"Regen Potion"}],"is_trial":false,"path_per_floor":["M","M","$","?","M","E","R","M","T","M","M","M","?","M","R","B",null,"M","M","$","M","?","R","?","E","T","M","R","E","R","M","R","B"],"character_chosen":"DEFECT","items_purchased":["Pear","Barrage","Pen Nib"],"campfire_rested":1,"item_purchase_floors":[3,3,20],"current_hp_per_floor":[75,75,85,85,83,52,52,48,48,48,48,48,75,73,73,54,91,91,91,91,68,68,80,80,34,34,40,82,82,91,84,91,0],"gold":445,"neow_bonus":"TWO_FIFTY_GOLD","is_prod":false,"is_daily":false,"chose_seed":false,"campfire_upgraded":5,"win_rate":0,"timestamp":1543890400,"path_taken":["M","M","$","?","M","E","R","M","T","M","M","M","?","M","R","BOSS","M","M","$","M","?","R","?","E","T","?","R","E","R","?","R","BOSS"],"build_version":"2018-11-15","purchased_purges":2,"victory":false,"max_hp_per_floor":[75,75,85,85,85,85,85,85,85,85,85,85,91,91,91,91,91,91,91,91,91,91,91,91,91,91,91,91,91,91,91,91,91],"card_choices":[{"not_picked":["Streamline","Hologram"],"picked":"Cold Snap","floor":1.0},{"not_picked":["Hologram","Redo"],"picked":"Sunder","floor":2.0},{"not_picked":["Hologram","Storm"],"picked":"Ball Lightning","floor":5.0},{"not_picked":["Scrape","Storm"],"picked":"Go for the Eyes","floor":6.0},{"not_picked":["Blizzard","Tempest"],"picked":"BootSequence","floor":8.0},{"not_picked":["Turbo","Streamline"],"picked":"Compile Driver","floor":10.0},{"not_picked":["Lockon","Sweeping Beam","Hologram"],"picked":"SKIP","floor":11.0},{"not_picked":["Stack","FTL"],"picked":"Self Repair","floor":12.0},{"not_picked":["Stack","Consume"],"picked":"Ball Lightning","floor":14.0},{"not_picked":["Multi-Cast","Buffer"],"picked":"Seek","floor":16.0},{"not_picked":["Rip and Tear","Force Field"],"picked":"Cold Snap+1","floor":18.0},{"not_picked":["Sweeping Beam","Beam Cell"],"picked":"Streamline+1","floor":19.0},{"not_picked":["Doom and Gloom","Go for the Eyes"],"picked":"Chill","floor":21.0},{"not_picked":["Compile Driver","All For One"],"picked":"White Noise","floor":25.0},{"not_picked":["Sunder","Melter+1"],"picked":"Glacier+1","floor":27.0},{"not_picked":["Streamline","Hologram","Force Field"],"picked":"SKIP","floor":29.0},{"not_picked":["Redo","Rebound"],"picked":"Coolheaded+1","floor":31.0}],"player_experience":359125,"relics_obtained":[{"floor":6.0,"key":"Darkstone Periapt"},{"floor":9.0,"key":"Bronze Scales"},{"floor":25.0,"key":"Anchor"},{"floor":26.0,"key":"PreservedInsect"},{"floor":29.0,"key":"Whetstone"}],"event_choices":[{"damage_healed":0.0,"max_hp_gain":0.0,"max_hp_loss":0.0,"gold_gain":0.0,"event_name":"Golden Idol","player_choice":"Take Wound","floor":4.0,"gold_loss":0.0,"damage_taken":0.0,"relics_obtained":["Golden Idol"],"cards_obtained":["Injury"]},{"damage_healed":21.0,"max_hp_gain":0.0,"max_hp_loss":0.0,"gold_gain":0.0,"event_name":"Mushrooms","player_choice":"Healed and dodged fight","floor":13.0,"gold_loss":0.0,"damage_taken":0.0,"cards_obtained":["Parasite"]},{"damage_healed":0.0,"max_hp_gain":0.0,"max_hp_loss":0.0,"gold_gain":99.0,"event_name":"Nest","player_choice":"Stole From Cult","floor":22.0,"gold_loss":0.0,"damage_taken":0.0},{"damage_healed":0.0,"max_hp_gain":0.0,"max_hp_loss":0.0,"gold_gain":0.0,"event_name":"The Mausoleum","player_choice":"Opened","floor":24.0,"gold_loss":0.0,"damage_taken":0.0,"relics_obtained":["Tiny Chest"]}],"is_beta":false,"boss_relics":[{"not_picked":["Coffee Dripper","Lizard Tail"],"picked":"Eternal Feather"}],"items_purged_floors":[3,20],"is_endless":false,"potions_floor_spawned":[6,11,12,14,21,25],"killed_by":"Champ","ascension_level":4}