{"gold_per_floor":[110,38,38,52,52,52,114,2,74,99,110,122,122],"floor_reached":13,"playtime":649,"items_purged":["Strike_R"],"score":77,"play_id":"ed12681e-691e-42d3-90d0-8137a9e6fc31","local_time":"20190515125511","is_ascension_mode":true,"campfire_choices":[{"data":"Seeing Red","floor":6,"key":"SMITH"}],"neow_cost":"NONE","seed_source_timestamp":437066109023356,"circlet_count":0,"master_deck":["Strike_R","Strike_R","Strike_R","Defend_R","Defend_R","Defend_R","Defend_R","Bash","Flame Barrier+1","Cleave","Metallicize","Seeing Red+1","Cleave","Metallicize","Metallicize"],"relics":["Burning Blood","Pen Nib","Blue Candle","Odd Mushroom"],"potions_floor_usage":[10,13],"damage_taken":[{"damage":5,"enemies":"2 Louse","floor":1,"turns":3},{"damage":0,"enemies":"Small Slimes","floor":4,"turns":4},{"damage":58,"enemies":"Lagavulin Event","floor":7,"turns":13},{"damage":25,"enemies":"The Mushroom Lair","floor":10,"turns":4},{"damage":3,"enemies":"Jaw Worm","floor":11,"turns":2},{"damage":9,"enemies":"Exordium Wildlife","floor":12,"turns":5},{"damage":8,"enemies":"Lagavulin","floor":13,"turns":5}],"seed_played":"-8680868346111047017","potions_obtained":[{"floor":7,"key":"SneckoOil"},{"floor":12,"key":"PowerPotion"}],"is_trial":false,"path_per_floor":["M","$","?","M","?","R","?","$","T","?","M","M","E"],"character_chosen":"IRONCLAD","items_purchased":["Metallicize","Metallicize"],"campfire_rested":0,"item_purchase_floors":[2,8],"current_hp_per_floor":[80,80,73,79,79,79,27,27,27,8,11,8,0],"gold":122,"neow_bonus":"THREE_CARDS","is_prod":false,"is_daily":false,"chose_seed":false,"campfire_upgraded":1,"win_rate":0,"timestamp":1557896111,"path_taken":["M","$","?","M","?","R","?","$","T","?","M","M","E"],"build_version":"2019-01-23","purchased_purges":1,"victory":false,"max_hp_per_floor":[80,80,80,80,80,80,80,80,80,80,80,80,80],"card_choices":[{"not_picked":["Bloodletting","Sword Boomerang"],"picked":"Flame Barrier","floor":0},{"not_picked":["Twin Strike","Reckless Charge"],"picked":"Cleave","floor":1},{"not_picked":["Havoc","Shockwave"],"picked":"Seeing Red","floor":4},{"not_picked":["Hemokinesis","Perfected Strike"],"picked":"Cleave","floor":7},{"not_picked":["Feel No Pain","Shockwave","Havoc"],"picked":"SKIP","floor":11},{"not_picked":["Wild Strike","Twin Strike"],"picked":"Metallicize","floor":12}],"player_experience":92459,"relics_obtained":[{"floor":7,"key":"Pen Nib"},{"floor":9,"key":"Blue Candle"},{"floor":10,"key":"Odd Mushroom"}],"event_choices":[{"cards_removed":["Strike_R"],"damage_healed":0,"gold_gain":0,"player_choice":"Card Removal","damage_taken":7,"max_hp_gain":0,"max_hp_loss":0,"event_name":"Golden Wing","floor":3,"gold_loss":0},{"damage_healed":0,"gold_gain":0,"player_choice":"Grow","damage_taken":0,"max_hp_gain":0,"max_hp_loss":0,"event_name":"Living Wall","floor":5,"gold_loss":0,"cards_upgraded":["Flame Barrier"]},{"damage_healed":0,"gold_gain":30,"player_choice":"Searched \u00272\u0027 times","damage_taken":0,"max_hp_gain":0,"max_hp_loss":0,"event_name":"Dead Adventurer","floor":7,"gold_loss":0},{"damage_healed":0,"gold_gain":0,"player_choice":"Fought Mushrooms","damage_taken":0,"max_hp_gain":0,"max_hp_loss":0,"event_name":"Mushrooms","floor":10,"gold_loss":0}],"is_beta":false,"boss_relics":[],"items_purged_floors":[8],"is_endless":false,"potions_floor_spawned":[7,12],"killed_by":"Lagavulin","ascension_level":1}