{"gold_per_floor":[117,117,131,149,162,162,182,182,182,257,267,65,13,33,33,132,132,105,105,105,124,49,49,64,64,64,64,163,163,180,180],"floor_reached":31,"playtime":1032,"items_purged":["Writhe"],"score":252,"play_id":"fe15f743-a204-47ff-b6d4-ae9c26e26fb3","local_time":"20190820072416","is_ascension_mode":false,"campfire_choices":[{"data":"Backstab","floor":6,"key":"SMITH"},{"floor":8,"key":"REST"},{"floor":15,"key":"REST"},{"floor":23,"key":"REST"},{"floor":25,"key":"REST"},{"floor":29,"key":"REST"}],"neow_cost":"NONE","seed_source_timestamp":437621968241841,"circlet_count":0,"master_deck":["Strike_G","Strike_G","Strike_G","Strike_G","Strike_G","Defend_G","Defend_G","Defend_G","Defend_G","Defend_G","Survivor","Neutralize","A Thousand Cuts+1","Well Laid Plans","Prepared","Backstab+1","Acrobatics","Backflip","Noxious Fumes","Catalyst","Backflip","Noxious Fumes","Glass Knife","Sucker Punch","Catalyst"],"relics":["Ring of the Snake","Paper Crane","White Beast Statue","Singing Bowl","Pear"],"potions_floor_usage":[16,16,18,21,24,30,31],"damage_taken":[{"damage":2,"enemies":"Jaw Worm","floor":1,"turns":6},{"damage":6,"enemies":"Small Slimes","floor":3,"turns":3},{"damage":9,"enemies":"2 Louse","floor":4,"turns":3},{"damage":2,"enemies":"Blue Slaver","floor":5,"turns":5},{"damage":8,"enemies":"Exordium Wildlife","floor":7,"turns":9},{"damage":5,"enemies":"Exordium Thugs","floor":11,"turns":6},{"damage":8,"enemies":"Lots of Slimes","floor":14,"turns":3},{"damage":42,"enemies":"Hexaghost","floor":16,"turns":10},{"damage":21,"enemies":"2 Thieves","floor":18,"turns":5},{"damage":6,"enemies":"3 Byrds","floor":21,"turns":5},{"damage":33,"enemies":"Snecko","floor":24,"turns":6},{"damage":42,"enemies":"Sentry and Sphere","floor":30,"turns":7},{"damage":42,"enemies":"Cultist and Chosen","floor":31,"turns":6}],"seed_played":"-2949883098571551827","potions_obtained":[{"floor":1,"key":"GhostInAJar"},{"floor":14,"key":"AttackPotion"},{"floor":16,"key":"LiquidBronze"},{"floor":18,"key":"GhostInAJar"},{"floor":21,"key":"SteroidPotion"},{"floor":24,"key":"Explosive Potion"},{"floor":30,"key":"PowerPotion"}],"is_trial":false,"path_per_floor":["M","?","M","M","M","R","M","R","T","?","M","$","$","M","R","B",null,"M","?","?","M","$","R","M","R","T","$","?","R","M","M"],"character_chosen":"THE_SILENT","items_purchased":["Noxious Fumes","Catalyst","PowerPotion","Backflip"],"campfire_rested":5,"item_purchase_floors":[12,12,12,13],"current_hp_per_floor":[68,68,62,53,51,51,43,64,64,53,48,48,48,40,61,19,70,49,36,36,32,32,55,22,45,55,55,55,81,41,0],"gold":180,"neow_bonus":"ONE_RANDOM_RARE_CARD","is_prod":false,"is_daily":false,"chose_seed":false,"campfire_upgraded":1,"win_rate":0,"timestamp":1566257056,"path_taken":["M","?","M","M","M","R","M","R","T","?","M","?","$","M","R","BOSS","M","?","?","M","?","R","M","R","T","$","?","R","M","?"],"build_version":"2019-07-17","purchased_purges":1,"victory":false,"max_hp_per_floor":[70,70,70,70,70,70,70,70,70,70,70,70,70,70,70,70,70,70,75,75,77,77,77,77,77,87,87,87,87,89,89],"card_choices":[{"not_picked":["Concentrate","Underhanded Strike"],"picked":"Well Laid Plans","floor":1},{"not_picked":["Dodge and Roll","Poisoned Stab"],"picked":"Prepared","floor":3},{"not_picked":["All Out Attack","Eviscerate","Flying Knee"],"picked":"SKIP","floor":4},{"not_picked":["Catalyst","Deflect"],"picked":"Backstab","floor":5},{"not_picked":["Heel Hook","Reflex"],"picked":"Acrobatics","floor":7},{"not_picked":["Poisoned Stab","Cloak And Dagger"],"picked":"Backflip","floor":11},{"not_picked":["Quick Slash","Expertise"],"picked":"Noxious Fumes","floor":14},{"not_picked":["Doppelganger","A Thousand Cuts"],"picked":"Glass Knife","floor":16},{"not_picked":["All Out Attack","Bouncing Flask"],"picked":"Sucker Punch","floor":18},{"not_picked":["Dodge and Roll","Acrobatics","Riddle With Holes"],"picked":"Singing Bowl","floor":21},{"not_picked":["Dodge and Roll+1","Dagger Spray+1"],"picked":"Catalyst","floor":24},{"not_picked":["Dagger Spray+1","Dodge and Roll","Dagger Throw"],"picked":"Singing Bowl","floor":30}],"player_experience":218161,"relics_obtained":[{"floor":9,"key":"Paper Crane"},{"floor":26,"key":"Pear"}],"event_choices":[{"damage_healed":0,"gold_gain":0,"player_choice":"Grow","damage_taken":0,"max_hp_gain":0,"max_hp_loss":0,"event_name":"Living Wall","floor":2,"gold_loss":0,"cards_upgraded":["A Thousand Cuts"]},{"damage_healed":0,"gold_gain":75,"player_choice":"Gather Gold","damage_taken":11,"max_hp_gain":0,"max_hp_loss":0,"event_name":"World of Goop","floor":10,"gold_loss":0},{"damage_healed":0,"gold_gain":0,"player_choice":"Shed Blood","damage_taken":18,"max_hp_gain":5,"max_hp_loss":0,"event_name":"Forgotten Altar","floor":19,"gold_loss":0},{"damage_healed":0,"gold_gain":0,"player_choice":"Opened","damage_taken":0,"relics_obtained":["Singing Bowl"],"max_hp_gain":0,"max_hp_loss":0,"event_name":"The Mausoleum","floor":20,"gold_loss":0,"cards_obtained":["Writhe"]},{"damage_healed":0,"gold_gain":99,"player_choice":"Stole From Cult","damage_taken":0,"max_hp_gain":0,"max_hp_loss":0,"event_name":"Nest","floor":28,"gold_loss":0}],"is_beta":false,"boss_relics":[{"not_picked":["Fusion Hammer","WristBlade"],"picked":"White Beast Statue"}],"items_purged_floors":[22],"is_endless":false,"potions_floor_spawned":[1,14,16,18,21,24,30],"killed_by":"Cultist and Chosen","ascension_level":0}