{"gold_per_floor":[112,62,37,56,69,69,69,69,93,70,101,101,112,129,129,231,281,299,70,87,87,103,103,120,120,120,155,167,22,22,51,63,75],"floor_reached":33,"playtime":1114,"items_purged":["Defend_R"],"score":280,"play_id":"823015d5-3729-4cf2-9f4a-25e9aed1b31d","local_time":"20190420022722","is_ascension_mode":true,"campfire_choices":[{"data":"True Grit","floor":6,"key":"SMITH"},{"data":"Twin Strike","floor":12,"key":"SMITH"},{"data":"Shrug It Off","floor":15,"key":"SMITH"},{"floor":23,"key":"REST"},{"floor":25,"key":"REST"},{"floor":32,"key":"REST"}],"neow_cost":"NONE","seed_source_timestamp":55847118782394,"circlet_count":0,"master_deck":["Strike_R","Strike_R+1","Strike_R","Defend_R","Defend_R","Defend_R","Bash","Disarm+1","Spot Weakness","Twin Strike+1","Shrug It Off+1","True Grit+1","Shrug It Off+1","Twin Strike+1","Twin Strike+1","Barricade","Ghostly Armor+1","True Grit+1","Cleave","Anger","Anger"],"relics":["Burning Blood","War Paint","Vajra","Happy Flower","Tiny House","Nloth\u0027s Gift","Letter Opener","Anchor","Regal Pillow","MawBank"],"potions_floor_usage":[18,20,22,27,28,33],"damage_taken":[{"damage":0,"enemies":"2 Louse","floor":1,"turns":4},{"damage":11,"enemies":"Jaw Worm","floor":4,"turns":2},{"damage":0,"enemies":"Cultist","floor":5,"turns":4},{"damage":32,"enemies":"Gremlin Nob","floor":11,"turns":5},{"damage":1,"enemies":"Blue Slaver","floor":13,"turns":3},{"damage":10,"enemies":"Red Slaver","floor":14,"turns":3},{"damage":12,"enemies":"Hexaghost","floor":16,"turns":8},{"damage":20,"enemies":"3 Byrds","floor":18,"turns":6},{"damage":35,"enemies":"2 Thieves","floor":20,"turns":5},{"damage":37,"enemies":"Centurion and Healer","floor":22,"turns":6},{"damage":19,"enemies":"Shelled Parasite and Fungi","floor":24,"turns":7},{"damage":35,"enemies":"Slavers","floor":27,"turns":7},{"damage":6,"enemies":"Sentry and Sphere","floor":28,"turns":7},{"damage":1,"enemies":"Centurion and Healer","floor":31,"turns":5},{"damage":70,"enemies":"Automaton","floor":33,"turns":6}],"seed_played":"-7077138222945005354","potions_obtained":[{"floor":4,"key":"Ancient Potion"},{"floor":5,"key":"Ancient Potion"},{"floor":14,"key":"FearPotion"},{"floor":17,"key":"Explosive Potion"},{"floor":20,"key":"PowerPotion"},{"floor":27,"key":"Block Potion"},{"floor":28,"key":"Poison Potion"},{"floor":31,"key":"Dexterity Potion"}],"is_trial":false,"path_per_floor":["M","?","$","M","M","R","?","?","T","$","E","R","M","M","R","B",null,"M","$","M","?","M","R","M","R","T","E","M","$","?","M","R","B"],"character_chosen":"IRONCLAD","items_purchased":["Twin Strike","Shrug It Off","Whetstone","Regal Pillow"],"campfire_rested":3,"item_purchase_floors":[3,10,19,29],"current_hp_per_floor":[80,80,80,75,80,80,73,73,73,73,47,47,52,48,48,42,85,71,71,42,42,11,36,23,48,48,19,19,19,19,24,64,0],"gold":75,"neow_bonus":"TRANSFORM_CARD","is_prod":false,"is_daily":false,"chose_seed":false,"campfire_upgraded":3,"win_rate":0,"timestamp":1555698442,"path_taken":["M","?","$","M","M","R","?","?","T","$","E","R","M","M","R","BOSS","M","$","M","?","M","R","M","R","T","E","M","?","?","M","R","BOSS"],"build_version":"2019-01-23","purchased_purges":1,"victory":false,"max_hp_per_floor":[80,80,80,80,80,80,80,80,80,80,80,80,80,80,80,80,85,85,85,85,85,85,85,85,85,85,85,85,85,85,85,85,85],"card_choices":[{"not_picked":["Clothesline","Clash"],"picked":"Spot Weakness","floor":1},{"not_picked":["Twin Strike","Hemokinesis"],"picked":"Shrug It Off","floor":4},{"not_picked":["Flex","Sword Boomerang"],"picked":"True Grit","floor":5},{"not_picked":["Pommel Strike","Disarm"],"picked":"Twin Strike","floor":11},{"not_picked":["Carnage","Feel No Pain","Dark Embrace"],"picked":"SKIP","floor":13},{"not_picked":["Warcry","Thunderclap"],"picked":"Twin Strike","floor":14},{"not_picked":["Berserk","Bludgeon"],"picked":"Barricade","floor":16},{"not_picked":["Power Through","Heavy Blade"],"picked":"Ghostly Armor+1","floor":18},{"not_picked":["Searing Blow","Reckless Charge"],"picked":"True Grit+1","floor":20},{"not_picked":["Thunderclap","Reckless Charge","Corruption+1"],"picked":"SKIP","floor":22},{"not_picked":["Iron Wave","Heavy Blade"],"picked":"Cleave","floor":24},{"not_picked":["Pummel","Warcry+1"],"picked":"Anger","floor":27},{"not_picked":["Hemokinesis","Thunderclap+1","Sentinel"],"picked":"SKIP","floor":28},{"not_picked":["Clash+1","Heavy Blade+1"],"picked":"Anger","floor":31}],"player_experience":87273,"relics_obtained":[{"floor":9,"key":"Vajra"},{"floor":11,"key":"Happy Flower"},{"floor":26,"key":"Letter Opener"},{"floor":27,"key":"Anchor"}],"event_choices":[{"cards_removed":["Strike_R"],"damage_healed":0,"gold_gain":0,"player_choice":"Card Removal","damage_taken":0,"max_hp_gain":0,"max_hp_loss":0,"event_name":"The Cleric","floor":2,"gold_loss":50},{"damage_healed":0,"gold_gain":0,"player_choice":"Success","damage_taken":7,"relics_obtained":["War Paint"],"max_hp_gain":0,"max_hp_loss":0,"event_name":"Scrap Ooze","floor":7,"gold_loss":0},{"damage_healed":0,"gold_gain":0,"player_choice":"Ignored","damage_taken":0,"max_hp_gain":0,"max_hp_loss":0,"event_name":"Golden Idol","floor":8,"gold_loss":0},{"damage_healed":0,"gold_gain":0,"player_choice":"Traded Relic","damage_taken":0,"relics_obtained":["Nloth\u0027s Gift"],"max_hp_gain":0,"max_hp_loss":0,"event_name":"N\u0027loth","floor":21,"relics_lost":["Whetstone"],"gold_loss":0},{"damage_healed":0,"gold_gain":0,"player_choice":"Gave Potion","damage_taken":0,"relics_obtained":["MawBank"],"max_hp_gain":0,"max_hp_loss":0,"event_name":"WeMeetAgain","floor":30,"gold_loss":0}],"is_beta":false,"boss_relics":[{"not_picked":["White Beast Statue","Snecko Eye"],"picked":"Tiny House"}],"items_purged_floors":[19],"is_endless":false,"potions_floor_spawned":[4,5,14,20,27,28,31],"killed_by":"Automaton","ascension_level":1}