{"gold_per_floor":[119,119,88,106,124,159,182,195,266,280,305,324,355,355,355,355],"floor_reached":16,"playtime":1364,"items_purged":[],"score":116,"play_id":"16bb1764-5da8-4614-8607-662233b8f551","local_time":"20181122223318","is_ascension_mode":false,"campfire_choices":[{"floor":15,"key":"REST"}],"neow_cost":"NONE","seed_source_timestamp":8552742100582628,"circlet_count":0,"master_deck":["Defend_G","Defend_G","Defend_G","Defend_G","Defend_G","Strike_G","Strike_G","Strike_G","Strike_G","Strike_G","Survivor","Neutralize","Predator","Dagger Spray","Escape Plan","All Out Attack","Wraith Form v2","Acrobatics","Parasite"],"relics":["Ring of the Snake","Golden Idol","Strawberry","The Specimen"],"potions_floor_usage":[6,6,6,6,6,7,12,13,16],"damage_taken":[{"damage":18,"enemies":"Jaw Worm","floor":1,"turns":7},{"damage":0,"enemies":"2 Louse","floor":4,"turns":2},{"damage":0,"enemies":"Small Slimes","floor":5,"turns":4},{"damage":38,"enemies":"Lagavulin","floor":6,"turns":9},{"damage":1,"enemies":"2 Fungi Beasts","floor":7,"turns":3},{"damage":2,"enemies":"Blue Slaver","floor":8,"turns":4},{"damage":0,"enemies":"Gremlin Gang","floor":10,"turns":4},{"damage":0,"enemies":"Exordium Wildlife","floor":11,"turns":3},{"damage":3,"enemies":"Exordium Thugs","floor":12,"turns":4},{"damage":12,"enemies":"Gremlin Nob","floor":13,"turns":6},{"damage":53,"enemies":"Hexaghost","floor":16,"turns":16}],"seed_played":"-6973439577138593722","potions_obtained":[{"floor":0,"key":"GamblersBrew"},{"floor":0,"key":"EntropicBrew"},{"floor":0,"key":"GamblersBrew"},{"floor":5,"key":"GhostInAJar"},{"floor":6,"key":"SpeedPotion"},{"floor":7,"key":"SpeedPotion"},{"floor":11,"key":"Explosive Potion"},{"floor":13,"key":"Ancient Potion"}],"is_trial":false,"path_per_floor":["M","?","?","M","M","E","M","M","T","M","M","M","E","?","R","B"],"character_chosen":"THE_SILENT","items_purchased":[],"campfire_rested":1,"item_purchase_floors":[],"current_hp_per_floor":[52,52,52,52,52,21,20,18,18,18,18,15,3,21,42,0],"gold":355,"neow_bonus":"THREE_SMALL_POTIONS","is_prod":false,"is_daily":false,"chose_seed":false,"campfire_upgraded":0,"win_rate":0,"timestamp":1542951198,"path_taken":["M","?","?","?","M","E","M","M","T","M","M","M","E","?","R","BOSS"],"build_version":"2018-11-15","purchased_purges":0,"victory":false,"max_hp_per_floor":[70,65,65,65,65,72,72,72,72,72,72,72,72,72,72,72],"card_choices":[{"not_picked":["Slice","Choke"],"picked":"Predator","floor":1},{"not_picked":["Deadly Poison","PiercingWail"],"picked":"Dagger Spray","floor":4},{"not_picked":["Riddle With Holes","Poisoned Stab"],"picked":"Escape Plan","floor":5},{"not_picked":["Deflect","PiercingWail"],"picked":"All Out Attack","floor":6},{"not_picked":["Masterful Stab","Riddle With Holes","Poisoned Stab"],"picked":"SKIP","floor":7},{"not_picked":["Prepared","Tactician"],"picked":"Wraith Form v2","floor":8},{"not_picked":["Acrobatics","Catalyst","Reflex"],"picked":"SKIP","floor":10},{"not_picked":["Deadly Poison","Underhanded Strike","Riddle With Holes"],"picked":"SKIP","floor":11},{"not_picked":["Flechettes","Bouncing Flask","Flying Knee"],"picked":"SKIP","floor":12},{"not_picked":["Concentrate","Prepared"],"picked":"Acrobatics","floor":13}],"player_experience":1304281,"relics_obtained":[{"floor":6,"key":"Strawberry"},{"floor":13,"key":"The Specimen"}],"event_choices":[{"damage_healed":0,"gold_gain":0,"player_choice":"Lose Max HP","damage_taken":0,"relics_obtained":["Golden Idol"],"max_hp_gain":0,"max_hp_loss":5,"event_name":"Golden Idol","floor":2,"gold_loss":0},{"damage_healed":0,"gold_gain":0,"player_choice":"Left Gold","damage_taken":0,"max_hp_gain":0,"max_hp_loss":0,"event_name":"World of Goop","floor":3,"gold_loss":31},{"damage_healed":18,"gold_gain":0,"player_choice":"Healed and dodged fight","damage_taken":0,"max_hp_gain":0,"max_hp_loss":0,"event_name":"Mushrooms","floor":14,"gold_loss":0,"cards_obtained":["Parasite"]}],"is_beta":false,"boss_relics":[],"items_purged_floors":[],"is_endless":false,"potions_floor_spawned":[5,6,7,11,13],"killed_by":"Hexaghost","ascension_level":0}