{"gold_per_floor":[109,109,119,119,44,72,1,13,39,39,39,55,20,13,13,117,117,129,54,0,0,0,0,0,0,71,57,57,72,27,41,41,41],"floor_reached":33,"playtime":1143,"items_purged":["Pain"],"score":243,"play_id":"bfbf3db1-06a1-40f2-8335-58776d7803ee","local_time":"20190811134716","is_ascension_mode":false,"campfire_choices":[{"data":"Infinite Blades","floor":10,"key":"SMITH"},{"floor":15,"key":"REST"},{"floor":23,"key":"REST"},{"floor":25,"key":"REST"},{"floor":32,"key":"REST"}],"neow_cost":"NONE","seed_source_timestamp":547655497453375,"circlet_count":0,"master_deck":["Strike_G","Strike_G","Strike_G","Strike_G","Strike_G","Defend_G","Defend_G","Defend_G","Defend_G","Defend_G","Survivor","Neutralize","Clumsy","Infinite Blades+1","Well Laid Plans","Blur","PiercingWail","Tactician","Prepared","Escape Plan","Noxious Fumes","Reflex","Deflect","Deflect+1","Acrobatics","Cloak And Dagger","Endless Agony"],"relics":["Calling Bell","Snake Skull","Shuriken","Turnip","Anchor","Ancient Tea Set","Orrery","MutagenicStrength","Letter Opener"],"potions_floor_usage":[6,8,16,31,33],"damage_taken":[{"damage":10,"enemies":"2 Louse","floor":1,"turns":5},{"damage":7,"enemies":"Small Slimes","floor":3,"turns":3},{"damage":28,"enemies":"Lagavulin","floor":6,"turns":7},{"damage":0,"enemies":"Jaw Worm","floor":8,"turns":5},{"damage":0,"enemies":"Looter","floor":12,"turns":4},{"damage":0,"enemies":"Exordium Thugs","floor":14,"turns":4},{"damage":58,"enemies":"Slime Boss","floor":16,"turns":15},{"damage":45,"enemies":"Spheric Guardian","floor":18,"turns":9},{"damage":8,"enemies":"2 Thieves","floor":27,"turns":4},{"damage":37,"enemies":"Cultist and Chosen","floor":29,"turns":9},{"damage":13,"enemies":"Chosen and Byrds","floor":31,"turns":7},{"damage":31,"enemies":"Collector","floor":33,"turns":5}],"seed_played":"1144807544996442116","potions_obtained":[{"floor":1,"key":"SteroidPotion"},{"floor":6,"key":"Fire Potion"},{"floor":16,"key":"Dexterity Potion"},{"floor":27,"key":"Explosive Potion"},{"floor":31,"key":"Swift Potion"}],"is_trial":false,"path_per_floor":["M","?","M","?","$","E","$","M","T","R","?","M","$","M","R","B",null,"M","?","?","?","$","R","?","R","T","M","?","M","$","M","R","B"],"character_chosen":"THE_SILENT","items_purchased":["Regen Potion","Tactician","Cloak And Dagger"],"campfire_rested":4,"item_purchase_floors":[7,13,30],"current_hp_per_floor":[60,60,53,58,58,30,30,44,44,44,44,44,44,44,66,8,75,30,30,30,16,16,40,40,64,64,56,56,19,19,6,30,0],"gold":41,"neow_bonus":"BOSS_RELIC","is_prod":false,"is_daily":false,"chose_seed":false,"campfire_upgraded":1,"win_rate":0,"timestamp":1565502436,"path_taken":["M","?","M","?","$","E","$","M","T","R","?","M","?","M","R","BOSS","M","?","?","?","$","R","?","R","T","?","?","M","$","M","R","BOSS"],"build_version":"2019-07-17","purchased_purges":1,"victory":false,"max_hp_per_floor":[70,70,70,75,75,75,75,75,75,75,75,75,75,75,75,75,75,75,75,75,80,80,80,80,80,80,80,80,80,80,80,80,80],"card_choices":[{"not_picked":["Heel Hook","Dodge and Roll"],"picked":"Infinite Blades","floor":1},{"not_picked":["Crippling Poison","Outmaneuver"],"picked":"Well Laid Plans","floor":3},{"not_picked":["Backstab","Distraction"],"picked":"Blur","floor":6},{"not_picked":["Leg Sweep","Phantasmal Killer"],"picked":"PiercingWail","floor":8},{"not_picked":["PiercingWail","Flying Knee","Poisoned Stab"],"picked":"SKIP","floor":12},{"not_picked":["Quick Slash","Slice"],"picked":"Prepared","floor":14},{"not_picked":["Dagger Throw","Deadly Poison"],"picked":"Escape Plan","floor":17},{"not_picked":["Cloak And Dagger","Dodge and Roll"],"picked":"Noxious Fumes","floor":17},{"not_picked":["Bouncing Flask","Dash"],"picked":"Reflex","floor":17},{"not_picked":["Dagger Throw","Escape Plan"],"picked":"Deflect","floor":17},{"not_picked":["Riddle With Holes","Quick Slash+1"],"picked":"Deflect+1","floor":18},{"not_picked":["Bouncing Flask","Predator"],"picked":"Acrobatics","floor":27},{"not_picked":["Choke","Sucker Punch+1","PiercingWail"],"picked":"SKIP","floor":29},{"not_picked":["Burst","Flying Knee+1"],"picked":"Endless Agony","floor":31}],"player_experience":169482,"relics_obtained":[{"floor":0,"key":"Snake Skull"},{"floor":0,"key":"Shuriken"},{"floor":0,"key":"Turnip"},{"floor":6,"key":"Anchor"},{"floor":9,"key":"Ancient Tea Set"},{"floor":26,"key":"Letter Opener"}],"event_choices":[{"damage_healed":0,"gold_gain":0,"player_choice":"Ignored","damage_taken":0,"max_hp_gain":0,"max_hp_loss":0,"event_name":"Liars Game","floor":2,"gold_loss":0},{"damage_healed":0,"gold_gain":0,"player_choice":"Donut","damage_taken":0,"max_hp_gain":5,"max_hp_loss":0,"event_name":"Big Fish","floor":4,"gold_loss":0},{"damage_healed":0,"gold_gain":0,"player_choice":"Ignored","damage_taken":0,"max_hp_gain":0,"max_hp_loss":0,"event_name":"Golden Idol","floor":11,"gold_loss":0},{"cards_removed":["Decay"],"damage_healed":0,"gold_gain":0,"player_choice":"Gave Gold","damage_taken":0,"max_hp_gain":0,"max_hp_loss":0,"event_name":"Beggar","floor":19,"gold_loss":75},{"damage_healed":0,"gold_gain":0,"player_choice":"Paid Fearfully","damage_taken":0,"max_hp_gain":0,"max_hp_loss":0,"event_name":"Masked Bandits","floor":20,"gold_loss":54},{"damage_healed":0,"gold_gain":0,"player_choice":"Shed Blood","damage_taken":19,"max_hp_gain":5,"max_hp_loss":0,"event_name":"Forgotten Altar","floor":21,"gold_loss":0},{"damage_healed":0,"gold_gain":0,"player_choice":"Inject Mutagens","damage_taken":0,"relics_obtained":["MutagenicStrength"],"max_hp_gain":0,"max_hp_loss":0,"event_name":"Drug Dealer","floor":24,"gold_loss":0},{"damage_healed":0,"gold_gain":0,"player_choice":"Ignored","damage_taken":0,"max_hp_gain":0,"max_hp_loss":0,"event_name":"Ghosts","floor":28,"gold_loss":0}],"is_beta":false,"boss_relics":[{"not_picked":["Coffee Dripper","Cursed Key"],"picked":"Orrery"}],"items_purged_floors":[5],"is_endless":false,"potions_floor_spawned":[1,6,16,27,31],"killed_by":"Collector","ascension_level":0}