{"gold_per_floor":[118,193,193,207,207,207,207,218,218,66,66,95,107,107,107,181,181,193,193,193,153,168,168,47,47,47,60,60,131,131,142,142,142],"floor_reached":33,"playtime":1566,"items_purged":[],"score":410,"play_id":"6161c84c-23a2-4ea4-9d78-85fb600c6f85","local_time":"20190824115708","is_ascension_mode":true,"campfire_choices":[{"data":"Dualcast","floor":6.0,"key":"SMITH"},{"floor":11.0,"key":"REST"},{"floor":15.0,"key":"REST"},{"data":"Chaos","floor":23.0,"key":"SMITH"},{"floor":25.0,"key":"REST"},{"floor":30.0,"key":"REST"},{"floor":32.0,"key":"REST"}],"neow_cost":"NONE","seed_source_timestamp":87694187463548,"circlet_count":0,"master_deck":["AscendersBane","Strike_B+1","Strike_B+1","Strike_B+1","Defend_B+1","Defend_B+1","Defend_B+1","Defend_B+1","Zap+1","Dualcast+1","Defragment","Auto Shields+1","Electrodynamics+1","All For One","Chaos+1","Writhe","Leap+1","Go for the Eyes"],"special_seed":0,"relics":["Cracked Core","Unceasing Top","Bag of Marbles","Symbiotic Virus","White Beast Statue","Lantern","Tiny Chest","Singing Bowl","The Courier"],"potions_floor_usage":[33,33],"damage_taken":[{"damage":0.0,"enemies":"Small Slimes","floor":1.0,"turns":3.0},{"damage":1.0,"enemies":"Jaw Worm","floor":4.0,"turns":4.0},{"damage":0.0,"enemies":"Cultist","floor":8.0,"turns":4.0},{"damage":15.0,"enemies":"3 Sentries","floor":12.0,"turns":3.0},{"damage":8.0,"enemies":"Blue Slaver","floor":13.0,"turns":2.0},{"damage":18.0,"enemies":"Slime Boss","floor":16.0,"turns":6.0},{"damage":0.0,"enemies":"3 Byrds","floor":18.0,"turns":4.0},{"damage":5.0,"enemies":"2 Thieves","floor":22.0,"turns":4.0},{"damage":32.0,"enemies":"Snake Plant","floor":27.0,"turns":3.0},{"damage":0.0,"enemies":"3 Cultists","floor":31.0,"turns":2.0},{"damage":88,"enemies":"Champ","floor":33,"turns":15}],"seed_played":"-8575030581055398274","potions_obtained":[{"floor":0.0,"key":"SteroidPotion"},{"floor":0.0,"key":"EssenceOfSteel"},{"floor":8.0,"key":"Weak Potion"},{"floor":16.0,"key":"Ancient Potion"},{"floor":18.0,"key":"EssenceOfSteel"},{"floor":22.0,"key":"PowerPotion"},{"floor":27.0,"key":"FearPotion"},{"floor":31.0,"key":"AttackPotion"}],"is_trial":false,"path_per_floor":["M","?","?","M","?","R","?","M","T","$","R","E","M","?","R","B",null,"M","?","?","?","M","R","$","R","T","M","?","T","R","M","R","B"],"character_chosen":"DEFECT","items_purchased":["Electrodynamics","Tiny Chest"],"campfire_rested":5,"item_purchase_floors":[10,24],"current_hp_per_floor":[64,53,53,52,52,52,38,38,38,38,59,44,36,24,45,27,60,60,60,60,60,55,55,55,71,71,39,39,39,60,60,71,0],"gold":142,"neow_bonus":"THREE_SMALL_POTIONS","is_prod":false,"is_daily":false,"chose_seed":false,"campfire_upgraded":2,"win_rate":0,"timestamp":1566644228,"path_taken":["M","?","?","?","?","R","?","M","T","$","R","E","?","?","R","BOSS","M","?","?","?","?","R","$","R","T","M","?","?","R","M","R","BOSS"],"build_version":"2019-07-17","purchased_purges":0,"victory":false,"max_hp_per_floor":[71,71,71,71,71,71,71,71,71,71,71,71,71,71,71,71,71,71,71,71,71,71,71,71,71,71,71,71,71,71,71,71,71],"card_choices":[{"not_picked":["Barrage","Compile Driver","Hologram"],"picked":"SKIP","floor":1.0},{"not_picked":["Storm","Leap"],"picked":"Defragment","floor":4.0},{"not_picked":["Heatsinks","Steam"],"picked":"Auto Shields","floor":8.0},{"not_picked":["Skim","Ball Lightning"],"picked":"All For One","floor":12.0},{"not_picked":["Loop","Lockon"],"picked":"Chaos","floor":13.0},{"not_picked":["Steam","Rebound","Turbo"],"picked":"SKIP","floor":18.0},{"not_picked":["Sweeping Beam","Consume","Gash"],"picked":"SKIP","floor":22.0},{"not_picked":["Beam Cell","Gash"],"picked":"Leap+1","floor":27.0},{"not_picked":["Barrage","Steam Power"],"picked":"Go for the Eyes","floor":31.0}],"player_experience":563484,"relics_obtained":[{"floor":9.0,"key":"Unceasing Top"},{"floor":12.0,"key":"Bag of Marbles"},{"floor":26.0,"key":"Singing Bowl"},{"floor":29.0,"key":"The Courier"}],"event_choices":[{"damage_healed":0.0,"max_hp_gain":0.0,"max_hp_loss":0.0,"gold_gain":75.0,"event_name":"World of Goop","player_choice":"Gather Gold","floor":2.0,"gold_loss":0.0,"damage_taken":11.0},{"cards_removed":["Strike_B"],"damage_healed":0.0,"max_hp_gain":0.0,"max_hp_loss":0.0,"gold_gain":0.0,"event_name":"Wheel of Change","player_choice":"Card Removal","floor":3.0,"gold_loss":0.0,"damage_taken":0.0},{"damage_healed":0.0,"max_hp_gain":0.0,"max_hp_loss":0.0,"gold_gain":0.0,"event_name":"Living Wall","player_choice":"Grow","floor":5.0,"gold_loss":0.0,"damage_taken":0.0,"cards_upgraded":["Zap"]},{"damage_healed":0.0,"max_hp_gain":0.0,"max_hp_loss":0.0,"gold_gain":0.0,"event_name":"Shining Light","player_choice":"Entered Light","floor":7.0,"gold_loss":0.0,"damage_taken":14.0,"cards_upgraded":["Strike_B","Defend_B"]},{"damage_healed":0.0,"max_hp_gain":0.0,"max_hp_loss":0.0,"gold_gain":0.0,"event_name":"Scrap Ooze","player_choice":"Success","floor":14.0,"gold_loss":0.0,"damage_taken":12.0,"relics_obtained":["Symbiotic Virus"]},{"damage_healed":0.0,"max_hp_gain":0.0,"max_hp_loss":0.0,"gold_gain":0.0,"event_name":"The Mausoleum","player_choice":"Opened","floor":19.0,"gold_loss":0.0,"damage_taken":0.0,"relics_obtained":["Lantern"],"cards_obtained":["Writhe"]},{"damage_healed":0.0,"max_hp_gain":0.0,"max_hp_loss":0.0,"gold_gain":0.0,"event_name":"Back to Basics","player_choice":"Simplicity","floor":20.0,"gold_loss":0.0,"damage_taken":0.0,"cards_upgraded":["Strike_B","Strike_B","Defend_B","Defend_B","Defend_B"]},{"damage_healed":0.0,"max_hp_gain":0.0,"max_hp_loss":0.0,"gold_gain":0.0,"event_name":"Designer","player_choice":"Upgraded Two","floor":21.0,"gold_loss":40.0,"damage_taken":0.0,"cards_upgraded":["Auto Shields","Electrodynamics"]},{"damage_healed":0.0,"max_hp_gain":0.0,"max_hp_loss":0.0,"gold_gain":0.0,"event_name":"Cursed Tome","player_choice":"Ignored","floor":28.0,"gold_loss":0.0,"damage_taken":0.0}],"is_beta":false,"boss_relics":[{"not_picked":["Calling Bell","Philosopher\u0027s Stone"],"picked":"White Beast Statue"}],"items_purged_floors":[],"is_endless":false,"potions_floor_spawned":[8,13,16,18,22,27,31],"killed_by":"Champ","ascension_level":14}