{"gold_per_floor":[99,99,99,69,69,69,69,69,69,69,69,69,0,0,0,0,0,0,0,0,0,0,0,0,0,0,0,0,0,0,0,0,0],"floor_reached":33,"playtime":1331,"items_purged":[],"score":249,"play_id":"17a3cc94-91d5-41fe-87b9-43998ee40fed","local_time":"20190821065337","is_ascension_mode":false,"campfire_choices":[{"data":"A Thousand Cuts","floor":6,"key":"SMITH"},{"data":"Noxious Fumes","floor":15,"key":"SMITH"},{"floor":23,"key":"REST"},{"floor":25,"key":"REST"},{"floor":32,"key":"REST"}],"neow_cost":"NONE","seed_source_timestamp":55562313090542,"circlet_count":0,"master_deck":["Strike_G","Strike_G","Strike_G","Strike_G","Strike_G","Defend_G","Defend_G","Defend_G","Defend_G","Defend_G","Survivor","Neutralize","Prepared","Backflip","Deflect","A Thousand Cuts+1","Infinite Blades+1","Backstab","Blade Dance","Unload","Noxious Fumes+1","Tools of the Trade","Well Laid Plans","Well Laid Plans","Adrenaline","PiercingWail"],"relics":["Ectoplasm","Art of War","Blood Vial","White Beast Statue","Darkstone Periapt","Juzu Bracelet"],"potions_floor_usage":[8,16,30,33],"damage_taken":[{"damage":1,"enemies":"Cultist","floor":1,"turns":4},{"damage":0,"enemies":"Jaw Worm","floor":2,"turns":4},{"damage":0,"enemies":"2 Louse","floor":3,"turns":3},{"damage":4,"enemies":"Exordium Thugs","floor":4,"turns":4},{"damage":2,"enemies":"Exordium Wildlife","floor":5,"turns":4},{"damage":3,"enemies":"Gremlin Gang","floor":7,"turns":3},{"damage":0,"enemies":"Red Slaver","floor":8,"turns":4},{"damage":0,"enemies":"Large Slime","floor":10,"turns":4},{"damage":0,"enemies":"Exordium Wildlife","floor":11,"turns":2},{"damage":4,"enemies":"Gremlin Gang","floor":12,"turns":3},{"damage":0,"enemies":"3 Louse","floor":14,"turns":2},{"damage":30,"enemies":"The Guardian","floor":16,"turns":11},{"damage":10,"enemies":"3 Byrds","floor":18,"turns":4},{"damage":0,"enemies":"Chosen","floor":20,"turns":4},{"damage":33,"enemies":"Snake Plant","floor":22,"turns":5},{"damage":34,"enemies":"Cultist and Chosen","floor":28,"turns":7},{"damage":8,"enemies":"Centurion and Healer","floor":29,"turns":8},{"damage":44,"enemies":"Snake Plant","floor":30,"turns":5},{"damage":30,"enemies":"Champ","floor":33,"turns":12}],"seed_played":"2199429660775906673","potions_obtained":[{"floor":2,"key":"Swift Potion"},{"floor":3,"key":"FearPotion"},{"floor":10,"key":"LiquidBronze"},{"floor":12,"key":"FairyPotion"},{"floor":18,"key":"Strength Potion"},{"floor":20,"key":"Regen Potion"},{"floor":30,"key":"GhostInAJar"}],"is_trial":false,"path_per_floor":["M","M","M","M","M","R","M","M","T","M","M","M","?","M","R","B",null,"M","?","M","?","M","R","?","R","T","?","M","M","M","$","R","B"],"character_chosen":"THE_SILENT","items_purchased":[],"campfire_rested":3,"item_purchase_floors":[],"current_hp_per_floor":[69,69,69,65,63,63,60,60,60,60,60,56,56,58,58,30,70,60,60,62,49,18,40,40,62,62,62,30,24,2,2,24,0],"gold":0,"neow_bonus":"BOSS_RELIC","is_prod":false,"is_daily":false,"chose_seed":false,"campfire_upgraded":2,"win_rate":0,"timestamp":1566341617,"path_taken":["M","M","M","M","M","R","M","M","T","?","M","M","?","M","R","BOSS","M","?","M","?","?","R","?","R","T","?","M","M","M","$","R","BOSS"],"build_version":"2019-07-17","purchased_purges":0,"victory":false,"max_hp_per_floor":[70,70,70,70,70,70,70,70,70,70,70,70,70,70,70,70,70,70,70,70,75,75,75,75,75,75,75,75,75,75,75,75,75],"card_choices":[{"not_picked":["Footwork","Eviscerate"],"picked":"Prepared","floor":1},{"not_picked":["Dagger Spray","Blade Dance"],"picked":"Backflip","floor":2},{"not_picked":["Backflip","Sucker Punch"],"picked":"Deflect","floor":3},{"not_picked":["Slice","Bane"],"picked":"A Thousand Cuts","floor":4},{"not_picked":["Sucker Punch","Distraction"],"picked":"Infinite Blades","floor":5},{"not_picked":["Flechettes","Setup","Concentrate"],"picked":"SKIP","floor":7},{"not_picked":["Flying Knee","Poisoned Stab"],"picked":"Backstab","floor":8},{"not_picked":["Flying Knee","Catalyst"],"picked":"Blade Dance","floor":10},{"not_picked":["Catalyst","Outmaneuver"],"picked":"Unload","floor":11},{"not_picked":["Masterful Stab","Skewer"],"picked":"Noxious Fumes","floor":12},{"not_picked":["Expertise","Quick Slash","Crippling Poison"],"picked":"SKIP","floor":14},{"not_picked":["Phantasmal Killer","Grand Finale"],"picked":"Tools of the Trade","floor":16},{"not_picked":["Flying Knee+1","Dagger Spray","Dagger Throw"],"picked":"SKIP","floor":18},{"not_picked":["All Out Attack","Deadly Poison","Predator"],"picked":"SKIP","floor":20},{"not_picked":["Bouncing Flask","Crippling Poison+1"],"picked":"Well Laid Plans","floor":22},{"not_picked":["Backflip","Slice"],"picked":"Well Laid Plans","floor":28},{"not_picked":["Prepared","Bane"],"picked":"Adrenaline","floor":29},{"not_picked":["Flechettes","Poisoned Stab"],"picked":"PiercingWail","floor":30}],"player_experience":230235,"relics_obtained":[{"floor":9,"key":"Art of War"},{"floor":26,"key":"Juzu Bracelet"}],"event_choices":[{"damage_healed":0,"gold_gain":0,"player_choice":"Paid Gold","damage_taken":0,"relics_obtained":["Blood Vial"],"max_hp_gain":0,"max_hp_loss":0,"event_name":"WeMeetAgain","floor":13,"gold_loss":69},{"damage_healed":0,"gold_gain":0,"player_choice":"Opened","damage_taken":0,"relics_obtained":["Darkstone Periapt"],"max_hp_gain":0,"max_hp_loss":0,"event_name":"The Mausoleum","floor":19,"gold_loss":0},{"damage_healed":0,"gold_gain":0,"player_choice":"Shed Blood","damage_taken":18,"max_hp_gain":5,"max_hp_loss":0,"event_name":"Forgotten Altar","floor":21,"gold_loss":0},{"damage_healed":0,"gold_gain":0,"player_choice":"Forge","damage_taken":0,"max_hp_gain":0,"max_hp_loss":0,"event_name":"Accursed Blacksmith","floor":24,"gold_loss":0,"cards_upgraded":["Infinite Blades"]},{"damage_healed":0,"gold_gain":0,"player_choice":"Leave","damage_taken":0,"max_hp_gain":0,"max_hp_loss":0,"event_name":"FaceTrader","floor":27,"gold_loss":0}],"is_beta":false,"boss_relics":[{"not_picked":["Calling Bell","Black Star"],"picked":"White Beast Statue"}],"items_purged_floors":[],"is_endless":false,"potions_floor_spawned":[2,3,10,12,18,20,22,28,29,30],"killed_by":"Champ","ascension_level":0}