{"gold_per_floor":[116,39,55,55,4,37,37,73,73,91,106,106,106,146,146,270,270,295,313,329,329,329],"floor_reached":22,"playtime":1880,"items_purged":[],"score":286,"play_id":"9f8c909c-c332-4fc9-a3d0-32027952734d","local_time":"20190804101121","is_ascension_mode":true,"campfire_choices":[{"data":"Shockwave","floor":7.0,"key":"SMITH"},{"data":"Metallicize","floor":13.0,"key":"SMITH"},{"data":"Bash","floor":15.0,"key":"SMITH"}],"neow_cost":"NONE","seed_source_timestamp":0,"circlet_count":0,"master_deck":["Strike_R","Strike_R","Strike_R","Strike_R","Defend_R+1","Defend_R","Defend_R","Defend_R","Bash+1","Cleave","Metallicize+1","Shockwave+1","Pommel Strike","Ghostly Armor","Brutality","Flame Barrier+1","Regret","Shrug It Off","Offering","Entrench","Headbutt+1","Clothesline"],"special_seed":0,"relics":["Burning Blood","Golden Idol","Self Forming Clay","Pear","Frozen Egg 2","War Paint","Pen Nib","Snecko Eye"],"potions_floor_usage":[],"damage_taken":[{"damage":2.0,"enemies":"Jaw Worm","floor":1.0,"turns":3.0},{"damage":8.0,"enemies":"Small Slimes","floor":3.0,"turns":4.0},{"damage":21.0,"enemies":"Gremlin Nob","floor":6.0,"turns":5.0},{"damage":24.0,"enemies":"Lagavulin","floor":8.0,"turns":9.0},{"damage":0.0,"enemies":"2 Louse","floor":10.0,"turns":3.0},{"damage":10.0,"enemies":"Looter","floor":11.0,"turns":3.0},{"damage":19.0,"enemies":"3 Sentries","floor":14.0,"turns":5.0},{"damage":38.0,"enemies":"Hexaghost","floor":16.0,"turns":13.0},{"damage":14.0,"enemies":"3 Byrds","floor":18.0,"turns":5.0},{"damage":9.0,"enemies":"Spheric Guardian","floor":19.0,"turns":5.0},{"damage":57.0,"enemies":"Cultist and Chosen","floor":20.0,"turns":13.0},{"damage":13,"enemies":"Snake Plant","floor":22,"turns":1}],"seed_played":"-2335523653039707419","potions_obtained":[{"floor":3.0,"key":"Weak Potion"},{"floor":6.0,"key":"BloodPotion"},{"floor":10.0,"key":"Explosive Potion"},{"floor":14.0,"key":"Fruit Juice"},{"floor":18.0,"key":"Energy Potion"},{"floor":20.0,"key":"AttackPotion"}],"is_trial":false,"path_per_floor":["M","$","M","?","$","E","R","E","T","M","M","?","R","E","R","B",null,"M","M","M","?","M"],"character_chosen":"IRONCLAD","items_purchased":["Shockwave","Explosive Potion"],"campfire_rested":0,"item_purchase_floors":[2,5],"current_hp_per_floor":[76,76,74,74,74,59,59,69,69,75,71,71,71,58,58,31,75,67,64,13,13,0],"gold":329,"neow_bonus":"TRANSFORM_CARD","is_prod":false,"is_daily":false,"chose_seed":false,"campfire_upgraded":3,"win_rate":0,"timestamp":1564935081,"path_taken":["M","$","M","?","$","E","R","E","T","M","M","?","R","E","R","BOSS","M","M","M","?","M"],"build_version":"2019-07-17","purchased_purges":0,"victory":false,"max_hp_per_floor":[80,80,80,74,74,74,74,84,84,84,84,84,84,84,84,89,89,89,89,89,89,89],"card_choices":[{"not_picked":["Body Slam","Heavy Blade"],"picked":"Metallicize","floor":1.0},{"not_picked":["Clash","True Grit"],"picked":"Pommel Strike","floor":3.0},{"not_picked":["Pommel Strike","Intimidate"],"picked":"Ghostly Armor","floor":6.0},{"not_picked":["Metallicize","Intimidate"],"picked":"Brutality","floor":8.0},{"not_picked":["Twin Strike","Thunderclap","Shockwave"],"picked":"SKIP","floor":10.0},{"not_picked":["Twin Strike","Clothesline"],"picked":"Flame Barrier","floor":11.0},{"not_picked":["Ghostly Armor","Bloodletting"],"picked":"Shrug It Off","floor":14.0},{"not_picked":["Feed","Bludgeon"],"picked":"Offering","floor":16.0},{"not_picked":["Thunderclap+1","Evolve+1"],"picked":"Entrench","floor":18.0},{"not_picked":["Havoc","Whirlwind"],"picked":"Headbutt+1","floor":19.0},{"not_picked":["Dropkick","Evolve+1"],"picked":"Clothesline","floor":20.0}],"player_experience":2102706,"relics_obtained":[{"floor":6.0,"key":"Self Forming Clay"},{"floor":8.0,"key":"Pear"},{"floor":9.0,"key":"Frozen Egg 2"},{"floor":14.0,"key":"Pen Nib"}],"event_choices":[{"damage_healed":0.0,"max_hp_gain":0.0,"max_hp_loss":6.0,"gold_gain":0.0,"event_name":"Golden Idol","player_choice":"Lose Max HP","floor":4.0,"gold_loss":0.0,"damage_taken":0.0,"relics_obtained":["Golden Idol"]},{"damage_healed":0.0,"max_hp_gain":0.0,"max_hp_loss":0.0,"gold_gain":0.0,"event_name":"Big Fish","player_choice":"Box","floor":12.0,"gold_loss":0.0,"damage_taken":0.0,"relics_obtained":["War Paint"],"cards_obtained":["Regret"]},{"damage_healed":0,"gold_gain":0,"player_choice":"Ignored","damage_taken":0,"max_hp_gain":0,"max_hp_loss":0,"event_name":"Cursed Tome","floor":21,"gold_loss":0}],"is_beta":false,"boss_relics":[{"not_picked":["Tiny House","Runic Dome"],"picked":"Snecko Eye"}],"items_purged_floors":[],"is_endless":false,"potions_floor_spawned":[3,6,10,14,18,20],"killed_by":"Snake Plant","ascension_level":8}