{"gold_per_floor":[119,67,67,82,102,102,117,117,168,194,206,232,232,260,260,338,388,405,424,424,444,444,444,477,497,522,522,522,532,73,85,85,160,160,177,194,294,0,10,10,0,0,0,31,31,62,14,27,27,27],"floor_reached":50,"playtime":5337,"items_purged":["Strike_B","Reprogram+1"],"score":918,"play_id":"b1458402-1f08-4594-8cbc-db757b0eae2e","local_time":"20190823221555","is_ascension_mode":true,"campfire_choices":[{"floor":6.0,"key":"REST"},{"floor":8.0,"key":"REST"},{"data":"Zap","floor":13.0,"key":"SMITH"},{"floor":15.0,"key":"REST"},{"floor":23.0,"key":"REST"},{"floor":28.0,"key":"REST"},{"data":"Dualcast","floor":32.0,"key":"SMITH"},{"floor":40.0,"key":"REST"},{"floor":45.0,"key":"REST"},{"floor":49.0,"key":"REST"}],"neow_cost":"NONE","seed_source_timestamp":34786716319350,"circlet_count":0,"master_deck":["AscendersBane","Defend_B","Defend_B","Defend_B","Defend_B","Zap+1","Dualcast+1","Ball Lightning","Chill","Cold Snap","Compile Driver","Defragment","Coolheaded","Cold Snap","FTL","Capacitor+1","Core Surge","Gash","Chill+1","Redo+1","Blizzard","Loop","Defragment","Sunder+1","Tempest+1","Defragment","Dark Shackles","Cold Snap+1"],"special_seed":0,"relics":["Cracked Core","Regal Pillow","Anchor","Bag of Preparation","Bronze Scales","Gremlin Horn","Tiny House","Bottled Flame","Centennial Puzzle","MutagenicStrength","Ginger","Astrolabe","Du-Vu Doll","Strange Spoon","Red Mask","Bird Faced Urn","Orichalcum","Singing Bowl"],"potions_floor_usage":[50,50],"damage_taken":[{"damage":0.0,"enemies":"Small Slimes","floor":1.0,"turns":3.0},{"damage":4.0,"enemies":"Jaw Worm","floor":4.0,"turns":3.0},{"damage":9.0,"enemies":"2 Louse","floor":5.0,"turns":3.0},{"damage":17.0,"enemies":"Gremlin Gang","floor":7.0,"turns":5.0},{"damage":14.0,"enemies":"Lagavulin","floor":10.0,"turns":6.0},{"damage":1.0,"enemies":"Blue Slaver","floor":11.0,"turns":2.0},{"damage":4.0,"enemies":"3 Sentries","floor":12.0,"turns":8.0},{"damage":11.0,"enemies":"Gremlin Nob","floor":14.0,"turns":4.0},{"damage":25.0,"enemies":"Hexaghost","floor":16.0,"turns":9.0},{"damage":10.0,"enemies":"2 Thieves","floor":18.0,"turns":4.0},{"damage":1.0,"enemies":"3 Byrds","floor":19.0,"turns":3.0},{"damage":1.0,"enemies":"3 Cultists","floor":21.0,"turns":6.0},{"damage":32.0,"enemies":"Book of Stabbing","floor":24.0,"turns":6.0},{"damage":9.0,"enemies":"Sentry and Sphere","floor":25.0,"turns":6.0},{"damage":0.0,"enemies":"Shelled Parasite and Fungi","floor":29.0,"turns":5.0},{"damage":6.0,"enemies":"Snake Plant","floor":31.0,"turns":3.0},{"damage":40.0,"enemies":"Automaton","floor":33.0,"turns":10.0},{"damage":3.0,"enemies":"Orb Walker","floor":35.0,"turns":4.0},{"damage":20.0,"enemies":"3 Darklings","floor":36.0,"turns":4.0},{"damage":3.0,"enemies":"Mind Bloom Boss Battle","floor":37.0,"turns":7.0},{"damage":0.0,"enemies":"4 Shapes","floor":39.0,"turns":4.0},{"damage":36.0,"enemies":"Giant Head","floor":44.0,"turns":9.0},{"damage":25.0,"enemies":"Nemesis","floor":46.0,"turns":9.0},{"damage":4.0,"enemies":"Transient","floor":48.0,"turns":5.0},{"damage":84,"enemies":"Donu and Deca","floor":50,"turns":8}],"seed_played":"8363060091674294061","potions_obtained":[{"floor":1.0,"key":"Dexterity Potion"},{"floor":5.0,"key":"Energy Potion"},{"floor":7.0,"key":"Dexterity Potion"},{"floor":35.0,"key":"SkillPotion"},{"floor":44.0,"key":"Dexterity Potion"}],"is_trial":false,"path_per_floor":["M","$","?","M","M","R","M","R","T","E","M","E","R","E","R","B",null,"M","M","?","M","?","R","E","M","T","?","R","M","$","M","R","B",null,"M","M","?","$","M","R","?","?","T","E","R","E","$","M","R","B"],"character_chosen":"DEFECT","items_purchased":["Cold Snap","Loop","Ginger","Strange Spoon","SpeedPotion"],"campfire_rested":8,"item_purchase_floors":[2,30,30,38,47],"current_hp_per_floor":[64,64,39,35,26,62,45,71,71,57,56,52,52,41,71,46,70,60,59,59,58,51,76,44,35,35,35,72,72,72,66,66,26,64,61,41,38,38,38,75,75,75,75,40,76,57,57,63,80,0],"gold":27,"neow_bonus":"THREE_CARDS","is_prod":false,"is_daily":false,"chose_seed":false,"campfire_upgraded":2,"win_rate":0,"timestamp":1566594955,"path_taken":["M","$","?","M","M","R","M","R","T","E","M","E","R","E","R","BOSS","M","M","?","M","?","R","E","?","T","?","R","M","$","M","R","BOSS","M","M","?","$","M","R","?","?","T","E","R","E","$","M","R","BOSS"],"build_version":"2019-07-17","purchased_purges":2,"victory":false,"max_hp_per_floor":[71,71,71,71,71,71,71,71,71,71,71,71,71,71,71,71,76,76,76,76,76,76,76,76,76,76,76,76,76,76,76,76,76,76,76,76,76,76,76,76,76,76,76,76,76,78,78,80,80,80],"card_choices":[{"not_picked":["Sweeping Beam","Gash"],"picked":"Ball Lightning","floor":0.0},{"not_picked":["Darkness","Sweeping Beam"],"picked":"Chill","floor":1.0},{"not_picked":["Leap","Consume"],"picked":"Compile Driver","floor":4.0},{"not_picked":["Steam","Rebound"],"picked":"Defragment","floor":5.0},{"not_picked":["Compile Driver","Storm"],"picked":"Coolheaded","floor":7.0},{"not_picked":["Tempest","Leap"],"picked":"Cold Snap","floor":10.0},{"not_picked":["Redo","Gash"],"picked":"FTL","floor":11.0},{"not_picked":["Sunder","Beam Cell"],"picked":"Capacitor","floor":12.0},{"not_picked":["Beam Cell","Genetic Algorithm","Aggregate"],"picked":"SKIP","floor":14.0},{"not_picked":["Creative AI","Meteor Strike"],"picked":"Core Surge","floor":16.0},{"not_picked":["Lockon","Turbo"],"picked":"Gash","floor":17.0},{"not_picked":["Stack","Streamline","Rip and Tear"],"picked":"SKIP","floor":18.0},{"not_picked":["Double Energy","Beam Cell"],"picked":"Chill+1","floor":19.0},{"not_picked":["Conserve Battery","Barrage+1","Streamline"],"picked":"SKIP","floor":21.0},{"not_picked":["Redo","Buffer","Consume"],"picked":"SKIP","floor":24.0},{"not_picked":["Aggregate","Reprogram+1"],"picked":"Redo+1","floor":25.0},{"not_picked":["Rebound","Beam Cell+1"],"picked":"Blizzard","floor":29.0},{"not_picked":["Rebound","Redo"],"picked":"Defragment","floor":31.0},{"not_picked":["Compile Driver+1","Auto Shields"],"picked":"Defragment","floor":35.0},{"not_picked":["Scrape","Streamline","Skim"],"picked":"SKIP","floor":36.0},{"not_picked":["Rebound+1","Darkness","Lockon"],"picked":"SKIP","floor":39.0},{"not_picked":["HandOfGreed","Magnetism"],"picked":"Dark Shackles","floor":42.0},{"not_picked":["Storm","Genetic Algorithm+1"],"picked":"Cold Snap+1","floor":44.0},{"not_picked":["Amplify","Skim","Auto Shields+1"],"picked":"Singing Bowl","floor":46.0},{"not_picked":["Go for the Eyes","Hello World","Coolheaded+1"],"picked":"Singing Bowl","floor":48.0}],"player_experience":548792,"relics_obtained":[{"floor":9.0,"key":"Anchor"},{"floor":10.0,"key":"Bag of Preparation"},{"floor":12.0,"key":"Bronze Scales"},{"floor":14.0,"key":"Gremlin Horn"},{"floor":24.0,"key":"Bottled Flame"},{"floor":26.0,"key":"Centennial Puzzle"},{"floor":37.0,"key":"Du-Vu Doll"},{"floor":43.0,"key":"Bird Faced Urn"},{"floor":44.0,"key":"Orichalcum"},{"floor":46.0,"key":"Singing Bowl"}],"event_choices":[{"damage_healed":0.0,"max_hp_gain":0.0,"max_hp_loss":0.0,"gold_gain":0.0,"event_name":"Scrap Ooze","player_choice":"Success","floor":3.0,"gold_loss":0.0,"damage_taken":25.0,"relics_obtained":["Regal Pillow"]},{"damage_healed":0.0,"max_hp_gain":0.0,"max_hp_loss":0.0,"gold_gain":0.0,"event_name":"Vampires","player_choice":"Ignored","floor":20.0,"gold_loss":0.0,"damage_taken":0.0},{"damage_healed":0.0,"max_hp_gain":0.0,"max_hp_loss":0.0,"gold_gain":0.0,"event_name":"Knowing Skull","player_choice":"","floor":22.0,"potions_obtained":[],"gold_loss":0.0,"damage_taken":7.0,"cards_obtained":[]},{"damage_healed":0.0,"max_hp_gain":0.0,"max_hp_loss":0.0,"gold_gain":0.0,"event_name":"Drug Dealer","player_choice":"Inject Mutagens","floor":27.0,"gold_loss":0.0,"damage_taken":0.0,"relics_obtained":["MutagenicStrength"]},{"damage_healed":0.0,"max_hp_gain":0.0,"max_hp_loss":0.0,"gold_gain":0.0,"event_name":"MindBloom","player_choice":"Fight","floor":37.0,"gold_loss":0.0,"damage_taken":0.0},{"damage_healed":0.0,"max_hp_gain":0.0,"max_hp_loss":0.0,"gold_gain":0.0,"event_name":"Tomb of Lord Red Mask","player_choice":"Paid","floor":41.0,"gold_loss":10.0,"damage_taken":0.0,"relics_obtained":["Red Mask"]},{"damage_healed":0.0,"max_hp_gain":0.0,"max_hp_loss":0.0,"gold_gain":0.0,"event_name":"SensoryStone","player_choice":"Memory 1","floor":42.0,"gold_loss":0.0,"damage_taken":0.0}],"is_beta":false,"boss_relics":[{"not_picked":["Coffee Dripper","Runic Pyramid"],"picked":"Tiny House"},{"not_picked":["Lizard Tail","Eternal Feather"],"picked":"Astrolabe"}],"items_purged_floors":[30,38],"is_endless":false,"potions_floor_spawned":[1,5,7,14,18,21,24,35,44,48],"killed_by":"Donu and Deca","ascension_level":14}