{"gold_per_floor":[116,116,36,47,47,47,63,76,130,130,145,163,176,53,53,151,151,163,180,81,51,70,70,82,101,101,101,200,200,200,212,212,212],"floor_reached":33,"playtime":1158,"items_purged":[],"score":241,"play_id":"0569adea-a438-4356-946f-d971d9ba22fe","local_time":"20190812195144","is_ascension_mode":false,"campfire_choices":[{"data":"Footwork","floor":6,"key":"SMITH"},{"data":"Blade Dance","floor":10,"key":"SMITH"},{"floor":15,"key":"REST"},{"floor":23,"key":"REST"},{"data":"Infinite Blades","floor":27,"key":"SMITH"},{"floor":30,"key":"REST"},{"floor":32,"key":"REST"}],"neow_cost":"NONE","seed_source_timestamp":655926837611651,"circlet_count":0,"master_deck":["Strike_G","Strike_G","Strike_G","Strike_G","Strike_G","Defend_G","Defend_G","Defend_G","Defend_G","Defend_G","Survivor","Neutralize","Blade Dance+1","Footwork+1","Backflip","Terror","Backstab","Infinite Blades","Cloak And Dagger","Backflip","Infinite Blades+1","PiercingWail","Acrobatics+1","Cloak And Dagger","Noxious Fumes"],"relics":["Ring of the Snake","NeowsBlessing","Potion Belt","Cursed Key"],"potions_floor_usage":[8,12,16,22,25,25,25,33,33],"damage_taken":[{"damage":0,"enemies":"Cultist","floor":1,"turns":1},{"damage":0,"enemies":"Small Slimes","floor":4,"turns":1},{"damage":0,"enemies":"Jaw Worm","floor":7,"turns":1},{"damage":13,"enemies":"3 Louse","floor":8,"turns":4},{"damage":0,"enemies":"Lots of Slimes","floor":11,"turns":6},{"damage":1,"enemies":"2 Fungi Beasts","floor":12,"turns":3},{"damage":36,"enemies":"Gremlin Gang","floor":13,"turns":5},{"damage":27,"enemies":"Hexaghost","floor":16,"turns":12},{"damage":0,"enemies":"Chosen","floor":18,"turns":6},{"damage":8,"enemies":"Spheric Guardian","floor":19,"turns":6},{"damage":31,"enemies":"Snake Plant","floor":22,"turns":6},{"damage":5,"enemies":"Chosen and Byrds","floor":24,"turns":8},{"damage":10,"enemies":"Snecko","floor":25,"turns":5},{"damage":33,"enemies":"Sentry and Sphere","floor":31,"turns":8},{"damage":61,"enemies":"Champ","floor":33,"turns":16}],"seed_played":"-4301069673200332588","potions_obtained":[{"floor":1,"key":"Fire Potion"},{"floor":7,"key":"Block Potion"},{"floor":13,"key":"Regen Potion"},{"floor":19,"key":"Weak Potion"},{"floor":21,"key":"PowerPotion"},{"floor":21,"key":"Dexterity Potion"},{"floor":22,"key":"GamblersBrew"}],"is_trial":false,"path_per_floor":["M","?","$","M","$","R","M","M","T","R","M","M","M","$","R","B",null,"M","M","$","?","M","R","M","M","T","R","?","T","R","M","R","B"],"character_chosen":"THE_SILENT","items_purchased":["Footwork","Infinite Blades","Cloak And Dagger","PowerPotion","Block Potion"],"campfire_rested":4,"item_purchase_floors":[3,14,14,20,20],"current_hp_per_floor":[70,70,70,70,70,70,70,57,57,57,57,56,20,20,41,29,70,70,62,62,62,31,52,47,37,37,37,37,37,58,25,46,0],"gold":212,"neow_bonus":"THREE_ENEMY_KILL","is_prod":false,"is_daily":false,"chose_seed":false,"campfire_upgraded":3,"win_rate":0,"timestamp":1565610704,"path_taken":["M","?","$","?","?","R","M","M","T","R","?","M","M","$","R","BOSS","M","M","$","?","?","R","M","M","T","R","?","?","R","M","R","BOSS"],"build_version":"2019-07-17","purchased_purges":0,"victory":false,"max_hp_per_floor":[70,70,70,70,70,70,70,70,70,70,70,70,70,70,70,70,70,70,70,70,70,70,70,70,70,70,70,70,70,70,70,70,70],"card_choices":[{"not_picked":["Leg Sweep","Dagger Throw"],"picked":"Blade Dance","floor":1},{"not_picked":["Poisoned Stab","Bane"],"picked":"Backflip","floor":4},{"not_picked":["Dagger Spray","Poisoned Stab"],"picked":"Terror","floor":7},{"not_picked":["Dagger Throw","Dagger Spray"],"picked":"Backstab","floor":8},{"not_picked":["Dagger Spray","Crippling Poison","Quick Slash"],"picked":"SKIP","floor":11},{"not_picked":["Choke","Poisoned Stab","Heel Hook"],"picked":"SKIP","floor":12},{"not_picked":["Predator","Tools of the Trade","Flechettes"],"picked":"SKIP","floor":13},{"not_picked":["Dodge and Roll","Bane+1"],"picked":"Backflip","floor":18},{"not_picked":["Calculated Gamble","Bane+1"],"picked":"Infinite Blades","floor":19},{"not_picked":["Poisoned Stab","Acrobatics"],"picked":"PiercingWail","floor":22},{"not_picked":["Flying Knee","Deflect"],"picked":"Acrobatics+1","floor":24},{"not_picked":["Deflect","Dagger Throw"],"picked":"Cloak And Dagger","floor":25},{"not_picked":["Poisoned Stab","Blade Dance+1"],"picked":"Noxious Fumes","floor":31}],"player_experience":194150,"relics_obtained":[{"floor":9,"key":"Potion Belt"}],"event_choices":[{"damage_healed":0,"gold_gain":0,"player_choice":"Full Heal","damage_taken":0,"max_hp_gain":0,"max_hp_loss":0,"event_name":"Wheel of Change","floor":2,"gold_loss":0},{"damage_healed":0,"gold_gain":0,"player_choice":"Bought 2 Potions","damage_taken":0,"max_hp_gain":0,"max_hp_loss":0,"event_name":"The Woman in Blue","floor":21,"gold_loss":0},{"damage_healed":0,"gold_gain":99,"player_choice":"Stole From Cult","damage_taken":0,"max_hp_gain":0,"max_hp_loss":0,"event_name":"Nest","floor":28,"gold_loss":0}],"is_beta":false,"boss_relics":[{"not_picked":["Lizard Tail","Eternal Feather"],"picked":"Cursed Key"}],"items_purged_floors":[],"is_endless":false,"potions_floor_spawned":[1,7,13,19,22],"killed_by":"Champ","ascension_level":0}