{"gold_per_floor":[110,60,71,81,30,30,342,352,375,375,375,375,455,471,471,572,572,591,602,615,379,319,319,338,338,338,350,381,204,234,160,160,259,259,271,289,304,318,331,357,368,385,385,403,415,447,482,508,520,532],"floor_reached":51,"playtime":3402,"items_purged":[],"score":1117,"play_id":"3551a20c-f56d-4d94-b95a-0da0e423a025","local_time":"20190412160605","daily_mods":["Draft","Hoarder","Vintage"],"is_ascension_mode":false,"campfire_choices":[{"data":"Backflip","floor":6,"key":"SMITH"},{"data":"Noxious Fumes","floor":10,"key":"SMITH"},{"data":"Noxious Fumes","floor":12,"key":"SMITH"},{"data":"Noxious Fumes","floor":15,"key":"SMITH"},{"data":"Deflect","floor":23,"key":"SMITH"},{"data":"Crippling Poison","floor":25,"key":"SMITH"},{"data":"Calculated Gamble","floor":32,"key":"SMITH"},{"data":"Deflect","floor":45,"key":"SMITH"},{"data":"Deflect","floor":49,"key":"SMITH"}],"neow_cost":"","seed_source_timestamp":106949964471131,"circlet_count":0,"master_deck":["Deflect+1","Deflect+1","Deflect+1","Crippling Poison","Crippling Poison+1","Crippling Poison","Deflect","Deflect","Deflect+1","Slice","Slice","Slice","Prepared","Prepared","Prepared","Deflect","Deflect","Deflect","Dagger Throw","Dagger Throw","Dagger Throw","Backflip","Backflip","Backflip+1","Quick Slash","Quick Slash","Quick Slash","Slice","Slice","Slice","Expertise","Expertise+1","Expertise","Bane","Bane","Bane","Calculated Gamble+1","Calculated Gamble","Calculated Gamble","Noxious Fumes+1","Noxious Fumes+1","Noxious Fumes+1","Slice+1","Slice+1","Slice+1","Endless Agony+1","Endless Agony+1","Endless Agony+1","Secret Technique+1","Secret Technique+1","Secret Technique+1","Violence+1","Violence+1","Tactician+1","Tactician+1","Tactician+1","Venomology+1","Venomology+1","Venomology+1","Parasite","Parasite","Parasite","Tactician+1","Tactician+1","Tactician+1","Parasite","Parasite","Parasite"],"relics":["Ring of the Snake","Lantern","War Paint","Molten Egg 2","Old Coin","Blood Vial","Happy Flower","Singing Bowl","Pantograph","Runic Dome","Snake Skull","Ginger","Toxic Egg 2","Question Card","FossilizedHelix","Paper Crane","Nunchaku","StoneCalendar","Empty Cage","Regal Pillow","PreservedInsect","Sundial","Centennial Puzzle","Dream Catcher","Ornamental Fan","Oddly Smooth Stone","Prayer Wheel","Bottled Tornado","MawBank","Frozen Egg 2","Orichalcum","Ninja Scroll"],"potions_floor_usage":[20,35,35,35,36,37,37,37,38,38,38,38,38,38,38,39,40,40,41,42,44,44,46,48,48,50,50,50,50,50,50],"damage_taken":[{"damage":0,"enemies":"2 Louse","floor":1,"turns":3},{"damage":0,"enemies":"Jaw Worm","floor":3,"turns":3},{"damage":0,"enemies":"Cultist","floor":4,"turns":4},{"damage":2,"enemies":"Lots of Slimes","floor":7,"turns":3},{"damage":5,"enemies":"Exordium Thugs","floor":8,"turns":4},{"damage":5,"enemies":"Gremlin Gang","floor":14,"turns":4},{"damage":25,"enemies":"Hexaghost","floor":16,"turns":8},{"damage":8,"enemies":"Shell Parasite","floor":18,"turns":5},{"damage":0,"enemies":"3 Byrds","floor":19,"turns":5},{"damage":10,"enemies":"3 Cultists","floor":20,"turns":4},{"damage":0,"enemies":"Snake Plant","floor":24,"turns":3},{"damage":9,"enemies":"Shelled Parasite and Fungi","floor":27,"turns":4},{"damage":0,"enemies":"Slavers","floor":28,"turns":3},{"damage":0,"enemies":"Gremlin Leader","floor":30,"turns":5},{"damage":4,"enemies":"Automaton","floor":33,"turns":6},{"damage":0,"enemies":"Orb Walker","floor":35,"turns":1},{"damage":0,"enemies":"3 Darklings","floor":36,"turns":2},{"damage":0,"enemies":"Writhing Mass","floor":37,"turns":4},{"damage":4,"enemies":"4 Shapes","floor":38,"turns":4},{"damage":10,"enemies":"Jaw Worm Horde","floor":39,"turns":3},{"damage":0,"enemies":"Reptomancer","floor":40,"turns":2},{"damage":0,"enemies":"Writhing Mass","floor":41,"turns":5},{"damage":9,"enemies":"4 Shapes","floor":42,"turns":4},{"damage":0,"enemies":"Transient","floor":44,"turns":5},{"damage":10,"enemies":"Writhing Mass","floor":46,"turns":5},{"damage":0,"enemies":"3 Darklings","floor":48,"turns":3},{"damage":42,"enemies":"Awakened One","floor":50,"turns":11}],"seed_played":"-4798186073986680875","potions_obtained":[{"floor":4,"key":"Regen Potion"},{"floor":8,"key":"LiquidBronze"},{"floor":14,"key":"Explosive Potion"},{"floor":24,"key":"GamblersBrew"},{"floor":35,"key":"AttackPotion"},{"floor":37,"key":"Weak Potion"},{"floor":39,"key":"GhostInAJar"},{"floor":48,"key":"Poison Potion"}],"is_trial":true,"path_per_floor":["M","?","M","M","$","R","M","M","T","R","?","R","T","M","R","B",null,"M","M","M","$","?","R","M","R","T","M","E","$","E","$","R","B",null,"M","M","M","M","M","E","M","M","T","M","R","M","T","M","R","B",null],"character_chosen":"THE_SILENT","items_purchased":["Slice+1","Endless Agony+1","Secret Technique+1","Violence+1","Tactician+1"],"campfire_rested":0,"item_purchase_floors":[5,21,21,29,31],"current_hp_per_floor":[70,70,70,70,70,70,68,63,63,63,68,68,68,65,65,52,77,69,71,63,63,63,63,65,65,65,58,62,62,66,66,66,77,81,81,81,81,81,71,73,75,68,68,70,70,62,62,64,64,39],"gold":544,"neow_bonus":"","is_prod":false,"is_daily":false,"chose_seed":false,"campfire_upgraded":9,"win_rate":0.0,"timestamp":1555056365,"path_taken":["M","?","M","M","$","R","M","M","T","R","?","R","?","M","R","BOSS","M","M","M","$","?","R","M","R","T","M","E","$","E","$","R","BOSS","M","M","M","?","M","E","M","?","T","M","R","M","?","M","R","BOSS"],"build_version":"2019-01-23","purchased_purges":0,"victory":true,"max_hp_per_floor":[70,70,70,70,70,70,70,70,70,70,75,75,75,75,75,77,77,77,77,77,77,77,77,77,77,77,77,79,79,81,81,81,81,81,81,81,81,81,81,81,81,81,81,81,81,81,81,81,81,81],"card_choices":[{"not_picked":["Flying Knee","PiercingWail"],"picked":"Deflect","floor":0},{"not_picked":["Blade Dance","Eviscerate"],"picked":"Crippling Poison","floor":0},{"not_picked":["Catalyst","Dagger Throw"],"picked":"Deflect","floor":0},{"not_picked":["Catalyst","Flechettes"],"picked":"Slice","floor":0},{"not_picked":["Dodge and Roll","Deflect"],"picked":"Prepared","floor":0},{"not_picked":["Backflip","Slice"],"picked":"Deflect","floor":0},{"not_picked":["Infinite Blades","Prepared"],"picked":"Dagger Throw","floor":0},{"not_picked":["Distraction","Sucker Punch"],"picked":"Backflip","floor":0},{"not_picked":["Underhanded Strike","Endless Agony"],"picked":"Accuracy","floor":0},{"not_picked":["Prepared","PiercingWail"],"picked":"Quick Slash","floor":0},{"not_picked":["Dodge and Roll","Deflect"],"picked":"Slice","floor":0},{"not_picked":["All Out Attack","Accuracy"],"picked":"Expertise","floor":0},{"not_picked":["Outmaneuver","Underhanded Strike"],"picked":"Bane","floor":0},{"not_picked":["Acrobatics","Backflip"],"picked":"Calculated Gamble","floor":0},{"not_picked":["Dagger Throw","Deadly Poison"],"picked":"Noxious Fumes","floor":0},{"not_picked":["Doppelganger","Grand Finale+1","Malaise"],"picked":"Singing Bowl","floor":16},{"not_picked":["Expertise+1","Bane+1","Night Terror+1","Cloak And Dagger+1"],"picked":"Singing Bowl","floor":28},{"not_picked":["Poisoned Stab+1","Prepared+1","Acrobatics+1","Dagger Throw+1"],"picked":"Singing Bowl","floor":30},{"not_picked":["Doppelganger+1","A Thousand Cuts","Grand Finale+1"],"picked":"Venomology+1","floor":33},{"not_picked":["Deflect+1","Unload+1","Outmaneuver+1"],"picked":"Tactician+1","floor":40}],"player_experience":50672,"relics_obtained":[{"floor":1,"key":"Lantern"},{"floor":3,"key":"War Paint"},{"floor":4,"key":"Molten Egg 2"},{"floor":7,"key":"Old Coin"},{"floor":8,"key":"Blood Vial"},{"floor":9,"key":"Happy Flower"},{"floor":13,"key":"Singing Bowl"},{"floor":14,"key":"Pantograph"},{"floor":18,"key":"Snake Skull"},{"floor":19,"key":"Ginger"},{"floor":20,"key":"Toxic Egg 2"},{"floor":24,"key":"Question Card"},{"floor":26,"key":"FossilizedHelix"},{"floor":27,"key":"Paper Crane"},{"floor":28,"key":"Nunchaku"},{"floor":30,"key":"StoneCalendar"},{"floor":35,"key":"Regal Pillow"},{"floor":36,"key":"PreservedInsect"},{"floor":37,"key":"Sundial"},{"floor":38,"key":"Centennial Puzzle"},{"floor":39,"key":"Dream Catcher"},{"floor":40,"key":"Ornamental Fan"},{"floor":41,"key":"Oddly Smooth Stone"},{"floor":42,"key":"Prayer Wheel"},{"floor":43,"key":"Bottled Tornado"},{"floor":44,"key":"MawBank"},{"floor":46,"key":"Frozen Egg 2"},{"floor":47,"key":"Orichalcum"},{"floor":48,"key":"Ninja Scroll"}],"event_choices":[{"cards_removed":["Accuracy"],"damage_healed":0,"gold_gain":0,"player_choice":"Card Removal","damage_taken":0,"max_hp_gain":0,"max_hp_loss":0,"event_name":"The Cleric","floor":2,"gold_loss":50},{"damage_healed":0,"gold_gain":0,"player_choice":"Donut","damage_taken":0,"max_hp_gain":5,"max_hp_loss":0,"event_name":"Big Fish","floor":11,"gold_loss":0},{"cards_removed":["Accuracy"],"damage_healed":0,"gold_gain":0,"player_choice":"Single Remove","damage_taken":0,"max_hp_gain":0,"max_hp_loss":0,"event_name":"Designer","floor":22,"gold_loss":60}],"is_beta":false,"boss_relics":[{"not_picked":["Coffee Dripper","HoveringKite"],"picked":"Runic Dome"},{"not_picked":["White Beast Statue","Sozu"],"picked":"Empty Cage"}],"items_purged_floors":[],"is_endless":false,"potions_floor_spawned":[4,8,14,19,24,33,35,37,39,42,48],"ascension_level":0}