{"gold_per_floor":[115,115,115,131,131,131,142,142,189,189,39,59,70,41,41,144,144,109,124,134,20,33,33,46,46,46,46,46,46],"floor_reached":29,"playtime":1284,"items_purged":["Strike_R+1"],"score":242,"play_id":"25819ec0-a882-4b05-8f73-36e2ca90f25d","local_time":"20190411015652","is_ascension_mode":false,"campfire_choices":[{"data":"Rampage","floor":6,"key":"SMITH"},{"data":"Rage","floor":8,"key":"SMITH"},{"data":"Bash","floor":10,"key":"SMITH"},{"data":"Seeing Red","floor":15,"key":"SMITH"},{"data":"Barricade","floor":23,"key":"SMITH"},{"floor":28,"key":"REST"}],"neow_cost":"NONE","seed_source_timestamp":315306706782469,"circlet_count":0,"master_deck":["Strike_R","Strike_R","Strike_R","Strike_R","Defend_R","Defend_R+1","Defend_R","Defend_R+1","Bash+1","Rampage+1","Pommel Strike+1","Rage+1","Metallicize","Body Slam","Armaments","Seeing Red+1","Barricade+1","Anger","Shrug It Off","Clothesline+1","True Grit","Feel No Pain","Pommel Strike"],"relics":["Black Blood","Bag of Preparation","SsserpentHead","Matryoshka"],"potions_floor_usage":[16,16,29],"damage_taken":[{"damage":0,"enemies":"2 Louse","floor":1,"turns":4},{"damage":0,"enemies":"Jaw Worm","floor":4,"turns":4},{"damage":0,"enemies":"Small Slimes","floor":7,"turns":3},{"damage":8,"enemies":"Gremlin Gang","floor":12,"turns":3},{"damage":0,"enemies":"Looter","floor":13,"turns":4},{"damage":6,"enemies":"Exordium Thugs","floor":14,"turns":5},{"damage":70,"enemies":"The Guardian","floor":16,"turns":12},{"damage":42,"enemies":"2 Thieves","floor":18,"turns":5},{"damage":10,"enemies":"Chosen","floor":19,"turns":6},{"damage":52,"enemies":"Snake Plant","floor":20,"turns":9},{"damage":9,"enemies":"Centurion and Healer","floor":22,"turns":14},{"damage":1,"enemies":"Snecko","floor":24,"turns":7},{"damage":65,"enemies":"Slavers","floor":29,"turns":4}],"seed_played":"5350690132936331705","potions_obtained":[{"floor":4,"key":"Fruit Juice"},{"floor":7,"key":"AttackPotion"},{"floor":16,"key":"Explosive Potion"},{"floor":18,"key":"FairyPotion"}],"is_trial":false,"path_per_floor":["M","?","?","M","?","R","M","R","T","R","$","M","M","M","R","B",null,"M","M","M","$","M","R","M","?","T","$","R","E"],"character_chosen":"IRONCLAD","items_purchased":["Metallicize","True Grit","Feel No Pain"],"campfire_rested":1,"item_purchase_floors":[11,21,21],"current_hp_per_floor":[80,64,69,75,75,75,81,81,81,81,81,79,85,85,85,26,90,58,58,16,16,17,17,26,26,26,26,53,0],"gold":46,"neow_bonus":"UPGRADE_CARD","is_prod":false,"is_daily":false,"chose_seed":false,"campfire_upgraded":5,"win_rate":0.0,"timestamp":1554919012,"path_taken":["M","?","?","M","?","R","M","R","T","R","$","M","M","M","R","BOSS","M","?","M","$","M","R","M","?","T","$","R","E"],"build_version":"2019-01-23","purchased_purges":1,"victory":false,"max_hp_per_floor":[80,80,85,85,85,85,85,85,85,85,85,85,85,85,85,90,90,90,90,90,90,90,90,90,90,90,90,90,90],"card_choices":[{"not_picked":["Cleave","True Grit"],"picked":"Rampage","floor":1},{"not_picked":["Sword Boomerang","Disarm"],"picked":"Pommel Strike","floor":4},{"not_picked":["Thunderclap","Entrench"],"picked":"Rage","floor":7},{"not_picked":["Thunderclap","Clothesline"],"picked":"Body Slam","floor":12},{"not_picked":["Dual Wield","Bludgeon"],"picked":"Armaments","floor":13},{"not_picked":["Whirlwind","Metallicize"],"picked":"Seeing Red","floor":14},{"not_picked":["Double Tap","Limit Break"],"picked":"Barricade","floor":16},{"not_picked":["Clothesline","Cleave"],"picked":"Anger","floor":18},{"not_picked":["Cleave","Armaments"],"picked":"Shrug It Off","floor":19},{"not_picked":["Flex","Searing Blow+1"],"picked":"Clothesline+1","floor":20},{"not_picked":["Corruption","Sword Boomerang","Bloodletting"],"picked":"SKIP","floor":22},{"not_picked":["Perfected Strike+1","Thunderclap+1"],"picked":"Pommel Strike","floor":24}],"player_experience":18746,"relics_obtained":[{"floor":9,"key":"Bag of Preparation"},{"floor":26,"key":"Matryoshka"}],"event_choices":[{"damage_healed":0,"gold_gain":0,"player_choice":"Entered Light","damage_taken":16,"max_hp_gain":0,"max_hp_loss":0,"event_name":"Shining Light","floor":2,"gold_loss":0,"cards_upgraded":["Strike_R","Defend_R"]},{"damage_healed":0,"gold_gain":0,"player_choice":"Donut","damage_taken":0,"max_hp_gain":5,"max_hp_loss":0,"event_name":"Big Fish","floor":3,"gold_loss":0},{"damage_healed":0,"gold_gain":0,"player_choice":"Forge","damage_taken":0,"max_hp_gain":0,"max_hp_loss":0,"event_name":"Accursed Blacksmith","floor":5,"gold_loss":0,"cards_upgraded":["Pommel Strike"]},{"damage_healed":0,"gold_gain":0,"player_choice":"Trade","damage_taken":0,"relics_obtained":["SsserpentHead"],"max_hp_gain":0,"max_hp_loss":0,"event_name":"FaceTrader","floor":25,"gold_loss":0}],"is_beta":false,"boss_relics":[{"not_picked":["Snecko Eye","Mark of Pain"],"picked":"Black Blood"}],"items_purged_floors":[11],"is_endless":false,"potions_floor_spawned":[4,7,16,18],"killed_by":"Slavers","ascension_level":0}