{"gold_per_floor":[13,13,113,138,157,157,182,182,182,222,238,238,238,263,263,383,383,404,2,101,71,95,95,0,24,76,76,76,76,101,1,1,131,131,146,160,160,285,13,13,37,37,37,37,37,37,37,37,37,37],"floor_reached":51,"playtime":8988,"items_purged":["Injury","Writhe","Parasite"],"score":882,"play_id":"61ee0ed2-bbc8-45f7-b4fc-52521f1e9701","local_time":"20190809173248","is_ascension_mode":true,"campfire_choices":[{"data":"Neutralize","floor":6.0,"key":"SMITH"},{"data":"Dagger Spray","floor":8.0,"key":"SMITH"},{"data":"Noxious Fumes","floor":15.0,"key":"SMITH"},{"data":"Footwork","floor":23.0,"key":"SMITH"},{"data":"Crippling Poison","floor":28.0,"key":"SMITH"},{"floor":32.0,"key":"REST"},{"data":"Choke","floor":40,"key":"SMITH"},{"floor":42,"key":"REST"},{"data":"Deep Breath","floor":45,"key":"SMITH"},{"data":"Cloak And Dagger","floor":47,"key":"SMITH"},{"data":"A Thousand Cuts","floor":49,"key":"SMITH"}],"neow_cost":"NO_GOLD","seed_source_timestamp":0,"circlet_count":0,"master_deck":["Strike_G","Strike_G","Strike_G","Strike_G","Strike_G","Defend_G","Defend_G","Defend_G","Defend_G","Defend_G","Survivor","Neutralize+1","Heel Hook","Dagger Spray+1","Well Laid Plans","Acrobatics","Escape Plan","Noxious Fumes+1","Tools of the Trade","Cloak And Dagger+1","Crippling Poison+1","Blur","Dodge and Roll","PiercingWail","Footwork+1","Dodge and Roll","PiercingWail+1","Footwork+1","Bullet Time","A Thousand Cuts+1","Dodge and Roll+1","Forethought","Deep Breath+1"],"special_seed":0,"relics":["Ring of the Snake","Tingsha","Golden Idol","Anchor","Mummified Hand","Shuriken","Orrery","Pantograph","Juzu Bracelet","Lantern","Busted Crown","Thread and Needle","Pen Nib","Kunai"],"potions_floor_usage":[50],"damage_taken":[{"damage":0.0,"enemies":"Jaw Worm","floor":1.0,"turns":5.0},{"damage":0.0,"enemies":"Small Slimes","floor":4.0,"turns":6.0},{"damage":0.0,"enemies":"Cultist","floor":5.0,"turns":4.0},{"damage":9.0,"enemies":"Blue Slaver","floor":7.0,"turns":4.0},{"damage":13.0,"enemies":"Lagavulin","floor":10.0,"turns":8.0},{"damage":1.0,"enemies":"Exordium Thugs","floor":11.0,"turns":4.0},{"damage":0.0,"enemies":"3 Louse","floor":14.0,"turns":4.0},{"damage":51.0,"enemies":"Slime Boss","floor":16.0,"turns":9.0},{"damage":2.0,"enemies":"Shell Parasite","floor":18.0,"turns":5.0},{"damage":14.0,"enemies":"3 Byrds","floor":22.0,"turns":4.0},{"damage":0.0,"enemies":"Snake Plant","floor":25.0,"turns":6.0},{"damage":0.0,"enemies":"Shelled Parasite and Fungi","floor":30.0,"turns":7.0},{"damage":7.0,"enemies":"Automaton","floor":33.0,"turns":9.0},{"damage":0.0,"enemies":"3 Shapes","floor":35.0,"turns":6.0},{"damage":0.0,"enemies":"Orb Walker","floor":36.0,"turns":4.0},{"damage":17,"enemies":"Mind Bloom Boss Battle","floor":38,"turns":9},{"damage":12,"enemies":"Sphere and 2 Shapes","floor":41,"turns":7},{"damage":11,"enemies":"Time Eater","floor":50,"turns":18}],"seed_played":"-7558843077002035612","potions_obtained":[{"floor":1.0,"key":"SpeedPotion"},{"floor":5.0,"key":"SkillPotion"},{"floor":14.0,"key":"Swift Potion"},{"floor":16.0,"key":"Block Potion"},{"floor":18.0,"key":"PowerPotion"},{"floor":21.0,"key":"Regen Potion"},{"floor":21.0,"key":"Explosive Potion"},{"floor":30.0,"key":"Energy Potion"},{"floor":33.0,"key":"Dexterity Potion"},{"floor":41,"key":"GhostInAJar"}],"is_trial":false,"path_per_floor":["M","?","?","M","M","R","M","R","T","E","M","?","T","M","R","B",null,"M","$","?","?","M","R","?","M","T","?","R","?","M","$","R","B",null,"M","M","?","?","$","R","M","R","T","?","R","?","R","?","R","B",null],"character_chosen":"THE_SILENT","items_purchased":["Footwork","Pantograph","Dodge and Roll","Pen Nib"],"campfire_rested":2,"item_purchase_floors":[19,19,19,39],"current_hp_per_floor":[63,63,63,63,63,63,54,54,54,41,40,57,57,57,57,6,54,52,52,52,52,52,52,52,52,52,52,52,52,52,52,70,63,68,68,68,68,53,53,53,41,61,61,56,56,56,56,56,56,56],"gold":37,"neow_bonus":"ONE_RARE_RELIC","is_prod":false,"is_daily":false,"chose_seed":false,"campfire_upgraded":9,"win_rate":0,"timestamp":1565393568,"path_taken":["M","?","?","M","?","R","M","R","T","E","M","?","?","?","R","BOSS","M","$","?","?","?","R","?","M","T","?","R","?","M","?","R","BOSS","M","M","?","?","$","R","M","R","T","?","R","?","R","?","R","BOSS"],"build_version":"2019-07-17","purchased_purges":3,"victory":true,"max_hp_per_floor":[70,70,70,70,70,70,70,70,70,70,70,70,70,70,70,70,70,70,70,70,70,70,70,70,70,70,70,70,70,70,70,70,70,70,70,70,70,70,67,67,67,67,67,67,67,67,67,67,67,67],"card_choices":[{"not_picked":["Riddle With Holes","Deadly Poison"],"picked":"Heel Hook","floor":1.0},{"not_picked":["Quick Slash","Endless Agony","Slice"],"picked":"SKIP","floor":4.0},{"not_picked":["Dagger Throw","Eviscerate"],"picked":"Dagger Spray","floor":5.0},{"not_picked":["Blur","Distraction"],"picked":"Well Laid Plans","floor":7.0},{"not_picked":["Sucker Punch","Infinite Blades"],"picked":"Acrobatics","floor":10.0},{"not_picked":["Prepared","Heel Hook"],"picked":"Escape Plan","floor":11.0},{"not_picked":["Underhanded Strike","Cloak And Dagger"],"picked":"Noxious Fumes","floor":14.0},{"not_picked":["Die Die Die","Wraith Form v2"],"picked":"Tools of the Trade","floor":16.0},{"not_picked":["Tactician","Choke"],"picked":"Cloak And Dagger","floor":17.0},{"not_picked":["Deflect","Flying Knee"],"picked":"Crippling Poison","floor":17.0},{"not_picked":["Bouncing Flask","Dodge and Roll"],"picked":"Blur","floor":17.0},{"not_picked":["Dagger Throw","Flying Knee"],"picked":"Dodge and Roll","floor":17.0},{"not_picked":["Acrobatics","Setup"],"picked":"Choke","floor":17.0},{"not_picked":["Grand Finale","Quick Slash+1"],"picked":"PiercingWail","floor":18.0},{"not_picked":["Backflip","Reflex+1"],"picked":"PiercingWail+1","floor":22.0},{"not_picked":["Acrobatics","Deadly Poison","Crippling Poison"],"picked":"SKIP","floor":25.0},{"not_picked":["Choke","Poisoned Stab"],"picked":"Bullet Time","floor":30.0},{"not_picked":["Unload","Bullet Time"],"picked":"A Thousand Cuts","floor":33.0},{"not_picked":[],"picked":"Dodge and Roll+1","floor":35.0},{"not_picked":["Deflect"],"picked":"SKIP","floor":36.0},{"not_picked":["Backstab"],"picked":"SKIP","floor":41},{"not_picked":[],"picked":"Forethought","floor":44},{"not_picked":[],"picked":"Deep Breath","floor":44}],"player_experience":2169979,"relics_obtained":[{"floor":9.0,"key":"Anchor"},{"floor":10.0,"key":"Mummified Hand"},{"floor":13.0,"key":"Shuriken"},{"floor":26.0,"key":"Juzu Bracelet"},{"floor":38,"key":"Thread and Needle"},{"floor":43,"key":"Kunai"}],"event_choices":[{"damage_healed":0.0,"max_hp_gain":0.0,"max_hp_loss":0.0,"gold_gain":0.0,"event_name":"Golden Idol","player_choice":"Take Wound","floor":2.0,"gold_loss":0.0,"damage_taken":0.0,"relics_obtained":["Golden Idol"],"cards_obtained":["Injury"]},{"damage_healed":0.0,"max_hp_gain":0.0,"max_hp_loss":0.0,"gold_gain":100.0,"event_name":"Golden Shrine","player_choice":"Pray","floor":3.0,"gold_loss":0.0,"damage_taken":0.0},{"damage_healed":17.0,"max_hp_gain":0.0,"max_hp_loss":0.0,"gold_gain":0.0,"event_name":"Mushrooms","player_choice":"Healed and dodged fight","floor":12.0,"gold_loss":0.0,"damage_taken":0.0,"cards_obtained":["Parasite"]},{"damage_healed":0.0,"max_hp_gain":0.0,"max_hp_loss":0.0,"gold_gain":99.0,"event_name":"Nest","player_choice":"Stole From Cult","floor":20.0,"gold_loss":0.0,"damage_taken":0.0},{"damage_healed":0.0,"max_hp_gain":0.0,"max_hp_loss":0.0,"gold_gain":0.0,"event_name":"The Woman in Blue","player_choice":"Bought 2 Potions","floor":21.0,"gold_loss":0.0,"damage_taken":0.0},{"damage_healed":0.0,"max_hp_gain":0.0,"max_hp_loss":0.0,"gold_gain":0.0,"event_name":"Masked Bandits","player_choice":"Paid Fearfully","floor":24.0,"gold_loss":95.0,"damage_taken":0.0},{"damage_healed":0.0,"max_hp_gain":0.0,"max_hp_loss":0.0,"gold_gain":0.0,"event_name":"The Mausoleum","player_choice":"Opened","floor":27.0,"gold_loss":0.0,"damage_taken":0.0,"relics_obtained":["Lantern"],"cards_obtained":["Writhe"]},{"damage_healed":0.0,"max_hp_gain":0.0,"max_hp_loss":0.0,"gold_gain":0.0,"event_name":"Duplicator","player_choice":"Copied","floor":29.0,"gold_loss":0.0,"damage_taken":0.0,"cards_obtained":["Footwork"]},{"damage_healed":0,"gold_gain":0,"player_choice":"Ignored","damage_taken":0,"max_hp_gain":0,"max_hp_loss":0,"event_name":"SecretPortal","floor":37,"gold_loss":0},{"damage_healed":0,"gold_gain":0,"player_choice":"Fight","damage_taken":0,"max_hp_gain":0,"max_hp_loss":0,"event_name":"MindBloom","floor":38,"gold_loss":0},{"damage_healed":0,"gold_gain":0,"player_choice":"Memory 2","damage_taken":5,"max_hp_gain":0,"max_hp_loss":0,"event_name":"SensoryStone","floor":44,"gold_loss":0},{"cards_removed":["Choke"],"damage_healed":0,"gold_gain":0,"player_choice":"Removed Attack","damage_taken":0,"max_hp_gain":0,"max_hp_loss":0,"event_name":"Falling","floor":46,"gold_loss":0},{"damage_healed":0,"gold_gain":0,"player_choice":"Ignored","damage_taken":0,"max_hp_gain":0,"max_hp_loss":0,"event_name":"Mysterious Sphere","floor":48,"gold_loss":0}],"is_beta":false,"boss_relics":[{"not_picked":["Lizard Tail","WristBlade"],"picked":"Orrery"},{"not_picked":["Runic Dome","Astrolabe"],"picked":"Busted Crown"}],"items_purged_floors":[19,31,39],"is_endless":false,"potions_floor_spawned":[1,5,14,16,18,30,33,41],"ascension_level":9}