{"gold_per_floor":[115,131,39,39,59,71,82,114,194,194,207,80,80,7,7,107,107,118,18,31,43,43,75,75,95,95,95],"floor_reached":27,"playtime":1405,"items_purged":["Defend_R","Defend_R"],"score":272,"play_id":"9d6bced2-3b4b-4839-a3b9-feab15e3febe","local_time":"20190419194436","is_ascension_mode":true,"campfire_choices":[{"floor":10,"key":"REST"},{"data":"Shrug It Off","floor":13,"key":"SMITH"},{"data":"Armaments","floor":15,"key":"SMITH"},{"data":"Metallicize","floor":24,"key":"SMITH"}],"neow_cost":"NONE","seed_source_timestamp":31395900638350,"circlet_count":0,"master_deck":["Strike_R","Strike_R","Strike_R","Strike_R","Defend_R","Defend_R","Bash","Anger","True Grit","Spot Weakness","Armaments+1","Anger","Combust","Battle Trance","Shrug It Off+1","Disarm","Feed","Shrug It Off","Metallicize+1","Demon Form"],"relics":["Black Blood","Paper Frog","WingedGreaves","Pear","Omamori","Charon\u0027s Ashes"],"potions_floor_usage":[18,18,21,21,23],"damage_taken":[{"damage":6,"enemies":"Cultist","floor":1,"turns":3},{"damage":0,"enemies":"Jaw Worm","floor":2,"turns":3},{"damage":7,"enemies":"2 Louse","floor":5,"turns":2},{"damage":16,"enemies":"Exordium Thugs","floor":6,"turns":5},{"damage":4,"enemies":"Gremlin Gang","floor":7,"turns":4},{"damage":31,"enemies":"Lagavulin","floor":8,"turns":4},{"damage":10,"enemies":"Looter","floor":11,"turns":3},{"damage":20,"enemies":"The Guardian","floor":16,"turns":7},{"damage":11,"enemies":"Shell Parasite","floor":18,"turns":9},{"damage":22,"enemies":"Chosen","floor":20,"turns":7},{"damage":35,"enemies":"3 Cultists","floor":21,"turns":6},{"damage":36,"enemies":"Gremlin Leader","floor":23,"turns":6},{"damage":40,"enemies":"Shelled Parasite and Fungi","floor":25,"turns":7},{"damage":17,"enemies":"Cultist and Chosen","floor":27,"turns":3}],"seed_played":"6300907344242298980","potions_obtained":[{"floor":2,"key":"Swift Potion"},{"floor":5,"key":"BloodPotion"},{"floor":11,"key":"Fire Potion"},{"floor":16,"key":"SkillPotion"},{"floor":20,"key":"Weak Potion"},{"floor":21,"key":"Fire Potion"}],"is_trial":false,"path_per_floor":["M","M","$","?","M","M","M","E","T","R","M","$","R","$","R","B",null,"M","$","M","M","?","E","R","M","T","M"],"character_chosen":"IRONCLAD","items_purchased":["Armaments","Anger","Shrug It Off","Disarm"],"campfire_rested":1,"item_purchase_floors":[3,3,12,14],"current_hp_per_floor":[80,80,80,80,79,69,71,46,56,83,79,79,79,79,79,65,90,92,92,83,70,70,44,44,17,17,0],"gold":95,"neow_bonus":"THREE_CARDS","is_prod":false,"is_daily":false,"chose_seed":false,"campfire_upgraded":3,"win_rate":0,"timestamp":1555674276,"path_taken":["M","M","$","?","M","M","M","E","T","R","M","$","R","?","R","BOSS","M","$","M","M","?","E","R","M","T","?"],"build_version":"2019-01-23","purchased_purges":2,"victory":false,"max_hp_per_floor":[80,80,80,80,80,80,80,80,90,90,90,90,90,90,90,90,90,93,93,96,99,99,99,99,102,102,102],"card_choices":[{"not_picked":["Whirlwind","Headbutt"],"picked":"Anger","floor":0},{"not_picked":["Body Slam","Clash"],"picked":"True Grit","floor":1},{"not_picked":["Exhume","Power Through"],"picked":"Spot Weakness","floor":2},{"not_picked":["Thunderclap","Warcry","Sword Boomerang"],"picked":"SKIP","floor":5},{"not_picked":["Pummel","Dual Wield","Second Wind"],"picked":"SKIP","floor":6},{"not_picked":["True Grit","Headbutt","Iron Wave"],"picked":"SKIP","floor":7},{"not_picked":["Entrench","Thunderclap"],"picked":"Combust","floor":8},{"not_picked":["Feel No Pain","Anger"],"picked":"Battle Trance","floor":11},{"not_picked":["Double Tap","Offering"],"picked":"Feed","floor":16},{"not_picked":["Sentinel","Headbutt"],"picked":"Shrug It Off","floor":18},{"not_picked":["Clothesline","Spot Weakness+1"],"picked":"Metallicize","floor":20},{"not_picked":["Wild Strike","Perfected Strike+1","Pummel"],"picked":"SKIP","floor":21},{"not_picked":["Rampage+1","Clothesline"],"picked":"Demon Form","floor":23},{"not_picked":["Cleave","Flex","Armaments"],"picked":"SKIP","floor":25}],"player_experience":81973,"relics_obtained":[{"floor":8,"key":"WingedGreaves"},{"floor":9,"key":"Pear"},{"floor":23,"key":"Omamori"},{"floor":26,"key":"Charon\u0027s Ashes"}],"event_choices":[{"damage_healed":0,"gold_gain":0,"player_choice":"Gave Potion","damage_taken":0,"relics_obtained":["Paper Frog"],"max_hp_gain":0,"max_hp_loss":0,"event_name":"WeMeetAgain","floor":4,"gold_loss":0},{"cards_removed":["Strike_R"],"damage_healed":0,"gold_gain":0,"player_choice":"Purged","damage_taken":0,"max_hp_gain":0,"max_hp_loss":0,"event_name":"Purifier","floor":22,"gold_loss":0}],"is_beta":false,"boss_relics":[{"not_picked":["Runic Pyramid","Orrery"],"picked":"Black Blood"}],"items_purged_floors":[12,19],"is_endless":false,"potions_floor_spawned":[2,5,11,16,20,21],"killed_by":"Cultist and Chosen","ascension_level":1}