{"gold_per_floor":[99,32,45,45,61,61,74,74,74,74],"floor_reached":10,"playtime":282,"items_purged":[],"score":58,"play_id":"d87dac26-c029-42a6-a967-943c4dfd2ca4","local_time":"20190410195939","is_ascension_mode":false,"campfire_choices":[{"data":"Deadly Poison","floor":6,"key":"SMITH"}],"neow_cost":"NONE","seed_source_timestamp":294876341491206,"circlet_count":0,"master_deck":["Defend_G","Defend_G","Defend_G","Defend_G","Defend_G","Strike_G","Strike_G","Strike_G","Survivor","Neutralize","Dodge and Roll","Footwork","Deadly Poison+1","Acrobatics","Deflect"],"relics":["Ring of the Snake","NeowsBlessing","Centennial Puzzle"],"potions_floor_usage":[],"damage_taken":[{"damage":0,"enemies":"Jaw Worm","floor":1,"turns":1},{"damage":0,"enemies":"Cultist","floor":3,"turns":1},{"damage":0,"enemies":"Small Slimes","floor":5,"turns":1},{"damage":2,"enemies":"Looter","floor":7,"turns":5},{"damage":69,"enemies":"Gremlin Nob","floor":10,"turns":6}],"seed_played":"6893000444592420492","potions_obtained":[{"floor":5,"key":"Poison Potion"},{"floor":7,"key":"Energy Potion"}],"is_trial":false,"path_per_floor":["M","$","M","?","M","R","M","?","T","E"],"character_chosen":"THE_SILENT","items_purchased":["Footwork"],"campfire_rested":0,"item_purchase_floors":[2],"current_hp_per_floor":[70,70,70,70,70,70,68,68,68,0],"gold":74,"neow_bonus":"THREE_ENEMY_KILL","is_prod":false,"is_daily":false,"chose_seed":false,"campfire_upgraded":1,"win_rate":0.0,"timestamp":1554897579,"path_taken":["M","$","M","?","M","R","?","?","T","E"],"build_version":"2019-01-23","purchased_purges":0,"victory":false,"max_hp_per_floor":[70,70,70,70,70,70,70,70,70,70],"card_choices":[{"not_picked":["Acrobatics","Poisoned Stab"],"picked":"Dodge and Roll","floor":1},{"not_picked":["Quick Slash","Masterful Stab"],"picked":"Deadly Poison","floor":3},{"not_picked":["Skewer","Deflect"],"picked":"Acrobatics","floor":5},{"not_picked":["Sucker Punch","Tactician"],"picked":"Deflect","floor":7}],"player_experience":5388,"relics_obtained":[{"floor":9,"key":"Centennial Puzzle"}],"event_choices":[{"cards_removed":["Strike_G"],"damage_healed":0,"gold_gain":0,"player_choice":"Card Removal","damage_taken":0,"max_hp_gain":0,"max_hp_loss":0,"event_name":"Wheel of Change","floor":4,"gold_loss":0},{"cards_removed":["Strike_G"],"damage_healed":0,"gold_gain":0,"player_choice":"Offered Basic","damage_taken":0,"max_hp_gain":0,"max_hp_loss":0,"event_name":"Bonfire Elementals","floor":8,"gold_loss":0}],"is_beta":false,"boss_relics":[],"items_purged_floors":[],"is_endless":false,"potions_floor_spawned":[5,7],"killed_by":"Gremlin Nob","ascension_level":0}