{"gold_per_floor":[119,69,85,95,16,16,49,60,60,60,71,71,84,102,102,202,202,213,199,199],"floor_reached":20,"playtime":2872,"items_purged":[],"score":231,"play_id":"ca2afd56-cc31-445a-a521-2393941e5e7e","local_time":"20181225155419","is_ascension_mode":true,"campfire_choices":[{"data":"Shockwave","floor":6.0,"key":"SMITH"},{"data":"Shrug It Off","floor":10.0,"key":"SMITH"},{"data":"Seeing Red","floor":15.0,"key":"SMITH"}],"neow_cost":"CURSE","seed_source_timestamp":1302631865069897,"circlet_count":0,"master_deck":["Strike_R","Strike_R","Strike_R","Strike_R","Defend_R","Defend_R","Defend_R","Defend_R","Bash","Offering","True Grit","Clothesline","Shrug It Off+1","Shockwave+1","Reaper","Carnage","Seeing Red+1","Armaments","Clothesline","Immolate","Body Slam","Ghostly Armor"],"special_seed":0,"relics":["Black Blood","Gremlin Horn","Letter Opener"],"potions_floor_usage":[],"damage_taken":[{"damage":12.0,"enemies":"2 Louse","floor":1.0,"turns":3.0},{"damage":6.0,"enemies":"Small Slimes","floor":3.0,"turns":3.0},{"damage":0.0,"enemies":"Cultist","floor":4.0,"turns":4.0},{"damage":43.0,"enemies":"3 Sentries","floor":7.0,"turns":14.0},{"damage":4.0,"enemies":"3 Louse","floor":8.0,"turns":4.0},{"damage":2.0,"enemies":"2 Fungi Beasts","floor":11.0,"turns":4.0},{"damage":9.0,"enemies":"Looter","floor":13.0,"turns":3.0},{"damage":14.0,"enemies":"Large Slime","floor":14.0,"turns":7.0},{"damage":45.0,"enemies":"The Guardian","floor":16.0,"turns":15.0},{"damage":14.0,"enemies":"3 Byrds","floor":18.0,"turns":4.0},{"damage":29.0,"enemies":"2 Thieves","floor":19.0,"turns":4.0},{"damage":66,"enemies":"Shelled Parasite and Fungi","floor":20,"turns":6}],"seed_played":"-2774920461468495665","potions_obtained":[{"floor":4.0,"key":"EssenceOfSteel"},{"floor":11.0,"key":"Dexterity Potion"},{"floor":13.0,"key":"Energy Potion"},{"floor":16.0,"key":"FearPotion"}],"is_trial":false,"path_per_floor":["M","?","M","M","$","R","E","M","T","R","M","?","M","M","R","B",null,"M","M","M"],"character_chosen":"IRONCLAD","items_purchased":["Shockwave"],"campfire_rested":0,"item_purchase_floors":[5],"current_hp_per_floor":[66,66,66,72,72,72,35,50,50,50,62,62,59,59,59,20,65,67,58,0],"gold":199,"neow_bonus":"THREE_RARE_CARDS","is_prod":false,"is_daily":false,"chose_seed":false,"campfire_upgraded":3,"win_rate":0,"timestamp":1545774859,"path_taken":["M","?","M","M","$","R","E","M","T","R","M","?","M","M","R","BOSS","M","M","?"],"build_version":"2018-12-20","purchased_purges":0,"victory":false,"max_hp_per_floor":[80,80,80,80,80,80,80,80,80,80,80,80,80,80,80,80,80,80,80,80],"card_choices":[{"not_picked":["Exhume","Berserk"],"picked":"Offering","floor":0.0},{"not_picked":["Cleave","Havoc"],"picked":"True Grit","floor":1.0},{"not_picked":["Body Slam","Cleave"],"picked":"Clothesline","floor":3.0},{"not_picked":["Armaments","Entrench"],"picked":"Shrug It Off","floor":4.0},{"not_picked":["Searing Blow","True Grit"],"picked":"Reaper","floor":7.0},{"not_picked":["Corruption","Pommel Strike"],"picked":"Carnage","floor":8.0},{"not_picked":["Blood for Blood","Anger"],"picked":"Seeing Red","floor":11.0},{"not_picked":["Perfected Strike","Clothesline"],"picked":"Armaments","floor":13.0},{"not_picked":["Sentinel","True Grit"],"picked":"Clothesline","floor":14.0},{"not_picked":["Reaper","Bludgeon"],"picked":"Immolate","floor":16.0},{"not_picked":["Havoc","Clash+1"],"picked":"Body Slam","floor":18.0},{"not_picked":["Shrug It Off","Wild Strike+1"],"picked":"Ghostly Armor","floor":19.0}],"player_experience":464571,"relics_obtained":[{"floor":7.0,"key":"Gremlin Horn"},{"floor":9.0,"key":"Letter Opener"}],"event_choices":[{"cards_removed":["Decay"],"damage_healed":0.0,"max_hp_gain":0.0,"max_hp_loss":0.0,"gold_gain":0.0,"event_name":"The Cleric","player_choice":"Card Removal","floor":2.0,"gold_loss":50.0,"damage_taken":0.0},{"cards_removed":["Strike_R"],"damage_healed":0.0,"max_hp_gain":0.0,"max_hp_loss":0.0,"gold_gain":0.0,"event_name":"Bonfire Elementals","player_choice":"Offered Basic","floor":12.0,"gold_loss":0.0,"damage_taken":0.0}],"is_beta":false,"boss_relics":[{"not_picked":["Calling Bell","Busted Crown"],"picked":"Black Blood"}],"items_purged_floors":[],"is_endless":false,"potions_floor_spawned":[4,11,13,16],"killed_by":"Shelled Parasite and Fungi","ascension_level":6}