{"gold_per_floor":[119,44,57,72,72,72,92,102,180,180,214,214,236,144,156,273,285,311,44,57,74,91,91,111,111,111,3,3,3,3,18,18,113,113,133,133,133,148,60,60,73,89,89,89,89,89],"floor_reached":46,"playtime":1970,"items_purged":["Defend_G","Strike_G+1","Writhe"],"score":420,"play_id":"883670cb-d3f5-4090-a99c-547fda8882f0","local_time":"20190812103329","is_ascension_mode":false,"campfire_choices":[{"data":"Reflex","floor":6,"key":"SMITH"},{"data":"Footwork","floor":10,"key":"SMITH"},{"data":"Blade Dance","floor":12,"key":"SMITH"},{"floor":15,"key":"REST"},{"floor":23,"key":"REST"},{"floor":28,"key":"REST"},{"data":"Accuracy","floor":30,"key":"SMITH"},{"data":"Noxious Fumes","floor":32,"key":"SMITH"},{"floor":44,"key":"REST"}],"neow_cost":"NONE","seed_source_timestamp":621612660662059,"circlet_count":0,"master_deck":["Strike_G+1","Strike_G+1","Strike_G+1","Strike_G+1","Defend_G+1","Defend_G+1","Defend_G+1","Defend_G+1","Survivor","Neutralize","Cloak And Dagger","Infinite Blades+1","Reflex+1","Blade Dance+1","Acrobatics","Footwork+1","Backstab","Tools of the Trade","Prepared","Accuracy+1","Backflip+1","Deflect+1","Choke","Noxious Fumes+1","Catalyst","Backflip","Envenom","Catalyst+1"],"relics":["Ring of the Snake","NeowsBlessing","Pantograph","WingedGreaves","Odd Mushroom","MawBank","Cursed Key","Membership Card","Busted Crown"],"potions_floor_usage":[16,16,21,24,33,40,41,42,42,42],"damage_taken":[{"damage":0,"enemies":"Jaw Worm","floor":1,"turns":1},{"damage":0,"enemies":"2 Louse","floor":3,"turns":1},{"damage":0,"enemies":"Cultist","floor":4,"turns":1},{"damage":0,"enemies":"Looter","floor":7,"turns":4},{"damage":8,"enemies":"Exordium Wildlife","floor":8,"turns":4},{"damage":26,"enemies":"3 Sentries","floor":11,"turns":11},{"damage":16,"enemies":"The Mushroom Lair","floor":13,"turns":4},{"damage":48,"enemies":"The Guardian","floor":16,"turns":20},{"damage":18,"enemies":"Spheric Guardian","floor":18,"turns":7},{"damage":2,"enemies":"Shell Parasite","floor":20,"turns":6},{"damage":5,"enemies":"Snake Plant","floor":21,"turns":7},{"damage":15,"enemies":"Centurion and Healer","floor":22,"turns":7},{"damage":15,"enemies":"3 Cultists","floor":24,"turns":5},{"damage":0,"enemies":"Snake Plant","floor":31,"turns":4},{"damage":44,"enemies":"Automaton","floor":33,"turns":10},{"damage":4,"enemies":"Orb Walker","floor":35,"turns":4},{"damage":33,"enemies":"3 Darklings","floor":38,"turns":7},{"damage":36,"enemies":"Spire Growth","floor":41,"turns":5},{"damage":0,"enemies":"Sphere and 2 Shapes","floor":42,"turns":6},{"damage":38,"enemies":"Transient","floor":46,"turns":4}],"seed_played":"1146928261776760269","potions_obtained":[{"floor":1,"key":"PowerPotion"},{"floor":4,"key":"SkillPotion"},{"floor":13,"key":"FearPotion"},{"floor":18,"key":"Swift Potion"},{"floor":20,"key":"Block Potion"},{"floor":21,"key":"PowerPotion"},{"floor":38,"key":"Swift Potion"},{"floor":40,"key":"Fruit Juice"},{"floor":40,"key":"Energy Potion"},{"floor":40,"key":"SkillPotion"},{"floor":41,"key":"Poison Potion"}],"is_trial":false,"path_per_floor":["M","$","M","M","?","R","M","M","T","R","E","R","?","?","R","B",null,"M","$","M","M","M","R","M","?","T","$","R","T","R","M","R","B",null,"M","?","?","M","$","?","M","M","T","R","?","M"],"character_chosen":"THE_SILENT","items_purchased":["Infinite Blades","Accuracy","Membership Card","Noxious Fumes","Catalyst","Block Potion"],"campfire_rested":4,"item_purchase_floors":[2,19,19,27,27,39],"current_hp_per_floor":[70,70,70,70,70,70,70,62,62,62,36,36,20,20,41,18,70,52,52,50,45,30,51,36,36,36,36,57,57,57,57,57,26,70,66,70,70,37,37,42,6,6,6,28,28,0],"gold":89,"neow_bonus":"THREE_ENEMY_KILL","is_prod":false,"is_daily":false,"chose_seed":false,"campfire_upgraded":5,"win_rate":0,"timestamp":1565577209,"path_taken":["M","$","M","M","?","R","M","M","T","R","E","R","?","?","R","BOSS","M","$","M","M","?","R","M","?","T","$","R","?","R","M","R","BOSS","M","?","?","M","$","?","M","?","T","R","?","M"],"build_version":"2019-07-17","purchased_purges":3,"victory":false,"max_hp_per_floor":[70,70,70,70,70,70,70,70,70,70,70,70,70,70,70,70,70,70,70,70,70,70,70,70,70,70,70,70,70,70,70,70,70,70,70,70,70,70,70,75,75,75,75,75,75,75],"card_choices":[{"not_picked":["Underhanded Strike","Deadly Poison"],"picked":"Cloak And Dagger","floor":1},{"not_picked":["Prepared","Quick Slash"],"picked":"Reflex","floor":3},{"not_picked":["Dagger Spray","Caltrops"],"picked":"Blade Dance","floor":4},{"not_picked":["Die Die Die","Masterful Stab"],"picked":"Acrobatics","floor":7},{"not_picked":["Slice","Dash"],"picked":"Footwork","floor":8},{"not_picked":["Die Die Die","Acrobatics"],"picked":"Backstab","floor":11},{"not_picked":["Glass Knife","Phantasmal Killer"],"picked":"Tools of the Trade","floor":16},{"not_picked":["Heel Hook+1","Poisoned Stab"],"picked":"Prepared","floor":18},{"not_picked":["Prepared","Flying Knee"],"picked":"Backflip+1","floor":20},{"not_picked":["Expertise","Masterful Stab+1","Heel Hook"],"picked":"SKIP","floor":21},{"not_picked":["Deadly Poison","PiercingWail"],"picked":"Deflect+1","floor":22},{"not_picked":["Underhanded Strike","Bane"],"picked":"Choke","floor":24},{"not_picked":["Poisoned Stab","Expertise"],"picked":"Backflip","floor":31},{"not_picked":["Wraith Form v2","Malaise"],"picked":"Envenom","floor":33},{"not_picked":[],"picked":"Catalyst+1","floor":35},{"not_picked":["Dodge and Roll"],"picked":"SKIP","floor":38},{"not_picked":["Flying Knee+1"],"picked":"SKIP","floor":41},{"not_picked":["Quick Slash+1"],"picked":"SKIP","floor":42}],"player_experience":174161,"relics_obtained":[{"floor":9,"key":"Pantograph"},{"floor":11,"key":"WingedGreaves"},{"floor":13,"key":"Odd Mushroom"}],"event_choices":[{"damage_healed":0,"gold_gain":0,"player_choice":"Grow","damage_taken":0,"max_hp_gain":0,"max_hp_loss":0,"event_name":"Living Wall","floor":5,"gold_loss":0,"cards_upgraded":["Infinite Blades"]},{"damage_healed":0,"gold_gain":0,"player_choice":"Fought Mushrooms","damage_taken":0,"max_hp_gain":0,"max_hp_loss":0,"event_name":"Mushrooms","floor":13,"gold_loss":0},{"damage_healed":0,"gold_gain":0,"player_choice":"Paid Gold","damage_taken":0,"relics_obtained":["MawBank"],"max_hp_gain":0,"max_hp_loss":0,"event_name":"WeMeetAgain","floor":14,"gold_loss":92},{"damage_healed":0,"gold_gain":0,"player_choice":"Simplicity","damage_taken":0,"max_hp_gain":0,"max_hp_loss":0,"event_name":"Back to Basics","floor":25,"gold_loss":0,"cards_upgraded":["Strike_G","Strike_G","Strike_G","Strike_G","Strike_G","Defend_G","Defend_G","Defend_G","Defend_G"]},{"damage_healed":18,"gold_gain":0,"player_choice":"Writhe","damage_taken":0,"max_hp_gain":0,"max_hp_loss":0,"event_name":"Winding Halls","floor":36,"gold_loss":0,"cards_obtained":["Writhe"]},{"damage_healed":0,"gold_gain":0,"player_choice":"Ignored","damage_taken":0,"max_hp_gain":0,"max_hp_loss":0,"event_name":"Mysterious Sphere","floor":37,"gold_loss":0},{"damage_healed":0,"gold_gain":0,"player_choice":"Got Potions","damage_taken":0,"max_hp_gain":0,"max_hp_loss":0,"event_name":"Lab","floor":40,"gold_loss":0},{"damage_healed":0,"gold_gain":0,"player_choice":"Memory 1","damage_taken":0,"max_hp_gain":0,"max_hp_loss":0,"event_name":"SensoryStone","floor":45,"gold_loss":0}],"is_beta":false,"boss_relics":[{"not_picked":["Tiny House","Empty Cage"],"picked":"Cursed Key"},{"not_picked":["White Beast Statue","Runic Dome"],"picked":"Busted Crown"}],"items_purged_floors":[19,27,39],"is_endless":false,"potions_floor_spawned":[1,4,13,18,20,21,38,41],"killed_by":"Transient","ascension_level":0}