{"gold_per_floor":[113,113,123,141,316,350,45,55,55,70,70,89,103,103,103,199,199,213,232,27,27,27,55,74,84,84,84,97,113,126,28,28,127,127,145,33,49,69,69,69,0,0,0,12,32,32,32,32,32,32,32,32,7,32,32],"floor_reached":55,"playtime":2348,"items_purged":["Writhe"],"score":693,"play_id":"b248621f-fa77-4ca1-80ea-fe03da14d761","local_time":"20190825090955","is_ascension_mode":false,"campfire_choices":[{"floor":11,"key":"RECALL"},{"floor":15,"key":"REST"},{"floor":27,"key":"REST"},{"data":"Noxious Fumes","floor":32,"key":"SMITH"},{"data":"After Image","floor":40,"key":"SMITH"},{"data":"Noxious Fumes","floor":42,"key":"SMITH"},{"data":"Enlightenment","floor":49,"key":"SMITH"},{"data":"After Image","floor":52,"key":"SMITH"}],"neow_cost":"CURSE","seed_source_timestamp":408340586132980,"circlet_count":0,"master_deck":["Survivor","Neutralize","Adrenaline","Calculated Gamble","Blade Dance","Backflip","Noxious Fumes","Prepared","Escape Plan","Cloak And Dagger","Blur","Venomology","Tactician","Masterful Stab","Noxious Fumes+1","Terror","Phantasmal Killer","Malaise","Crippling Poison","Wraith Form v2","Bane","PiercingWail","Deadly Poison","Backflip+1","Deflect","Backflip+1","Noxious Fumes+1","After Image+1","Deflect+1","Infinite Blades","Accuracy+1","After Image+1","Corpse Explosion","Outmaneuver+1","Enlightenment+1","Catalyst+1"],"relics":["Ring of the Snake","Bronze Scales","Oddly Smooth Stone","Letter Opener","Du-Vu Doll","Pandora\u0027s Box","Membership Card","Bag of Marbles","Lee\u0027s Waffle","Philosopher\u0027s Stone","Potion Belt","Regal Pillow","Vajra"],"potions_floor_usage":[6,6,19,23,24,25,28,29,30,33,33,33,45,50,50,50,50,50,50,55,55,55],"damage_taken":[{"damage":3,"enemies":"Jaw Worm","floor":1,"turns":5},{"damage":6,"enemies":"Cultist","floor":3,"turns":4},{"damage":0,"enemies":"2 Louse","floor":4,"turns":3},{"damage":6,"enemies":"Gremlin Nob","floor":6,"turns":3},{"damage":3,"enemies":"Exordium Wildlife","floor":8,"turns":2},{"damage":0,"enemies":"2 Fungi Beasts","floor":10,"turns":3},{"damage":17,"enemies":"Exordium Thugs","floor":12,"turns":4},{"damage":0,"enemies":"Exordium Wildlife","floor":13,"turns":5},{"damage":8,"enemies":"Hexaghost","floor":16,"turns":11},{"damage":0,"enemies":"3 Byrds","floor":18,"turns":2},{"damage":5,"enemies":"Chosen","floor":19,"turns":6},{"damage":30,"enemies":"Slavers","floor":23,"turns":4},{"damage":6,"enemies":"Sentry and Sphere","floor":24,"turns":5},{"damage":0,"enemies":"Snecko","floor":25,"turns":5},{"damage":0,"enemies":"Cultist and Chosen","floor":28,"turns":5},{"damage":14,"enemies":"Sentry and Sphere","floor":29,"turns":4},{"damage":0,"enemies":"3 Cultists","floor":30,"turns":5},{"damage":27,"enemies":"Automaton","floor":33,"turns":9},{"damage":0,"enemies":"3 Shapes","floor":35,"turns":6},{"damage":0,"enemies":"Orb Walker","floor":37,"turns":4},{"damage":2,"enemies":"Maw","floor":38,"turns":8},{"damage":8,"enemies":"Transient","floor":44,"turns":5},{"damage":0,"enemies":"3 Darklings","floor":45,"turns":3},{"damage":59,"enemies":"Time Eater","floor":50,"turns":13},{"damage":2,"enemies":"Shield and Spear","floor":54,"turns":5},{"damage":81,"enemies":"The Heart","floor":55,"turns":9}],"seed_played":"1165101177737585560","potions_obtained":[{"floor":1,"key":"Swift Potion"},{"floor":2,"key":"PowerPotion"},{"floor":2,"key":"GhostInAJar"},{"floor":2,"key":"AttackPotion"},{"floor":6,"key":"FearPotion"},{"floor":16,"key":"Explosive Potion"},{"floor":19,"key":"Fruit Juice"},{"floor":24,"key":"AttackPotion"},{"floor":29,"key":"GhostInAJar"},{"floor":35,"key":"GhostInAJar"},{"floor":38,"key":"SkillPotion"},{"floor":45,"key":"SkillPotion"},{"floor":54,"key":"Dexterity Potion"}],"is_trial":false,"path_per_floor":["M","?","M","M","?","E","$","M","T","M","R","M","M","?","R","B",null,"M","M","$","?","?","E","M","M","T","R","M","M","M","$","R","B",null,"M","$","M","M","?","R","$","R","T","M","M","?","?","?","R","B",null,"R","$","E","B"],"character_chosen":"THE_SILENT","items_purchased":["Noxious Fumes","Oddly Smooth Stone","Membership Card","Lee\u0027s Waffle","Infinite Blades","Potion Belt","After Image","SkillPotion"],"campfire_rested":2,"item_purchase_floors":[7,7,20,31,36,36,41,53],"current_hp_per_floor":[67,67,61,61,61,55,55,52,52,52,52,35,35,32,53,45,70,70,70,70,70,70,40,34,34,34,56,56,42,42,82,82,55,82,82,82,82,80,80,80,80,80,80,72,72,72,72,72,72,13,82,82,82,80,0],"gold":32,"neow_bonus":"THREE_RARE_CARDS","is_prod":false,"is_daily":false,"chose_seed":false,"campfire_upgraded":5,"win_rate":0,"timestamp":1566695395,"path_taken":["M","?","M","?","?","E","?","M","T","M","R","M","M","?","R","BOSS","M","M","$","?","?","E","?","?","T","R","M","M","M","$","R","BOSS","M","$","M","M","?","R","$","R","T","M","M","?","?","?","R","BOSS","R","$","E","BOSS"],"build_version":"2019-07-17","purchased_purges":1,"victory":false,"max_hp_per_floor":[70,70,70,70,70,70,70,70,70,70,70,70,70,70,70,70,70,70,75,75,75,75,75,75,75,75,75,75,75,75,82,82,82,82,82,82,82,82,82,82,82,82,82,82,82,82,82,82,82,82,82,82,82,82,82],"card_choices":[{"not_picked":["Doppelganger","Night Terror"],"picked":"Adrenaline","floor":0},{"not_picked":["Sucker Punch","Skewer"],"picked":"Calculated Gamble","floor":1},{"not_picked":["Outmaneuver","All Out Attack","Cloak And Dagger"],"picked":"SKIP","floor":3},{"not_picked":["Flying Knee","Tactician"],"picked":"Blade Dance","floor":4},{"not_picked":["Prepared","Cloak And Dagger"],"picked":"Backflip","floor":6},{"not_picked":["Unload","Deflect"],"picked":"Prepared","floor":8},{"not_picked":["Blade Dance","Setup"],"picked":"Escape Plan","floor":10},{"not_picked":["Endless Agony","Sucker Punch"],"picked":"Cloak And Dagger","floor":12},{"not_picked":["Cloak And Dagger","Underhanded Strike"],"picked":"Blur","floor":13},{"not_picked":["Doppelganger","Bullet Time"],"picked":"Venomology","floor":16},{"not_picked":["Sucker Punch+1","Dodge and Roll"],"picked":"PiercingWail","floor":18},{"not_picked":["Crippling Poison","Dodge and Roll"],"picked":"Deadly Poison","floor":19},{"not_picked":["Predator","Unload","Deadly Poison"],"picked":"SKIP","floor":23},{"not_picked":["Cloak And Dagger","Deadly Poison"],"picked":"Backflip+1","floor":24},{"not_picked":["Cloak And Dagger","Acrobatics"],"picked":"Deflect","floor":25},{"not_picked":["Bane+1","Eviscerate","Deadly Poison"],"picked":"SKIP","floor":28},{"not_picked":["Phantasmal Killer","Terror"],"picked":"Backflip+1","floor":29},{"not_picked":["Slice","Quick Slash"],"picked":"Noxious Fumes","floor":30},{"not_picked":["A Thousand Cuts","Malaise"],"picked":"After Image","floor":33},{"not_picked":["Prepared","Setup"],"picked":"Deflect+1","floor":35},{"not_picked":["Dagger Spray","Deadly Poison+1"],"picked":"Accuracy+1","floor":37},{"not_picked":["Dagger Throw+1","Dodge and Roll+1","Dagger Spray"],"picked":"SKIP","floor":38},{"not_picked":["Calculated Gamble+1","Dagger Spray"],"picked":"Corpse Explosion","floor":44},{"not_picked":["Dash","Underhanded Strike"],"picked":"Outmaneuver+1","floor":45},{"not_picked":["Finesse","Deep Breath"],"picked":"Enlightenment","floor":46},{"not_picked":["Malaise","Infinite Blades"],"picked":"Catalyst+1","floor":54}],"player_experience":252113,"relics_obtained":[{"floor":6,"key":"Bronze Scales"},{"floor":9,"key":"Letter Opener"},{"floor":23,"key":"Bag of Marbles"},{"floor":43,"key":"Regal Pillow"},{"floor":54,"key":"Vajra"}],"event_choices":[{"damage_healed":0,"gold_gain":0,"player_choice":"Got Potions","damage_taken":0,"max_hp_gain":0,"max_hp_loss":0,"event_name":"Lab","floor":2,"gold_loss":0},{"damage_healed":0,"gold_gain":175,"player_choice":"AGREE","damage_taken":0,"max_hp_gain":0,"max_hp_loss":0,"event_name":"Liars Game","floor":5,"gold_loss":0,"cards_obtained":["Doubt"]},{"damage_healed":0,"gold_gain":0,"player_choice":"Success","damage_taken":3,"relics_obtained":["Du-Vu Doll"],"max_hp_gain":0,"max_hp_loss":0,"event_name":"Scrap Ooze","floor":14,"gold_loss":0},{"damage_healed":0,"gold_gain":0,"player_choice":"Ignored","damage_taken":0,"max_hp_gain":0,"max_hp_loss":0,"event_name":"Ghosts","floor":21,"gold_loss":0},{"cards_removed":["Doubt"],"damage_healed":0,"gold_gain":0,"player_choice":"Removed Curses","damage_taken":0,"max_hp_gain":0,"max_hp_loss":0,"event_name":"Fountain of Cleansing","floor":22,"gold_loss":0},{"cards_removed":["Flechettes"],"damage_healed":0,"gold_gain":0,"player_choice":"Removed Attack","damage_taken":0,"max_hp_gain":0,"max_hp_loss":0,"event_name":"Falling","floor":39,"gold_loss":0},{"damage_healed":0,"gold_gain":0,"player_choice":"Memory 1","damage_taken":0,"max_hp_gain":0,"max_hp_loss":0,"event_name":"SensoryStone","floor":46,"gold_loss":0},{"damage_healed":0,"gold_gain":0,"player_choice":"Ignored","damage_taken":0,"max_hp_gain":0,"max_hp_loss":0,"event_name":"Mysterious Sphere","floor":47,"gold_loss":0},{"damage_healed":0,"gold_gain":0,"player_choice":"Ignored","damage_taken":0,"max_hp_gain":0,"max_hp_loss":0,"event_name":"NoteForYourself","floor":48,"gold_loss":0}],"is_beta":false,"boss_relics":[{"not_picked":["HoveringKite","WristBlade"],"picked":"Pandora\u0027s Box"},{"not_picked":["Fusion Hammer","Coffee Dripper"],"picked":"Philosopher\u0027s Stone"}],"items_purged_floors":[7],"is_endless":false,"potions_floor_spawned":[1,4,6,16,19,24,29,35,38,45,54],"killed_by":"The Heart","ascension_level":0}