{"gold_per_floor":[116,136,154,154,171,196,166,166,166,1,11,23,43,43,43,148,148,129,141,28,28,28,28,62,62,135,135,148,148,148,162,162,267,267,284,302,11,30,30,30,82,82,82,98,113,113,124,124,124,124],"floor_reached":50,"playtime":4387,"items_purged":["Regret","Defend_B"],"score":491,"play_id":"5f35de3a-c7dc-4fbd-a844-4d00402cc560","local_time":"20181118013904","is_ascension_mode":false,"campfire_choices":[{"floor":8,"key":"REST"},{"floor":15,"key":"REST"},{"floor":23,"key":"REST"},{"floor":25,"key":"REST"},{"floor":29,"key":"REST"},{"data":"Defragment","floor":32,"key":"SMITH"},{"data":"Glacier","floor":40,"key":"SMITH"},{"floor":42,"key":"REST"},{"floor":49,"key":"REST"}],"neow_cost":"NONE","seed_source_timestamp":8128861745868828,"circlet_count":0,"master_deck":["Strike_B","Strike_B","Strike_B","Defend_B","Defend_B","Defend_B","Zap","Dualcast","Leap","Auto Shields","Go for the Eyes","Glacier+1","Defragment+1","Capacitor+1","Flash of Steel","Cold Snap","Doom and Gloom","Redo","Reboot","Gash+1","Self Repair+1","Barrage","Reinforced Body+1","Iron Wave","Cold Snap+1","Core Surge","Hologram+1","Loop+1","White Noise+1","Coolheaded+1","Deep Breath+1","Gash"],"relics":["Cracked Core","Blood Vial","Pantograph","Ice Cream","Frozen Egg 2","Runic Pyramid","Toxic Egg 2","Pear","Eternal Feather","Anchor","Thread and Needle","Bottled Flame","Nunchaku"],"potions_floor_usage":[7,16,16,19,24,24,33,35,41,41],"damage_taken":[{"damage":1,"enemies":"Cultist","floor":1,"turns":3},{"damage":2,"enemies":"2 Louse","floor":2,"turns":3},{"damage":0,"enemies":"Jaw Worm","floor":3,"turns":3},{"damage":10,"enemies":"3 Louse","floor":5,"turns":5},{"damage":28,"enemies":"Lagavulin","floor":6,"turns":7},{"damage":3,"enemies":"Exordium Thugs","floor":7,"turns":6},{"damage":8,"enemies":"2 Fungi Beasts","floor":11,"turns":5},{"damage":8,"enemies":"Looter","floor":12,"turns":5},{"damage":8,"enemies":"Gremlin Gang","floor":13,"turns":3},{"damage":12,"enemies":"Slime Boss","floor":16,"turns":9},{"damage":15,"enemies":"2 Thieves","floor":18,"turns":4},{"damage":18,"enemies":"3 Byrds","floor":19,"turns":5},{"damage":59,"enemies":"Slavers","floor":24,"turns":10},{"damage":21,"enemies":"Snake Plant","floor":28,"turns":4},{"damage":1,"enemies":"Chosen and Byrds","floor":31,"turns":7},{"damage":56,"enemies":"Champ","floor":33,"turns":18},{"damage":17,"enemies":"Orb Walker","floor":35,"turns":7},{"damage":14,"enemies":"3 Shapes","floor":36,"turns":6},{"damage":45,"enemies":"Sphere and 2 Shapes","floor":38,"turns":10},{"damage":57,"enemies":"2 Orb Walkers","floor":41,"turns":7},{"damage":31,"enemies":"Spire Growth","floor":44,"turns":8},{"damage":18,"enemies":"4 Shapes","floor":45,"turns":9},{"damage":8,"enemies":"3 Darklings","floor":47,"turns":11},{"damage":96,"enemies":"Awakened One","floor":50,"turns":6}],"seed_played":"-5268821959916563467","potions_obtained":[{"floor":2,"key":"AttackPotion"},{"floor":7,"key":"Block Potion"},{"floor":11,"key":"EssenceOfSteel"},{"floor":12,"key":"Weak Potion"},{"floor":16,"key":"Regen Potion"},{"floor":18,"key":"Explosive Potion"},{"floor":24,"key":"FearPotion"},{"floor":31,"key":"PowerPotion"},{"floor":35,"key":"FearPotion"},{"floor":38,"key":"Strength Potion"},{"floor":41,"key":"FearPotion"}],"is_trial":false,"path_per_floor":["M","M","M","?","M","E","M","R","T","$","M","M","M","$","R","B",null,"M","M","$","?","$","R","E","R","T","?","M","R","?","M","R","B",null,"M","M","$","M","?","R","?","R","T","M","M","?","M","T","R","B"],"character_chosen":"DEFECT","items_purchased":["Capacitor+1","Flash of Steel","Self Repair+1","Anchor","Hologram+1"],"campfire_rested":7,"item_purchase_floors":[10,10,20,37,37],"current_hp_per_floor":[74,73,75,75,65,39,38,60,60,60,54,48,42,42,64,63,75,60,44,44,44,44,66,34,56,66,50,31,58,58,69,69,44,90,83,81,81,48,48,63,18,60,60,41,25,25,29,29,74,0],"gold":124,"neow_bonus":"RANDOM_COMMON_RELIC","is_prod":false,"is_daily":false,"chose_seed":false,"campfire_upgraded":2,"win_rate":0,"timestamp":1542530344,"path_taken":["M","?","?","?","M","E","M","R","T","$","M","M","M","?","R","BOSS","M","M","$","?","?","R","E","R","T","?","M","R","?","M","R","BOSS","M","?","$","M","?","R","?","R","T","M","M","?","M","?","R","BOSS"],"build_version":"2018-11-15","purchased_purges":2,"victory":false,"max_hp_per_floor":[75,75,75,75,75,75,75,75,75,75,75,75,75,75,75,75,75,75,75,75,75,75,75,75,75,85,90,90,90,90,90,90,90,90,90,90,90,90,90,90,90,90,90,90,90,90,90,90,90,90],"card_choices":[{"not_picked":["Chaos","Steam"],"picked":"Leap","floor":1},{"not_picked":["Steam","Sweeping Beam"],"picked":"Auto Shields","floor":2},{"not_picked":["Steam","Skim"],"picked":"Go for the Eyes","floor":3},{"not_picked":["Barrage","Compile Driver"],"picked":"Creative AI","floor":5},{"not_picked":["Force Field","Gash"],"picked":"Glacier","floor":6},{"not_picked":["Beam Cell","Gash"],"picked":"Defragment","floor":7},{"not_picked":["Barrage","Stack"],"picked":"Cold Snap","floor":11},{"not_picked":["Ball Lightning","Streamline"],"picked":"Doom and Gloom","floor":12},{"not_picked":["Heatsinks+1","Streamline"],"picked":"Redo","floor":13},{"not_picked":["Thunder Strike","Meteor Strike"],"picked":"Reboot","floor":16},{"not_picked":["Glacier","Steam"],"picked":"Gash+1","floor":18},{"not_picked":["Barrage+1","Lockon+1","Ball Lightning"],"picked":"SKIP","floor":19},{"not_picked":["Steam Power","Darkness+1"],"picked":"Reinforced Body","floor":24},{"not_picked":["Blizzard","Stack+1"],"picked":"Hologram+1","floor":28},{"not_picked":["Fission+1","Turbo+1"],"picked":"Cold Snap+1","floor":31},{"not_picked":["Biased Cognition+1","Hyperbeam"],"picked":"Core Surge","floor":33},{"not_picked":["Auto Shields+1","Redo+1","Go for the Eyes"],"picked":"SKIP","floor":35},{"not_picked":["Go for the Eyes","Conserve Battery+1","Leap+1"],"picked":"SKIP","floor":36},{"not_picked":["Turbo+1","Steam+1"],"picked":"Loop+1","floor":38},{"not_picked":["Rebound+1","Steam Power+1"],"picked":"White Noise+1","floor":41},{"not_picked":["Leap+1","Compile Driver+1"],"picked":"Coolheaded+1","floor":44},{"not_picked":["Static Discharge+1","Rebound","Leap+1"],"picked":"SKIP","floor":45},{"not_picked":["HandOfGreed","PanicButton+1"],"picked":"Deep Breath+1","floor":46},{"not_picked":["White Noise+1","Redo+1"],"picked":"Gash","floor":47}],"player_experience":1224015,"relics_obtained":[{"floor":6,"key":"Ice Cream"},{"floor":9,"key":"Frozen Egg 2"},{"floor":24,"key":"Toxic Egg 2"},{"floor":26,"key":"Pear"},{"floor":41,"key":"Thread and Needle"},{"floor":43,"key":"Bottled Flame"},{"floor":48,"key":"Nunchaku"}],"event_choices":[{"damage_healed":0,"gold_gain":0,"player_choice":"Box","damage_taken":0,"relics_obtained":["Pantograph"],"max_hp_gain":0,"max_hp_loss":0,"event_name":"Big Fish","floor":4,"gold_loss":0,"cards_obtained":["Regret"]},{"damage_healed":0,"gold_gain":0,"cards_transformed":["Strike_B"],"player_choice":"Transformed","damage_taken":0,"max_hp_gain":0,"max_hp_loss":0,"event_name":"Transmorgrifier","floor":21,"gold_loss":0,"cards_obtained":["Barrage"]},{"damage_healed":0,"gold_gain":0,"player_choice":"Shed Blood","damage_taken":21,"max_hp_gain":5,"max_hp_loss":0,"event_name":"Forgotten Altar","floor":27,"gold_loss":0},{"cards_removed":["Creative AI"],"damage_healed":0,"gold_gain":0,"player_choice":"Took Card","damage_taken":0,"max_hp_gain":0,"max_hp_loss":0,"event_name":"NoteForYourself","floor":30,"gold_loss":0,"cards_obtained":["Iron Wave"]},{"cards_removed":["Hologram"],"damage_healed":0,"gold_gain":0,"player_choice":"Removed Skill","damage_taken":0,"max_hp_gain":0,"max_hp_loss":0,"event_name":"Falling","floor":39,"gold_loss":0},{"damage_healed":0,"gold_gain":0,"player_choice":"Fight","damage_taken":0,"max_hp_gain":0,"max_hp_loss":0,"event_name":"Mysterious Sphere","floor":41,"gold_loss":0},{"damage_healed":0,"gold_gain":0,"player_choice":"Memory 1","damage_taken":0,"max_hp_gain":0,"max_hp_loss":0,"event_name":"SensoryStone","floor":46,"gold_loss":0}],"is_beta":false,"boss_relics":[{"not_picked":["Lizard Tail","Ectoplasm"],"picked":"Runic Pyramid"},{"not_picked":["Black Star","Tiny House"],"picked":"Eternal Feather"}],"items_purged_floors":[20,37],"is_endless":false,"potions_floor_spawned":[2,7,11,12,16,18,24,31,35,38,41],"killed_by":"Awakened One","ascension_level":0}