{"gold_per_floor":[114,42,57,72,72,72,102,117,117,147,147,147,147,177,177,277,277,292,42,57,57,57,87,87,87],"floor_reached":25,"playtime":1446,"items_purged":[],"score":362,"play_id":"d866a8a1-b415-4c9e-8cc2-f95e36b3e12f","local_time":"20190412103654","daily_mods":["Insanity","Red Cards","Elite Swarm"],"is_ascension_mode":false,"campfire_choices":[{"data":"Disarm","floor":6,"key":"SMITH"},{"data":"Machine Learning","floor":11,"key":"SMITH"},{"floor":13,"key":"REST"},{"floor":15,"key":"REST"},{"floor":24,"key":"REST"}],"neow_cost":"","seed_source_timestamp":0,"circlet_count":0,"master_deck":["Ball Lightning","Sword Boomerang","Perfected Strike","Heavy Blade","Self Repair","Heavy Blade","Heatsinks","Defragment","Clothesline","Darkness","Shrug It Off","Turbo","Tempest","Anger","Sword Boomerang","Iron Wave","Clothesline","Searing Blow","Capacitor","Flame Barrier","Coolheaded","White Noise","Twin Strike","Clash","Go for the Eyes","Streamline","Clothesline","Cleave","Streamline","Stack","Cleave","Uppercut","Coolheaded","Steam","True Grit","Wild Strike","Stack","Blood for Blood","Sword Boomerang","Pommel Strike","Rage","Feel No Pain","Warcry","Pommel Strike","Scrape","Barrage","Disarm+1","Twin Strike","Skim","Clothesline","Beam Cell","Seek","Leap","Rage","Feed","Gash","Machine Learning+1","Juggernaut","Reboot","Aggregate"],"special_seed":17998,"relics":["Cracked Core","Question Card","Singing Bowl","Lantern","PreservedInsect","Runic Pyramid","Bottled Lightning","Cables"],"potions_floor_usage":[10],"damage_taken":[{"damage":0,"enemies":"Jaw Worm","floor":1,"turns":2},{"damage":0,"enemies":"Small Slimes","floor":3,"turns":2},{"damage":0,"enemies":"2 Louse","floor":4,"turns":2},{"damage":22,"enemies":"Lagavulin","floor":7,"turns":7},{"damage":17,"enemies":"Exordium Wildlife","floor":8,"turns":4},{"damage":16,"enemies":"3 Sentries","floor":10,"turns":6},{"damage":14,"enemies":"Lagavulin","floor":14,"turns":5},{"damage":0,"enemies":"Slime Boss","floor":16,"turns":7},{"damage":27,"enemies":"Spheric Guardian","floor":18,"turns":5},{"damage":15,"enemies":"3 Byrds","floor":20,"turns":6},{"damage":26,"enemies":"Book of Stabbing","floor":23,"turns":4},{"damage":51,"enemies":"Gremlin Leader","floor":25,"turns":5}],"seed_played":"7783280218717275473","potions_obtained":[{"floor":7,"key":"Block Potion"},{"floor":16,"key":"Explosive Potion"},{"floor":20,"key":"Strength Potion"},{"floor":23,"key":"Swift Potion"}],"is_trial":false,"path_per_floor":["M","$","M","M","$","R","E","M","T","E","R","?","R","E","R","B",null,"M","$","M","?","?","E","R","E"],"character_chosen":"DEFECT","items_purchased":["Seek","Bottled Lightning"],"campfire_rested":3,"item_purchase_floors":[2,19],"current_hp_per_floor":[75,75,75,75,75,75,60,50,50,41,41,41,63,52,75,81,81,63,63,48,48,48,24,49,0],"gold":87,"neow_bonus":"","is_prod":false,"is_daily":true,"chose_seed":false,"campfire_upgraded":2,"win_rate":0.0,"timestamp":1555036614,"path_taken":["M","$","M","M","$","R","E","M","T","E","R","?","R","E","R","BOSS","M","$","M","?","?","E","R","E"],"build_version":"2019-01-23","purchased_purges":0,"victory":false,"max_hp_per_floor":[75,75,75,75,75,75,75,75,75,75,75,75,75,78,78,81,81,83,83,83,83,83,85,85,85],"card_choices":[{"not_picked":["Chill","Thunderclap"],"picked":"Beam Cell","floor":1},{"not_picked":["Havoc","Thunderclap"],"picked":"Leap","floor":3},{"not_picked":["Stack","Leap"],"picked":"Rage","floor":4},{"not_picked":["Brutality","Electrodynamics"],"picked":"Feed","floor":7},{"not_picked":["Beam Cell","Clash","Evolve"],"picked":"Gash","floor":8},{"not_picked":["Double Tap","Electrodynamics","Reboot"],"picked":"Machine Learning","floor":10},{"not_picked":["Fission","Brutality","Fiend Fire"],"picked":"Juggernaut","floor":14},{"not_picked":["Fission","Biased Cognition","Berserk"],"picked":"Reboot","floor":16},{"not_picked":["Sever Soul+1","Havoc","Body Slam","Go for the Eyes"],"picked":"Singing Bowl","floor":18},{"not_picked":["Cold Snap","Thunderclap","Recycle+1"],"picked":"Aggregate","floor":20},{"not_picked":["Juggernaut","Seek","Meteor Strike","Echo Form"],"picked":"Singing Bowl","floor":23}],"player_experience":40090,"relics_obtained":[{"floor":7,"key":"Question Card"},{"floor":9,"key":"Singing Bowl"},{"floor":10,"key":"Lantern"},{"floor":14,"key":"PreservedInsect"},{"floor":23,"key":"Cables"}],"event_choices":[{"damage_healed":0,"gold_gain":0,"player_choice":"Ignored","damage_taken":0,"max_hp_gain":0,"max_hp_loss":0,"event_name":"Shining Light","floor":12,"gold_loss":0},{"damage_healed":0,"gold_gain":0,"player_choice":"Ignored","damage_taken":0,"max_hp_gain":0,"max_hp_loss":0,"event_name":"Beggar","floor":21,"gold_loss":0},{"damage_healed":0,"gold_gain":0,"player_choice":"Ignored","damage_taken":0,"max_hp_gain":0,"max_hp_loss":0,"event_name":"Vampires","floor":22,"gold_loss":0}],"is_beta":false,"boss_relics":[{"not_picked":["Tiny House","Cursed Key"],"picked":"Runic Pyramid"}],"items_purged_floors":[],"is_endless":false,"potions_floor_spawned":[7,16,20,23],"killed_by":"Gremlin Leader","ascension_level":0}