{"gold_per_floor":[109,124,137,68,85,85,85,85,85,104,123,298,298,22,22,119,119,131,141,141,41,58,58,86,86,86,104,31,31,31,49,49,146,196,209,18,38,38,58,58,58,158,211,211,8,8,56,56,56,56],"floor_reached":50,"playtime":2152,"items_purged":["Doubt","Strike_G"],"score":550,"play_id":"9c4c22ad-d7a3-45e9-9326-561b6e9c72f6","local_time":"20190809080524","is_ascension_mode":false,"campfire_choices":[{"data":"Noxious Fumes","floor":6,"key":"SMITH"},{"data":"Acrobatics","floor":8,"key":"SMITH"},{"data":"Neutralize","floor":13,"key":"SMITH"},{"data":"Prepared","floor":15,"key":"SMITH"},{"data":"Corpse Explosion","floor":23,"key":"SMITH"},{"data":"After Image","floor":25,"key":"SMITH"},{"data":"Defend_G","floor":29,"key":"SMITH"},{"data":"Blur","floor":32,"key":"SMITH"},{"data":"Caltrops","floor":40,"key":"SMITH"},{"data":"Tactician","floor":44,"key":"SMITH"},{"data":"Madness","floor":49,"key":"SMITH"}],"neow_cost":"NONE","seed_source_timestamp":353315433195833,"circlet_count":0,"master_deck":["Strike_G","Strike_G","Strike_G","Defend_G","Defend_G","Defend_G+1","Defend_G+1","Defend_G","Survivor","Neutralize+1","Acrobatics+1","Noxious Fumes+1","Prepared+1","Slice","Corpse Explosion+1","Backflip+1","After Image+1","Blur+1","Caltrops+1","Escape Plan","Deflect","Tactician+1","Slice","Blind","Madness+1","Madness"],"relics":["Coffee Dripper","Blue Candle","MealTicket","White Beast Statue","Anchor","Pear","Tiny House","HandDrill","Prayer Wheel","Snake Skull","Blood Vial","Smiling Mask"],"potions_floor_usage":[16,16,18,24,24,33,33,33,37,38,50,50,50],"damage_taken":[{"damage":2,"enemies":"2 Louse","floor":1,"turns":5},{"damage":0,"enemies":"Jaw Worm","floor":2,"turns":4},{"damage":2,"enemies":"Cultist","floor":3,"turns":5},{"damage":0,"enemies":"2 Fungi Beasts","floor":5,"turns":4},{"damage":0,"enemies":"3 Louse","floor":10,"turns":4},{"damage":0,"enemies":"Looter","floor":11,"turns":3},{"damage":23,"enemies":"Hexaghost","floor":16,"turns":10},{"damage":9,"enemies":"Shell Parasite","floor":18,"turns":5},{"damage":0,"enemies":"Chosen","floor":19,"turns":5},{"damage":21,"enemies":"Snake Plant","floor":22,"turns":7},{"damage":30,"enemies":"Gremlin Leader","floor":24,"turns":7},{"damage":5,"enemies":"Shelled Parasite and Fungi","floor":27,"turns":6},{"damage":0,"enemies":"Centurion and Healer","floor":31,"turns":5},{"damage":0,"enemies":"Automaton","floor":33,"turns":11},{"damage":3,"enemies":"Orb Walker","floor":35,"turns":6},{"damage":5,"enemies":"3 Darklings","floor":37,"turns":4},{"damage":0,"enemies":"Maw","floor":38,"turns":8},{"damage":15,"enemies":"Spire Growth","floor":39,"turns":9},{"damage":0,"enemies":"Mind Bloom Boss Battle","floor":42,"turns":8},{"damage":90,"enemies":"Time Eater","floor":50,"turns":16}],"seed_played":"1764271700360976200","potions_obtained":[{"floor":5,"key":"Explosive Potion"},{"floor":10,"key":"Strength Potion"},{"floor":11,"key":"Strength Potion"},{"floor":18,"key":"Swift Potion"},{"floor":19,"key":"Fire Potion"},{"floor":22,"key":"AttackPotion"},{"floor":24,"key":"PowerPotion"},{"floor":27,"key":"Dexterity Potion"},{"floor":33,"key":"Block Potion"},{"floor":34,"key":"SmokeBomb"},{"floor":35,"key":"Dexterity Potion"},{"floor":37,"key":"Weak Potion"},{"floor":39,"key":"Ancient Potion"}],"is_trial":false,"path_per_floor":["M","M","M","$","M","R","?","R","T","M","M","?","R","$","R","B",null,"M","M","?","$","M","R","E","R","T","M","$","R","?","M","R","B",null,"M","$","M","M","M","R","$","?","T","R","$","?","T","?","R","B"],"character_chosen":"THE_SILENT","items_purchased":["Noxious Fumes","MealTicket","LiquidBronze","HandDrill","Blood Vial","Slice"],"campfire_rested":0,"item_purchase_floors":[4,14,28,36,45,45],"current_hp_per_floor":[68,68,66,66,66,66,66,66,66,66,66,66,66,66,66,43,70,61,61,61,70,49,49,19,19,29,24,39,39,39,39,39,39,85,82,85,80,80,65,65,80,80,80,80,85,85,85,74,74,0],"gold":56,"neow_bonus":"BOSS_RELIC","is_prod":false,"is_daily":false,"chose_seed":false,"campfire_upgraded":11,"win_rate":0,"timestamp":1565309124,"path_taken":["M","M","M","$","M","R","?","R","T","M","M","?","R","$","R","BOSS","M","M","?","$","M","R","E","R","T","M","$","R","?","M","R","BOSS","M","$","M","M","M","R","?","?","T","R","$","?","?","?","R","BOSS"],"build_version":"2019-07-17","purchased_purges":2,"victory":false,"max_hp_per_floor":[70,70,70,70,70,70,70,70,70,70,70,70,70,70,70,70,70,70,70,70,70,70,70,70,70,80,80,80,80,80,80,80,80,85,85,85,85,85,85,85,85,85,85,85,85,85,85,85,85,85],"card_choices":[{"not_picked":["Slice","Cloak And Dagger"],"picked":"Acrobatics","floor":1},{"not_picked":["Dagger Spray","Sucker Punch","Quick Slash"],"picked":"SKIP","floor":2},{"not_picked":["Acrobatics","All Out Attack","Bane"],"picked":"SKIP","floor":3},{"not_picked":["Flechettes","Deadly Poison","Quick Slash"],"picked":"SKIP","floor":5},{"not_picked":["Underhanded Strike","Deadly Poison"],"picked":"Prepared","floor":10},{"not_picked":["Caltrops","Prepared"],"picked":"Slice","floor":11},{"not_picked":["Bullet Time","Phantasmal Killer"],"picked":"Corpse Explosion","floor":16},{"not_picked":["Endless Agony","Slice+1"],"picked":"Backflip+1","floor":18},{"not_picked":["Dagger Throw","Skewer","Endless Agony"],"picked":"SKIP","floor":19},{"not_picked":["Flying Knee","Masterful Stab","Endless Agony"],"picked":"SKIP","floor":22},{"not_picked":["Deadly Poison","Grand Finale"],"picked":"After Image","floor":24},{"not_picked":["Heel Hook","Flying Knee","Poisoned Stab"],"picked":"SKIP","floor":27},{"not_picked":["Dagger Spray","Caltrops"],"picked":"Blur","floor":31},{"not_picked":["Concentrate","Prepared"],"picked":"Caltrops","floor":34},{"not_picked":["Bane","Poisoned Stab+1"],"picked":"Escape Plan","floor":35},{"not_picked":["Acrobatics+1","Blade Dance"],"picked":"Deflect","floor":37},{"not_picked":["Dodge and Roll+1","Caltrops+1","Choke"],"picked":"SKIP","floor":39},{"not_picked":["Cloak And Dagger+1","Crippling Poison"],"picked":"Tactician","floor":42},{"not_picked":["Apotheosis","Madness"],"picked":"Blind","floor":46}],"player_experience":154909,"relics_obtained":[{"floor":9,"key":"Blue Candle"},{"floor":24,"key":"Anchor"},{"floor":26,"key":"Pear"},{"floor":42,"key":"Prayer Wheel"},{"floor":43,"key":"Snake Skull"},{"floor":47,"key":"Smiling Mask"}],"event_choices":[{"damage_healed":0,"gold_gain":0,"player_choice":"Ignored","damage_taken":0,"max_hp_gain":0,"max_hp_loss":0,"event_name":"Golden Idol","floor":7,"gold_loss":0},{"damage_healed":0,"gold_gain":175,"player_choice":"AGREE","damage_taken":0,"max_hp_gain":0,"max_hp_loss":0,"event_name":"Liars Game","floor":12,"gold_loss":0,"cards_obtained":["Doubt"]},{"damage_healed":0,"gold_gain":0,"player_choice":"Ignored","damage_taken":0,"max_hp_gain":0,"max_hp_loss":0,"event_name":"Ghosts","floor":20,"gold_loss":0},{"cards_removed":["Strike_G"],"damage_healed":0,"gold_gain":0,"player_choice":"Card Removal","damage_taken":0,"max_hp_gain":0,"max_hp_loss":0,"event_name":"Wheel of Change","floor":30,"gold_loss":0},{"damage_healed":0,"gold_gain":0,"player_choice":"Fight","damage_taken":0,"max_hp_gain":0,"max_hp_loss":0,"event_name":"MindBloom","floor":42,"gold_loss":0},{"damage_healed":0,"gold_gain":0,"player_choice":"Memory 1","damage_taken":0,"max_hp_gain":0,"max_hp_loss":0,"event_name":"SensoryStone","floor":46,"gold_loss":0},{"damage_healed":0,"gold_gain":0,"player_choice":"Embrace Madness","damage_taken":11,"max_hp_gain":0,"max_hp_loss":0,"event_name":"Winding Halls","floor":48,"gold_loss":0,"cards_obtained":["Madness","Madness"]}],"is_beta":false,"boss_relics":[{"not_picked":["Calling Bell","WristBlade"],"picked":"White Beast Statue"},{"not_picked":["Black Star","Fusion Hammer"],"picked":"Tiny House"}],"items_purged_floors":[14,21],"is_endless":false,"potions_floor_spawned":[5,10,11,18,19,22,24,27,31,33,35,37,38,39,42],"killed_by":"Time Eater","ascension_level":0}