{"gold_per_floor":[116,116,134,59,59,102,102,22,48,48,64,22,22,60,60,180,180,194,194,13,13,38,38,38,38,38,78,78,78,78,94,94,218,218,239,259,275,298,362,362,378,378,378,99,99,124,40,40,40,40,40,40,12,55,55],"floor_reached":55,"playtime":4136,"items_purged":["Defend_G","Strike_G","Bite"],"score":744,"play_id":"c2c5c328-9582-46ce-adae-6f038353a7a2","local_time":"20181120004422","is_ascension_mode":false,"campfire_choices":[{"data":"Neutralize","floor":7,"key":"SMITH"},{"floor":10,"key":"REST"},{"data":"Glass Knife","floor":15,"key":"SMITH"},{"data":"Glass Knife","floor":23,"key":"SMITH"},{"floor":25,"key":"REST"},{"data":"Noxious Fumes","floor":30,"key":"SMITH"},{"floor":32,"key":"RECALL"},{"data":"Burst","floor":40,"key":"SMITH"},{"data":"Terror","floor":42,"key":"SMITH"},{"data":"Backflip","floor":45,"key":"SMITH"},{"floor":49,"key":"REST"},{"floor":52,"key":"REST"}],"neow_cost":"NONE","seed_source_timestamp":8298100289817008,"circlet_count":0,"master_deck":["Defend_G+1","Defend_G+1","Defend_G+1","Survivor+1","Neutralize+1","Blur+1","Quick Slash+1","Glass Knife+1","Glass Knife+1","Sucker Punch+1","Bite+1","Bite+1","Bite+1","Bite+1","Backflip+1","Deflect+1","Noxious Fumes+1","Cloak And Dagger+1","Terror+1","Adrenaline+1","Crippling Poison+1","Burst+1","Backflip+1","Catalyst+1","Well Laid Plans+1","Catalyst+1","Footwork"],"relics":["Ring of the Snake","NeowsBlessing","Golden Idol","The Courier","Bag of Marbles","Dream Catcher","Empty Cage","Pantograph","MutagenicStrength","Centennial Puzzle","Bottled Flame","Velvet Choker","Ginger","Darkstone Periapt","TwistedFunnel","Whetstone","Mark of the Bloom","Pear"],"potions_floor_usage":[14,14,16,16,16,16,27,27,33,33,37,50,50,55],"damage_taken":[{"damage":0,"enemies":"2 Louse","floor":1,"turns":1},{"damage":0,"enemies":"Small Slimes","floor":3,"turns":1},{"damage":0,"enemies":"3 Sentries","floor":6,"turns":1},{"damage":0,"enemies":"Jaw Worm","floor":11,"turns":2},{"damage":17,"enemies":"Gremlin Nob","floor":14,"turns":4},{"damage":3,"enemies":"Slime Boss","floor":16,"turns":12},{"damage":12,"enemies":"Shell Parasite","floor":18,"turns":7},{"damage":23,"enemies":"Spheric Guardian","floor":22,"turns":6},{"damage":22,"enemies":"Gremlin Leader","floor":27,"turns":7},{"damage":5,"enemies":"3 Cultists","floor":31,"turns":5},{"damage":73,"enemies":"Collector","floor":33,"turns":10},{"damage":0,"enemies":"3 Shapes","floor":35,"turns":6},{"damage":4,"enemies":"3 Darklings","floor":36,"turns":4},{"damage":13,"enemies":"Transient","floor":37,"turns":5},{"damage":6,"enemies":"Maw","floor":38,"turns":6},{"damage":13,"enemies":"2 Orb Walkers","floor":39,"turns":4},{"damage":2,"enemies":"Jaw Worm Horde","floor":41,"turns":3},{"damage":1,"enemies":"Sphere and 2 Shapes","floor":46,"turns":4},{"damage":5,"enemies":"Donu and Deca","floor":50,"turns":7},{"damage":11,"enemies":"Shield and Spear","floor":54,"turns":5},{"damage":76,"enemies":"The Heart","floor":55,"turns":3}],"seed_played":"497781937853961321","potions_obtained":[{"floor":3,"key":"Explosive Potion"},{"floor":11,"key":"EntropicBrew"},{"floor":16,"key":"EntropicBrew"},{"floor":27,"key":"Fire Potion"},{"floor":31,"key":"Swift Potion"},{"floor":35,"key":"Dexterity Potion"},{"floor":36,"key":"GamblersBrew"},{"floor":39,"key":"EssenceOfSteel"}],"is_trial":false,"path_per_floor":["M","?","M","$","?","E","R","$","T","R","M","$","?","E","R","B",null,"M","?","$","?","M","R","?","R","T","E","?","T","R","M","R","B",null,"M","M","M","M","?","R","M","R","T","$","R","M","$","?","R","B",null,"R","$","E","B"],"character_chosen":"THE_SILENT","items_purchased":["Strength Potion","Backflip","Deflect","TwistedFunnel","Whetstone","Well Laid Plans","Catalyst","Footwork"],"campfire_rested":4,"item_purchase_floors":[12,20,20,44,44,47,47,53],"current_hp_per_floor":[70,53,53,53,46,46,46,46,46,67,69,69,69,53,53,52,70,58,58,58,58,45,45,45,66,66,54,54,54,54,61,61,15,70,70,70,61,68,55,55,57,57,57,57,57,70,70,70,70,65,65,65,65,54,0],"gold":55,"neow_bonus":"THREE_ENEMY_KILL","is_prod":false,"is_daily":false,"chose_seed":false,"campfire_upgraded":7,"win_rate":0,"timestamp":1542699862,"path_taken":["M","?","M","$","?","E","R","$","T","R","M","$","?","E","R","BOSS","M","?","$","?","M","R","?","R","T","E","?","?","R","M","R","BOSS","M","M","M","M","?","R","M","R","T","$","R","M","$","?","R","BOSS","R","$","E","BOSS"],"build_version":"2018-11-15","purchased_purges":3,"victory":false,"max_hp_per_floor":[70,70,70,70,70,70,70,70,70,70,70,70,70,70,70,70,70,70,70,70,70,70,70,70,70,70,70,70,70,70,70,70,70,70,70,70,70,70,70,70,70,70,70,70,70,70,70,70,70,70,70,70,70,80,80],"card_choices":[{"not_picked":["Outmaneuver","Bane"],"picked":"Blur","floor":1},{"not_picked":["Tactician","PiercingWail","Poisoned Stab"],"picked":"SKIP","floor":3},{"not_picked":["Outmaneuver","Dodge and Roll"],"picked":"Quick Slash","floor":6},{"not_picked":["Prepared","Catalyst","Deadly Poison"],"picked":"SKIP","floor":11},{"not_picked":["Bouncing Flask","Eviscerate"],"picked":"Glass Knife","floor":14},{"not_picked":["Envenom","Bullet Time"],"picked":"Glass Knife","floor":16},{"not_picked":["Bane","Distraction"],"picked":"Sucker Punch+1","floor":18},{"not_picked":["Blade Dance+1","Riddle With Holes","PiercingWail"],"picked":"SKIP","floor":22},{"not_picked":["Poisoned Stab","Acrobatics+1"],"picked":"Noxious Fumes","floor":25},{"not_picked":["Skewer","Doppelganger"],"picked":"Cloak And Dagger","floor":27},{"not_picked":["Flying Knee","Cloak And Dagger"],"picked":"Terror","floor":31},{"not_picked":["Night Terror","Grand Finale"],"picked":"Adrenaline","floor":33},{"not_picked":["Slice","Calculated Gamble+1"],"picked":"Crippling Poison+1","floor":35},{"not_picked":["Underhanded Strike","Slice","Predator"],"picked":"SKIP","floor":36},{"not_picked":["Dagger Spray+1","Poisoned Stab","Deflect"],"picked":"SKIP","floor":37},{"not_picked":["Poisoned Stab","Dodge and Roll","Slice+1"],"picked":"SKIP","floor":38},{"not_picked":["PiercingWail","Outmaneuver"],"picked":"Burst","floor":39},{"not_picked":["Dagger Spray","Blur"],"picked":"Backflip+1","floor":41},{"not_picked":["Dagger Throw+1","Choke"],"picked":"Catalyst+1","floor":46},{"not_picked":["Deflect+1","PiercingWail+1","Deadly Poison+1"],"picked":"SKIP","floor":54}],"player_experience":1262675,"relics_obtained":[{"floor":6,"key":"Bag of Marbles"},{"floor":9,"key":"Blood Vial"},{"floor":14,"key":"Dream Catcher"},{"floor":27,"key":"Centennial Puzzle"},{"floor":29,"key":"Bottled Flame"},{"floor":39,"key":"Ginger"},{"floor":43,"key":"Darkstone Periapt"},{"floor":54,"key":"Pear"}],"event_choices":[{"damage_healed":0,"gold_gain":0,"player_choice":"Take Damage","damage_taken":17,"relics_obtained":["Golden Idol"],"max_hp_gain":0,"max_hp_loss":0,"event_name":"Golden Idol","floor":2,"gold_loss":0},{"damage_healed":0,"gold_gain":0,"player_choice":"Success","damage_taken":7,"relics_obtained":["The Courier"],"max_hp_gain":0,"max_hp_loss":0,"event_name":"Scrap Ooze","floor":5,"gold_loss":0},{"damage_healed":0,"gold_gain":0,"player_choice":"Leave","damage_taken":0,"max_hp_gain":0,"max_hp_loss":0,"event_name":"The Cleric","floor":13,"gold_loss":0},{"damage_healed":0,"gold_gain":0,"player_choice":"Became a vampire (Vial)","damage_taken":0,"max_hp_gain":0,"max_hp_loss":0,"event_name":"Vampires","floor":19,"relics_lost":["Blood Vial"],"gold_loss":0,"cards_obtained":["Bite","Bite","Bite","Bite","Bite"]},{"damage_healed":0,"gold_gain":0,"player_choice":"Opened","damage_taken":0,"relics_obtained":["Pantograph"],"max_hp_gain":0,"max_hp_loss":0,"event_name":"The Mausoleum","floor":21,"gold_loss":0,"cards_obtained":["Writhe"]},{"damage_healed":0,"gold_gain":0,"player_choice":"Inject Mutagens","damage_taken":0,"relics_obtained":["MutagenicStrength"],"max_hp_gain":0,"max_hp_loss":0,"event_name":"Drug Dealer","floor":24,"gold_loss":0},{"cards_removed":["Writhe"],"damage_healed":0,"gold_gain":0,"player_choice":"Elegance","damage_taken":0,"max_hp_gain":0,"max_hp_loss":0,"event_name":"Back to Basics","floor":28,"gold_loss":0},{"damage_healed":0,"gold_gain":0,"player_choice":"Fight","damage_taken":0,"max_hp_gain":0,"max_hp_loss":0,"event_name":"Mysterious Sphere","floor":39,"gold_loss":0},{"damage_healed":0,"gold_gain":0,"player_choice":"Upgrade","damage_taken":0,"relics_obtained":["Mark of the Bloom"],"max_hp_gain":0,"max_hp_loss":0,"event_name":"MindBloom","floor":48,"gold_loss":0,"cards_upgraded":["Defend_G","Defend_G","Defend_G","Survivor","Blur","Bite","Bite","Bite","Deflect","Cloak And Dagger","Adrenaline","Well Laid Plans","Catalyst"]}],"is_beta":false,"boss_relics":[{"not_picked":["Snecko Eye","Busted Crown"],"picked":"Empty Cage"},{"not_picked":["Lizard Tail","White Beast Statue"],"picked":"Velvet Choker"}],"items_purged_floors":[4,8,20],"is_endless":false,"potions_floor_spawned":[3,11,16,27,31,35,36,39],"killed_by":"The Heart","ascension_level":0}