{"gold_per_floor":[113,113,38,57,72,105,105,120,120,133,143,161,181,154,154,255,255,274,274,291,38,57,57,91,91,91,91,108,123,153,173,173,275,325,343,73,88,88,88,88,34,69,95,95,95,124,124,124,124,124],"floor_reached":51,"playtime":1653,"items_purged":["Dual Wield","Flame Barrier","Bloodletting+1"],"score":1077,"play_id":"458cf04c-9138-4568-8406-0a48ec9bfd3f","local_time":"20190412193303","daily_mods":["Draft","Vintage"],"is_ascension_mode":false,"campfire_choices":[{"data":"Entrench","floor":7,"key":"SMITH"},{"data":"Intimidate","floor":15,"key":"SMITH"},{"data":"Barricade","floor":23,"key":"SMITH"},{"floor":25,"key":"REST"},{"data":"1","floor":27,"key":"LIFT"},{"floor":30,"key":"DIG"},{"data":"2","floor":32,"key":"LIFT"},{"data":"3","floor":40,"key":"LIFT"},{"floor":45,"key":"DIG"},{"data":"Heavy Blade","floor":47,"key":"SMITH"},{"floor":49,"key":"DIG"}],"neow_cost":"","seed_source_timestamp":124315757941984,"circlet_count":0,"master_deck":["Flex","Anger","Anger+1","Metallicize","Flex+1","Heavy Blade+1","Clash","Rage+1","Entrench+1","Intimidate+1","Evolve","Barricade+1","Anger","Berserk","Clash"],"relics":["Unceasing Top","Omamori","Shuriken","Pear","Singing Bowl","Anchor","War Paint","FossilizedHelix","Gremlin Horn","Question Card","Pen Nib","Philosopher\u0027s Stone","Bottled Flame","Letter Opener","Oddly Smooth Stone","Shovel","Mummified Hand","Girya","Bag of Marbles","Bottled Lightning","Tiny Chest","PreservedInsect","Tiny House","MawBank","Juzu Bracelet","Lantern","Ancient Tea Set","Vajra","Strawberry","Orichalcum","Paper Frog"],"potions_floor_usage":[10],"damage_taken":[{"damage":10,"enemies":"Jaw Worm","floor":1,"turns":4},{"damage":0,"enemies":"Cultist","floor":4,"turns":3},{"damage":3,"enemies":"2 Louse","floor":5,"turns":1},{"damage":18,"enemies":"3 Sentries","floor":6,"turns":5},{"damage":7,"enemies":"2 Fungi Beasts","floor":8,"turns":3},{"damage":0,"enemies":"Gremlin Gang","floor":10,"turns":3},{"damage":0,"enemies":"Lots of Slimes","floor":11,"turns":2},{"damage":0,"enemies":"Looter","floor":12,"turns":2},{"damage":0,"enemies":"Large Slime","floor":13,"turns":2},{"damage":3,"enemies":"Hexaghost","floor":16,"turns":2},{"damage":5,"enemies":"Chosen","floor":18,"turns":2},{"damage":2,"enemies":"3 Byrds","floor":20,"turns":3},{"damage":0,"enemies":"Sentry and Sphere","floor":22,"turns":3},{"damage":18,"enemies":"Gremlin Leader","floor":24,"turns":2},{"damage":0,"enemies":"Cultist and Chosen","floor":28,"turns":1},{"damage":0,"enemies":"Shelled Parasite and Fungi","floor":29,"turns":2},{"damage":0,"enemies":"Snake Plant","floor":31,"turns":1},{"damage":0,"enemies":"Champ","floor":33,"turns":4},{"damage":0,"enemies":"Orb Walker","floor":35,"turns":1},{"damage":0,"enemies":"3 Shapes","floor":37,"turns":1},{"damage":0,"enemies":"Giant Head","floor":42,"turns":1},{"damage":0,"enemies":"Reptomancer","floor":46,"turns":1},{"damage":0,"enemies":"Time Eater","floor":50,"turns":4}],"seed_played":"7624050949433797152","potions_obtained":[{"floor":5,"key":"BloodPotion"},{"floor":11,"key":"FearPotion"},{"floor":12,"key":"Dexterity Potion"},{"floor":13,"key":"Dexterity Potion"}],"is_trial":true,"path_per_floor":["M","?","$","M","M","E","R","M","T","M","M","M","M","?","R","B",null,"M","?","M","$","M","R","E","R","T","R","M","M","R","M","R","B",null,"M","$","M","$","?","R","$","E","T","$","R","E","R","?","R","B",null],"character_chosen":"IRONCLAD","items_purchased":["Oddly Smooth Stone","Juzu Bracelet","Clash"],"campfire_rested":1,"item_purchase_floors":[21,36,41],"current_hp_per_floor":[70,75,75,75,82,66,66,59,59,68,68,68,68,68,68,65,92,87,87,85,85,85,85,69,94,94,94,94,94,94,94,94,94,101,101,101,101,101,101,101,101,103,103,103,110,112,112,106,106,106],"gold":124,"neow_bonus":"","is_prod":false,"is_daily":false,"chose_seed":false,"campfire_upgraded":4,"win_rate":0.0,"timestamp":1555068783,"path_taken":["M","?","$","M","M","E","R","?","T","M","M","M","M","?","R","BOSS","M","?","?","$","M","R","E","R","T","R","M","?","R","M","R","BOSS","M","$","M","?","?","R","$","E","T","$","R","E","R","?","R","BOSS"],"build_version":"2019-01-23","purchased_purges":3,"victory":true,"max_hp_per_floor":[80,80,80,80,90,92,92,92,92,92,92,92,92,92,92,92,92,92,92,92,92,92,92,94,94,94,94,94,94,94,94,94,94,101,101,101,101,101,101,101,101,103,103,103,110,112,112,106,106,106],"card_choices":[{"not_picked":["Body Slam","Ghostly Armor"],"picked":"Flex","floor":0},{"not_picked":["Pommel Strike","Flex"],"picked":"Bloodletting","floor":0},{"not_picked":["Cleave","Entrench"],"picked":"Anger","floor":0},{"not_picked":["Clothesline","True Grit"],"picked":"Anger","floor":0},{"not_picked":["Sword Boomerang","Wild Strike"],"picked":"Flame Barrier","floor":0},{"not_picked":["Iron Wave","Heavy Blade"],"picked":"Metallicize","floor":0},{"not_picked":["Intimidate","Spot Weakness"],"picked":"Flex","floor":0},{"not_picked":["Havoc","Second Wind"],"picked":"Dual Wield","floor":0},{"not_picked":["Flame Barrier","Havoc"],"picked":"Heavy Blade","floor":0},{"not_picked":["Thunderclap","Second Wind"],"picked":"Flex","floor":0},{"not_picked":["Dropkick","Flame Barrier"],"picked":"Clash","floor":0},{"not_picked":["Shockwave","Sever Soul"],"picked":"Rage","floor":0},{"not_picked":["Inflame","Perfected Strike"],"picked":"Entrench","floor":0},{"not_picked":["Clothesline","Sentinel"],"picked":"Intimidate","floor":0},{"not_picked":["Pommel Strike","Clothesline"],"picked":"Evolve","floor":0},{"not_picked":["Clash","Wild Strike","True Grit"],"picked":"Singing Bowl","floor":6},{"not_picked":["Exhume","Immolate","Limit Break"],"picked":"Barricade","floor":16},{"not_picked":["Second Wind","Flex","Disarm","Pommel Strike+1"],"picked":"Singing Bowl","floor":24},{"not_picked":["Immolate","Dark Embrace","Exhume"],"picked":"Berserk","floor":33},{"not_picked":["Perfected Strike","Heavy Blade","Twin Strike","Headbutt"],"picked":"Singing Bowl","floor":34},{"not_picked":["Searing Blow","Thunderclap+1","Havoc","Warcry+1"],"picked":"Singing Bowl","floor":42},{"not_picked":["Inflame","Perfected Strike","Clothesline+1","Blood for Blood+1"],"picked":"Singing Bowl","floor":46}],"player_experience":55718,"relics_obtained":[{"floor":1,"key":"Omamori"},{"floor":4,"key":"Shuriken"},{"floor":5,"key":"Pear"},{"floor":6,"key":"Singing Bowl"},{"floor":8,"key":"Anchor"},{"floor":9,"key":"War Paint"},{"floor":10,"key":"FossilizedHelix"},{"floor":11,"key":"Gremlin Horn"},{"floor":12,"key":"Question Card"},{"floor":13,"key":"Pen Nib"},{"floor":18,"key":"Bottled Flame"},{"floor":20,"key":"Letter Opener"},{"floor":22,"key":"Shovel"},{"floor":24,"key":"Mummified Hand"},{"floor":26,"key":"Girya"},{"floor":28,"key":"Bag of Marbles"},{"floor":29,"key":"Bottled Lightning"},{"floor":30,"key":"Tiny Chest"},{"floor":31,"key":"PreservedInsect"},{"floor":35,"key":"MawBank"},{"floor":37,"key":"Lantern"},{"floor":42,"key":"Ancient Tea Set"},{"floor":43,"key":"Vajra"},{"floor":45,"key":"Strawberry"},{"floor":46,"key":"Orichalcum"},{"floor":49,"key":"Paper Frog"}],"event_choices":[{"cards_removed":["Flex"],"damage_healed":5,"gold_gain":0,"player_choice":"Offered Common","damage_taken":0,"max_hp_gain":0,"max_hp_loss":0,"event_name":"Bonfire Elementals","floor":2,"gold_loss":0},{"cards_removed":["Flex"],"damage_healed":5,"gold_gain":0,"player_choice":"Offered Special","damage_taken":0,"max_hp_gain":0,"max_hp_loss":0,"event_name":"Bonfire Elementals","floor":2,"gold_loss":0},{"damage_healed":0,"gold_gain":0,"player_choice":"Left Gold","damage_taken":0,"max_hp_gain":0,"max_hp_loss":0,"event_name":"World of Goop","floor":14,"gold_loss":27},{"damage_healed":0,"gold_gain":0,"player_choice":"Copied","damage_taken":0,"max_hp_gain":0,"max_hp_loss":0,"event_name":"Duplicator","floor":19,"gold_loss":0,"cards_obtained":["Anger"]},{"damage_healed":0,"gold_gain":0,"player_choice":"Forge","damage_taken":0,"max_hp_gain":0,"max_hp_loss":0,"event_name":"Accursed Blacksmith","floor":39,"gold_loss":0,"cards_upgraded":["Rage"]},{"damage_healed":0,"gold_gain":0,"player_choice":"Max HP","damage_taken":0,"max_hp_gain":0,"max_hp_loss":6,"event_name":"Winding Halls","floor":48,"gold_loss":0}],"is_beta":false,"boss_relics":[{"not_picked":["Lizard Tail","Calling Bell"],"picked":"Philosopher\u0027s Stone"},{"not_picked":["Orrery","Fusion Hammer"],"picked":"Tiny House"}],"items_purged_floors":[3,21,36],"is_endless":false,"potions_floor_spawned":[5,11,12,13,16,18,20,24,35],"ascension_level":0}