{"gold_per_floor":[116,127,137,137,147,147,165,181,207,224,250,250,262,287,287,359,359,377,262,262,262,276,302,302,329,329,346,356,356,375,410,410,487,537,554,148,148,165,185,218,218,249,249,249,274,46,64,98,98,98,98],"floor_reached":52,"playtime":4572,"items_purged":["Strike_R","Strike_R+1"],"score":2088,"play_id":"f1b575c7-77e8-44b4-9d20-88c1117f7cd5","local_time":"20190728003159","is_ascension_mode":true,"campfire_choices":[{"data":"Carnage","floor":6,"key":"SMITH"},{"data":"Shockwave","floor":12,"key":"SMITH"},{"data":"True Grit","floor":15,"key":"SMITH"},{"data":"Warcry","floor":24,"key":"SMITH"},{"data":"Feel No Pain","floor":29,"key":"SMITH"},{"data":"Dual Wield","floor":32,"key":"SMITH"},{"data":"Sword Boomerang","floor":41,"key":"SMITH"},{"data":"Corruption","floor":49,"key":"SMITH"}],"neow_cost":"TEN_PERCENT_HP_LOSS","seed_source_timestamp":1035781460272361,"circlet_count":0,"master_deck":["AscendersBane","Strike_R+1","Strike_R+1","Strike_R+1","Defend_R+1","Defend_R+1","Defend_R+1","Defend_R+1","Bash","Cleave+1","Carnage+1","True Grit+1","Shockwave+1","Feel No Pain+1","Spot Weakness","Warcry+1","Reaper+1","Spot Weakness","Disarm+1","Sword Boomerang+1","Battle Trance+1","Dual Wield+1","Second Wind","Demon Form+1","Shrug It Off+1","Corruption+1","Shrug It Off","Evolve+1","Offering","Power Through","Battle Trance"],"relics":["Burning Blood","FossilizedHelix","Strawberry","Pen Nib","Bronze Scales","Vajra","Coffee Dripper","Bag of Marbles","Happy Flower","Kunai","Shuriken","Tiny House","War Paint","Whetstone","Bag of Preparation","Lantern","Lee\u0027s Waffle","Anchor"],"potions_floor_usage":[25,33,33,45,50],"damage_taken":[{"damage":0,"enemies":"2 Louse","floor":1,"turns":4},{"damage":0,"enemies":"Jaw Worm","floor":2,"turns":2},{"damage":0,"enemies":"Cultist","floor":3,"turns":3},{"damage":18,"enemies":"Lots of Slimes","floor":5,"turns":4},{"damage":1,"enemies":"Blue Slaver","floor":7,"turns":3},{"damage":8,"enemies":"Exordium Wildlife","floor":8,"turns":4},{"damage":0,"enemies":"Large Slime","floor":10,"turns":3},{"damage":5,"enemies":"3 Sentries","floor":11,"turns":7},{"damage":10,"enemies":"Lots of Slimes","floor":13,"turns":2},{"damage":0,"enemies":"Gremlin Nob","floor":14,"turns":3},{"damage":21,"enemies":"The Guardian","floor":16,"turns":8},{"damage":0,"enemies":"3 Byrds","floor":18,"turns":4},{"damage":0,"enemies":"Chosen","floor":22,"turns":4},{"damage":50,"enemies":"Slavers","floor":23,"turns":4},{"damage":34,"enemies":"Gremlin Leader","floor":25,"turns":5},{"damage":0,"enemies":"Shelled Parasite and Fungi","floor":27,"turns":6},{"damage":0,"enemies":"Centurion and Healer","floor":28,"turns":5},{"damage":0,"enemies":"Snecko","floor":30,"turns":2},{"damage":24,"enemies":"Book of Stabbing","floor":31,"turns":7},{"damage":94,"enemies":"Collector","floor":33,"turns":12},{"damage":14,"enemies":"3 Darklings","floor":35,"turns":6},{"damage":0,"enemies":"Orb Walker","floor":38,"turns":3},{"damage":47,"enemies":"Transient","floor":39,"turns":6},{"damage":18,"enemies":"Giant Head","floor":40,"turns":8},{"damage":51,"enemies":"Nemesis","floor":42,"turns":7},{"damage":58,"enemies":"Reptomancer","floor":45,"turns":5},{"damage":6,"enemies":"Writhing Mass","floor":47,"turns":5},{"damage":19,"enemies":"Giant Head","floor":48,"turns":6},{"damage":29,"enemies":"Time Eater","floor":50,"turns":9},{"damage":74,"enemies":"Awakened One","floor":51,"turns":11}],"seed_played":"8162951140101972046","potions_obtained":[{"floor":5,"key":"Block Potion"},{"floor":7,"key":"SteroidPotion"},{"floor":28,"key":"Energy Potion"},{"floor":33,"key":"Ancient Potion"},{"floor":34,"key":"Poison Potion"},{"floor":35,"key":"FairyPotion"},{"floor":42,"key":"GamblersBrew"},{"floor":47,"key":"Regen Potion"}],"is_trial":false,"path_per_floor":["M","M","M","?","M","R","M","M","T","M","E","R","M","E","R","B",null,"M","$","?","?","M","E","R","E","T","M","M","R","M","E","R","B",null,"M","$","?","M","M","E","R","E","T","?","E","$","M","E","R","B","B",null],"character_chosen":"IRONCLAD","items_purchased":["Disarm","Corruption","War Paint","Shrug It Off","Lee\u0027s Waffle"],"campfire_rested":0,"item_purchase_floors":[19,36,36,36,46],"current_hp_per_floor":[68,68,68,64,52,52,57,55,55,61,62,62,58,64,64,49,69,75,75,75,75,75,52,52,51,51,73,75,75,75,66,66,75,80,72,72,72,80,80,80,80,63,63,63,11,83,83,70,70,83,15],"gold":98,"neow_bonus":"ONE_RARE_RELIC","is_prod":false,"is_daily":false,"chose_seed":false,"campfire_upgraded":8,"win_rate":0,"timestamp":1564241519,"path_taken":["M","M","M","?","M","R","M","M","T","M","E","R","M","E","R","BOSS","M","$","?","?","M","E","R","E","T","M","M","R","M","E","R","BOSS","M","$","?","?","?","E","R","E","T","?","E","?","M","E","R","BOSS","BOSS"],"build_version":"2019-07-17","purchased_purges":2,"victory":true,"max_hp_per_floor":[68,68,68,75,75,75,75,75,75,75,75,75,75,75,75,75,75,75,75,75,75,75,75,75,75,75,75,75,75,75,75,75,75,80,80,80,80,80,80,80,80,80,80,76,76,83,83,83,83,83,83],"card_choices":[{"not_picked":["Heavy Blade","Thunderclap"],"picked":"Cleave","floor":1},{"not_picked":["Bloodletting","Seeing Red"],"picked":"Carnage","floor":2},{"not_picked":["Clash","Flex","Anger"],"picked":"SKIP","floor":3},{"not_picked":["Pommel Strike","Cleave"],"picked":"True Grit","floor":5},{"not_picked":["Dual Wield","Wild Strike"],"picked":"Shockwave","floor":7},{"not_picked":["Flex","Uppercut"],"picked":"Feel No Pain","floor":8},{"not_picked":["Pommel Strike","Metallicize","Shockwave"],"picked":"SKIP","floor":10},{"not_picked":["Rupture","Second Wind"],"picked":"Spot Weakness","floor":11},{"not_picked":["Clash","Flex","Combust"],"picked":"SKIP","floor":13},{"not_picked":["Perfected Strike","Brutality"],"picked":"Warcry","floor":14},{"not_picked":["Juggernaut","Demon Form"],"picked":"Reaper","floor":16},{"not_picked":["Cleave","Fire Breathing+1"],"picked":"Spot Weakness","floor":18},{"not_picked":["Ghostly Armor+1","Evolve"],"picked":"Battle Trance+1","floor":22},{"not_picked":["Sentinel","Cleave","Havoc"],"picked":"SKIP","floor":23},{"not_picked":["Wild Strike","Flex"],"picked":"Dual Wield","floor":25},{"not_picked":["Armaments","Flex+1","Body Slam"],"picked":"SKIP","floor":27},{"not_picked":["Body Slam+1","Anger"],"picked":"Second Wind","floor":28},{"not_picked":["Sever Soul","Wild Strike","Clothesline"],"picked":"SKIP","floor":30},{"not_picked":["Carnage","Clash","Sever Soul"],"picked":"SKIP","floor":31},{"not_picked":["Exhume","Feed"],"picked":"Demon Form","floor":33},{"not_picked":["Hemokinesis","Shockwave"],"picked":"Shrug It Off","floor":34},{"not_picked":["Anger","Perfected Strike","Iron Wave+1"],"picked":"SKIP","floor":35},{"not_picked":["Sever Soul","Iron Wave","Cleave"],"picked":"SKIP","floor":38},{"not_picked":["Carnage","Anger"],"picked":"Evolve+1","floor":39},{"not_picked":["Battle Trance+1","Flame Barrier"],"picked":"Offering","floor":40},{"not_picked":["Armaments","True Grit"],"picked":"Power Through","floor":42},{"not_picked":["Bloodletting","Second Wind","Uppercut"],"picked":"SKIP","floor":45},{"not_picked":["Carnage","Second Wind","True Grit"],"picked":"SKIP","floor":47},{"not_picked":["Carnage","Second Wind","True Grit"],"picked":"SKIP","floor":47},{"not_picked":["Searing Blow","Feed"],"picked":"Battle Trance","floor":48}],"player_experience":575827,"relics_obtained":[{"floor":9,"key":"Pen Nib"},{"floor":11,"key":"Bronze Scales"},{"floor":14,"key":"Vajra"},{"floor":23,"key":"Bag of Marbles"},{"floor":25,"key":"Happy Flower"},{"floor":26,"key":"Kunai"},{"floor":31,"key":"Shuriken"},{"floor":40,"key":"Whetstone"},{"floor":42,"key":"Bag of Preparation"},{"floor":45,"key":"Lantern"},{"floor":48,"key":"Anchor"}],"event_choices":[{"damage_healed":0,"gold_gain":0,"player_choice":"Success","damage_taken":11,"relics_obtained":["Strawberry"],"max_hp_gain":0,"max_hp_loss":0,"event_name":"Scrap Ooze","floor":4,"gold_loss":0},{"damage_healed":0,"gold_gain":0,"player_choice":"Simplicity","damage_taken":0,"max_hp_gain":0,"max_hp_loss":0,"event_name":"Back to Basics","floor":20,"gold_loss":0,"cards_upgraded":["Strike_R","Strike_R","Strike_R","Strike_R","Defend_R","Defend_R","Defend_R","Defend_R"]},{"damage_healed":0,"gold_gain":0,"player_choice":"Read","damage_taken":0,"max_hp_gain":0,"max_hp_loss":0,"event_name":"The Library","floor":21,"gold_loss":0,"cards_obtained":["Sword Boomerang"]},{"damage_healed":0,"gold_gain":0,"player_choice":"Got Potions","damage_taken":0,"max_hp_gain":0,"max_hp_loss":0,"event_name":"Lab","floor":37,"gold_loss":0},{"damage_healed":0,"gold_gain":0,"player_choice":"Max HP","damage_taken":0,"max_hp_gain":0,"max_hp_loss":4,"event_name":"Winding Halls","floor":44,"gold_loss":0}],"is_beta":false,"boss_relics":[{"not_picked":["Cursed Key","Eternal Feather"],"picked":"Coffee Dripper"},{"not_picked":["Lizard Tail","Calling Bell"],"picked":"Tiny House"}],"items_purged_floors":[19,36],"is_endless":false,"potions_floor_spawned":[5,7,8,13,16,22,28,30,33,35,42,47,48],"ascension_level":20}