{"gold_per_floor":[109,124,85,85,97,97,124,124,124,141,174,237,271,282,282,360,360,380,330,345,77,77,77,140,140,140,140,90,109,109,124,124,124],"floor_reached":33,"playtime":2034,"items_purged":["Anger+1","Bloodletting","Strike_R"],"score":616,"play_id":"12e3b34f-3215-422a-b8c4-33d0afe06d57","local_time":"20190824215641","is_ascension_mode":true,"campfire_choices":[{"data":"Anger","floor":6,"key":"SMITH"},{"data":"Metallicize","floor":8,"key":"SMITH"},{"data":"Dual Wield","floor":15,"key":"SMITH"},{"data":"Shockwave","floor":23,"key":"SMITH"},{"floor":25,"key":"REST"},{"floor":27,"key":"REST"},{"data":"Impervious","floor":32,"key":"SMITH"}],"neow_cost":"NONE","seed_source_timestamp":259915437542564,"circlet_count":0,"master_deck":["AscendersBane","Strike_R","Strike_R","Defend_R","Defend_R","Defend_R","Defend_R","Bash+1","Dual Wield+1","Metallicize+1","Shockwave+1","Feed","Impervious+1","Shrug It Off","Barricade","Heavy Blade","Corruption"],"relics":["Burning Blood","Bottled Tornado","Pear","Mummified Hand","Smiling Mask","Blue Candle","Snecko Eye","Membership Card","Tiny Chest"],"potions_floor_usage":[11,12,16,24,24],"damage_taken":[{"damage":6,"enemies":"Cultist","floor":1,"turns":3},{"damage":12,"enemies":"Jaw Worm","floor":2,"turns":2},{"damage":0,"enemies":"2 Louse","floor":5,"turns":3},{"damage":9,"enemies":"Lagavulin","floor":7,"turns":7},{"damage":5,"enemies":"Exordium Thugs","floor":10,"turns":5},{"damage":9,"enemies":"Gremlin Nob","floor":11,"turns":4},{"damage":35,"enemies":"Lagavulin Event","floor":12,"turns":6},{"damage":14,"enemies":"Lagavulin","floor":13,"turns":7},{"damage":8,"enemies":"3 Louse","floor":14,"turns":5},{"damage":38,"enemies":"Hexaghost","floor":16,"turns":14},{"damage":0,"enemies":"Spheric Guardian","floor":18,"turns":6},{"damage":26,"enemies":"Shell Parasite","floor":20,"turns":9},{"damage":54,"enemies":"Book of Stabbing","floor":24,"turns":7},{"damage":0,"enemies":"Centurion and Healer","floor":29,"turns":9},{"damage":0,"enemies":"3 Cultists","floor":31,"turns":6},{"damage":100,"enemies":"Collector","floor":33,"turns":15}],"seed_played":"6712062099460861035","potions_obtained":[{"floor":5,"key":"Block Potion"},{"floor":10,"key":"Strength Potion"},{"floor":12,"key":"Poison Potion"},{"floor":14,"key":"Block Potion"},{"floor":20,"key":"SkillPotion"},{"floor":29,"key":"SteroidPotion"}],"is_trial":false,"path_per_floor":["M","M","$","?","M","R","E","R","T","M","E","?","E","M","R","B",null,"M","$","M","$","?","R","E","R","T","R","$","M","?","M","R","B"],"character_chosen":"IRONCLAD","items_purchased":["Metallicize","Membership Card"],"campfire_rested":2,"item_purchase_floors":[3,21],"current_hp_per_floor":[68,62,62,62,68,68,65,65,75,79,76,47,42,43,43,14,76,85,85,68,68,58,58,13,44,44,75,75,84,84,93,93,0],"gold":124,"neow_bonus":"UPGRADE_CARD","is_prod":false,"is_daily":false,"chose_seed":false,"campfire_upgraded":5,"win_rate":0,"timestamp":1566651401,"path_taken":["M","M","$","?","M","R","E","R","T","?","E","?","E","M","R","BOSS","M","$","M","$","?","R","E","R","T","R","?","M","?","?","R","BOSS"],"build_version":"2019-07-17","purchased_purges":3,"victory":false,"max_hp_per_floor":[75,75,75,75,75,75,75,75,85,88,88,88,91,94,94,97,97,100,100,103,103,103,103,106,106,106,106,106,109,109,112,112,112],"card_choices":[{"not_picked":["Havoc","Thunderclap"],"picked":"Anger","floor":1},{"not_picked":["Perfected Strike","Wild Strike"],"picked":"Dual Wield","floor":2},{"not_picked":["Sentinel","Cleave"],"picked":"Shockwave","floor":5},{"not_picked":["Clothesline","Shrug It Off"],"picked":"Feed","floor":7},{"not_picked":["Rampage","Thunderclap","Flex"],"picked":"SKIP","floor":10},{"not_picked":["Body Slam","Pummel","Pommel Strike"],"picked":"SKIP","floor":11},{"not_picked":["Searing Blow","Shrug It Off"],"picked":"Impervious","floor":13},{"not_picked":["Havoc","True Grit"],"picked":"Shrug It Off","floor":14},{"not_picked":["Feed","Double Tap"],"picked":"Barricade","floor":16},{"not_picked":["Disarm","True Grit","Searing Blow"],"picked":"SKIP","floor":18},{"not_picked":["Armaments","Iron Wave","Dropkick"],"picked":"SKIP","floor":20},{"not_picked":["Pommel Strike","Wild Strike","Barricade"],"picked":"SKIP","floor":24},{"not_picked":["Warcry","Perfected Strike"],"picked":"Heavy Blade","floor":29},{"not_picked":["Dual Wield","Entrench"],"picked":"Corruption","floor":31}],"player_experience":606333,"relics_obtained":[{"floor":7,"key":"Bottled Tornado"},{"floor":9,"key":"Pear"},{"floor":11,"key":"Mummified Hand"},{"floor":12,"key":"Smiling Mask"},{"floor":13,"key":"Blue Candle"},{"floor":24,"key":"Tiny Chest"}],"event_choices":[{"damage_healed":0,"gold_gain":0,"cards_transformed":["Strike_R"],"player_choice":"Transformed","damage_taken":0,"max_hp_gain":0,"max_hp_loss":0,"event_name":"Transmorgrifier","floor":4,"gold_loss":0,"cards_obtained":["Bloodletting"]},{"damage_healed":0,"gold_gain":30,"player_choice":"Searched \u00272\u0027 times","damage_taken":0,"max_hp_gain":0,"max_hp_loss":0,"event_name":"Dead Adventurer","floor":12,"gold_loss":0},{"damage_healed":0,"gold_gain":0,"player_choice":"","damage_taken":10,"max_hp_gain":0,"max_hp_loss":0,"event_name":"Knowing Skull","floor":22,"potions_obtained":[],"gold_loss":0,"cards_obtained":[]},{"cards_removed":["Strike_R"],"damage_healed":0,"gold_gain":0,"player_choice":"Card Removal","damage_taken":0,"max_hp_gain":0,"max_hp_loss":0,"event_name":"Wheel of Change","floor":30,"gold_loss":0}],"is_beta":false,"boss_relics":[{"not_picked":["Pandora\u0027s Box","Eternal Feather"],"picked":"Snecko Eye"}],"items_purged_floors":[19,21,28],"is_endless":false,"potions_floor_spawned":[5,10,12,14,20,29],"killed_by":"Collector","ascension_level":20}