{"gold_per_floor":[114,130,1,14,30,30,4,4,4,39,39,39,39,72,72,196,196,209,233,133,133,133,133,133,133,185,203,203,228,2,13,13,110,110,126,145,160,35,55,55,65,79,79,92,92,106,58,58,58,58],"floor_reached":50,"playtime":4546,"items_purged":["Strike_G","Strike_G","Defend_G"],"score":497,"play_id":"7481d729-52c7-4536-96cf-11c1e026c28c","local_time":"20181124215556","is_ascension_mode":false,"campfire_choices":[{"data":"Neutralize","floor":6.0,"key":"SMITH"},{"data":"Dash","floor":8.0,"key":"SMITH"},{"data":"Dash","floor":11.0,"key":"SMITH"},{"floor":15.0,"key":"REST"},{"floor":23.0,"key":"RECALL"},{"data":"Finisher","floor":28.0,"key":"SMITH"},{"data":"Backflip","floor":32.0,"key":"SMITH"},{"data":"Die Die Die","floor":40.0,"key":"SMITH"},{"data":"Dagger Spray","floor":45.0,"key":"SMITH"},{"data":"Venomology","floor":49,"key":"SMITH"}],"neow_cost":"NONE","seed_source_timestamp":0,"circlet_count":0,"master_deck":["Defend_G","Defend_G","Defend_G","Defend_G","Strike_G","Strike_G","Survivor","Neutralize+1","Finisher+1","Dagger Spray+1","Backflip","Flying Knee","Dash+1","Backflip+1","Dash+1","Die Die Die+1","Blur","Escape Plan","Venomology+1","Slice+1","Blade Dance+1","Quick Slash+1","Distraction+1","Neutralize","Backflip+1"],"special_seed":0,"relics":["Ring of the Snake","Ninja Scroll","Blue Candle","Bloody Idol","Bottled Lightning","Busted Crown","Lantern","Mercury Hourglass","Happy Flower","White Beast Statue","Toxic Egg 2"],"potions_floor_usage":[50,50,50,50,50],"damage_taken":[{"damage":10.0,"enemies":"Small Slimes","floor":1.0,"turns":3.0},{"damage":0.0,"enemies":"2 Louse","floor":2.0,"turns":2.0},{"damage":0.0,"enemies":"Jaw Worm","floor":4.0,"turns":4.0},{"damage":3.0,"enemies":"Lots of Slimes","floor":5.0,"turns":3.0},{"damage":17.0,"enemies":"Gremlin Nob","floor":10.0,"turns":4.0},{"damage":0.0,"enemies":"3 Sentries","floor":14.0,"turns":6.0},{"damage":27.0,"enemies":"Slime Boss","floor":16.0,"turns":11.0},{"damage":0.0,"enemies":"3 Byrds","floor":18.0,"turns":2.0},{"damage":0.0,"enemies":"Spheric Guardian","floor":19.0,"turns":3.0},{"damage":0.0,"enemies":"Chosen and Byrds","floor":27.0,"turns":3.0},{"damage":14.0,"enemies":"Gremlin Leader","floor":29.0,"turns":12.0},{"damage":0.0,"enemies":"Snecko","floor":31.0,"turns":3.0},{"damage":65.0,"enemies":"Automaton","floor":33.0,"turns":16.0},{"damage":18.0,"enemies":"3 Darklings","floor":35.0,"turns":8.0},{"damage":2.0,"enemies":"3 Shapes","floor":36.0,"turns":2.0},{"damage":6.0,"enemies":"3 Darklings","floor":37.0,"turns":3.0},{"damage":0.0,"enemies":"Sphere and 2 Shapes","floor":39.0,"turns":2.0},{"damage":0.0,"enemies":"Jaw Worm Horde","floor":41.0,"turns":3.0},{"damage":0.0,"enemies":"Transient","floor":42.0,"turns":5.0},{"damage":4.0,"enemies":"3 Darklings","floor":44.0,"turns":3.0},{"damage":16.0,"enemies":"Maw","floor":46.0,"turns":3.0},{"damage":65,"enemies":"Time Eater","floor":50,"turns":9}],"seed_played":"-6992502461049769461","potions_obtained":[{"floor":1.0,"key":"AttackPotion"},{"floor":5.0,"key":"GamblersBrew"},{"floor":10.0,"key":"EssenceOfSteel"},{"floor":14.0,"key":"PowerPotion"},{"floor":18.0,"key":"Ancient Potion"},{"floor":29.0,"key":"Ancient Potion"},{"floor":31.0,"key":"Swift Potion"},{"floor":35.0,"key":"EssenceOfSteel"},{"floor":37.0,"key":"Explosive Potion"},{"floor":39.0,"key":"Ancient Potion"},{"floor":41.0,"key":"SkillPotion"},{"floor":42.0,"key":"Swift Potion"},{"floor":46.0,"key":"Dexterity Potion"}],"is_trial":false,"path_per_floor":["M","M","$","M","M","R","$","R","T","E","R","?","?","E","R","B",null,"M","M","$","?","?","R","?","?","T","M","R","E","$","M","R","B",null,"M","M","M","$","M","R","M","M","T","M","R","M","$","?","R","B"],"character_chosen":"THE_SILENT","items_purchased":["Flying Knee","Backflip","Happy Flower","Escape Plan","SteroidPotion"],"campfire_rested":1,"item_purchase_floors":[3,7,30,30,47],"current_hp_per_floor":[60,60,60,60,57,57,57,57,57,40,40,23,23,23,44,17,70,70,70,70,70,70,70,70,70,70,70,70,61,61,66,66,6,70,57,60,59,59,64,64,69,70,70,70,70,59,59,59,59,0],"gold":58,"neow_bonus":"TRANSFORM_CARD","is_prod":false,"is_daily":false,"chose_seed":false,"campfire_upgraded":8,"win_rate":0,"timestamp":1543121756,"path_taken":["M","M","$","M","M","R","$","R","T","E","R","?","?","E","R","BOSS","M","M","$","?","?","R","?","?","T","M","R","E","?","?","R","BOSS","M","M","M","?","M","R","M","M","T","M","R","M","$","?","R","BOSS"],"build_version":"2018-11-15","purchased_purges":3,"victory":false,"max_hp_per_floor":[70,70,70,70,70,70,70,70,70,70,70,70,70,70,70,70,70,70,70,70,70,70,70,70,70,70,70,70,70,70,70,70,70,70,70,70,70,70,70,70,70,70,70,70,70,70,70,70,70,70],"card_choices":[{"not_picked":["Caltrops","Underhanded Strike"],"picked":"Dagger Spray","floor":1.0},{"not_picked":["Flying Knee","Prepared"],"picked":"Backflip","floor":2.0},{"not_picked":["Expertise","Heel Hook","Quick Slash"],"picked":"SKIP","floor":4.0},{"not_picked":["Dagger Spray","Predator"],"picked":"Dash","floor":5.0},{"not_picked":["Bane","PiercingWail"],"picked":"Dash","floor":10.0},{"not_picked":["Flechettes","Underhanded Strike","Bane"],"picked":"SKIP","floor":14.0},{"not_picked":["Phantasmal Killer","Bullet Time"],"picked":"Die Die Die","floor":16.0},{"not_picked":["Choke+1"],"picked":"SKIP","floor":18.0},{"not_picked":["Riddle With Holes"],"picked":"SKIP","floor":19.0},{"not_picked":["Crippling Poison"],"picked":"SKIP","floor":27.0},{"not_picked":["Accuracy"],"picked":"SKIP","floor":29.0},{"not_picked":["Deadly Poison"],"picked":"SKIP","floor":31.0},{"not_picked":[],"picked":"Venomology","floor":33.0},{"not_picked":[],"picked":"Slice+1","floor":35.0},{"not_picked":[],"picked":"Blade Dance+1","floor":36.0},{"not_picked":["Blade Dance"],"picked":"SKIP","floor":37.0},{"not_picked":[],"picked":"Quick Slash+1","floor":39.0},{"not_picked":["Bane"],"picked":"SKIP","floor":41.0},{"not_picked":["Caltrops"],"picked":"SKIP","floor":42.0},{"not_picked":["Flying Knee"],"picked":"SKIP","floor":44.0},{"not_picked":[],"picked":"Distraction+1","floor":46.0}],"player_experience":1337151,"relics_obtained":[{"floor":9.0,"key":"Ninja Scroll"},{"floor":10.0,"key":"Blue Candle"},{"floor":14.0,"key":"Bottled Lightning"},{"floor":29.0,"key":"Mercury Hourglass"},{"floor":43.0,"key":"Toxic Egg 2"}],"event_choices":[{"damage_healed":0.0,"max_hp_gain":0.0,"max_hp_loss":0.0,"gold_gain":0.0,"event_name":"Golden Idol","player_choice":"Take Damage","floor":12.0,"gold_loss":0.0,"damage_taken":17.0,"relics_obtained":["Golden Idol"]},{"damage_healed":0.0,"max_hp_gain":0.0,"max_hp_loss":0.0,"gold_gain":0.0,"event_name":"Dead Adventurer","player_choice":"Searched \u00270\u0027 times","floor":13.0,"gold_loss":0.0,"damage_taken":0.0},{"damage_healed":0.0,"max_hp_gain":0.0,"max_hp_loss":0.0,"gold_gain":0.0,"event_name":"Forgotten Altar","player_choice":"Gave Idol","floor":21.0,"relics_lost":["Golden Idol"],"gold_loss":0.0,"damage_taken":0.0,"relics_obtained":["Bloody Idol"]},{"damage_healed":0.0,"max_hp_gain":0.0,"max_hp_loss":0.0,"gold_gain":0.0,"event_name":"Vampires","player_choice":"Ignored","floor":22.0,"gold_loss":0.0,"damage_taken":0.0},{"damage_healed":0.0,"max_hp_gain":0.0,"max_hp_loss":0.0,"gold_gain":0.0,"event_name":"The Mausoleum","player_choice":"Opened","floor":24.0,"gold_loss":0.0,"damage_taken":0.0,"relics_obtained":["Lantern"]},{"damage_healed":0.0,"max_hp_gain":0.0,"max_hp_loss":0.0,"gold_gain":0.0,"event_name":"The Library","player_choice":"Read","floor":25.0,"gold_loss":0.0,"damage_taken":0.0,"cards_obtained":["Blur"]},{"damage_healed":0.0,"max_hp_gain":0.0,"max_hp_loss":0.0,"gold_gain":0.0,"event_name":"Match and Keep!","player_choice":"2 cards matched","floor":48.0,"gold_loss":0.0,"damage_taken":0.0,"cards_obtained":["Neutralize","Backflip"]}],"is_beta":false,"boss_relics":[{"not_picked":["Philosopher\u0027s Stone","Empty Cage"],"picked":"Busted Crown"},{"not_picked":["Orrery","Velvet Choker"],"picked":"White Beast Statue"}],"items_purged_floors":[3,20,38],"is_endless":false,"potions_floor_spawned":[1,5,10,14,18,29,31,35,36,37,39,41,42,44,46],"killed_by":"Time Eater","ascension_level":0}