{"gold_per_floor":[113,113,35,45,59,59,74,74,101,276,289,320,320,338,338,437,437,453,453,453,464,479,479,479],"floor_reached":24,"playtime":3609,"items_purged":[],"score":198,"play_id":"b840c175-6b99-413a-9078-d2736b389092","local_time":"20181119213051","is_ascension_mode":false,"campfire_choices":[{"data":"Noxious Fumes","floor":6,"key":"SMITH"},{"data":"Neutralize","floor":8,"key":"SMITH"},{"data":"Sucker Punch","floor":13,"key":"SMITH"},{"data":"Catalyst","floor":15,"key":"SMITH"},{"floor":23,"key":"REST"}],"neow_cost":"NONE","seed_source_timestamp":8287550895882594,"circlet_count":0,"master_deck":["Defend_G","Defend_G","Defend_G","Defend_G+1","Defend_G","Strike_G","Strike_G","Strike_G","Strike_G","Strike_G","Survivor+1","Neutralize+1","Noxious Fumes+1","Well Laid Plans","Catalyst","Sucker Punch+1","Catalyst+1","Predator","Bane","Bane","Blur+1"],"relics":["Ring of the Snake","War Paint","Omamori","Lantern","Philosopher\u0027s Stone"],"potions_floor_usage":[14,16,16,16,21],"damage_taken":[{"damage":0,"enemies":"Small Slimes","floor":1,"turns":4},{"damage":0,"enemies":"Cultist","floor":4,"turns":4},{"damage":7,"enemies":"2 Louse","floor":5,"turns":3},{"damage":0,"enemies":"Exordium Wildlife","floor":7,"turns":4},{"damage":3,"enemies":"2 Fungi Beasts","floor":11,"turns":4},{"damage":19,"enemies":"Gremlin Nob","floor":12,"turns":5},{"damage":0,"enemies":"3 Louse","floor":14,"turns":2},{"damage":8,"enemies":"Hexaghost","floor":16,"turns":6},{"damage":13,"enemies":"Spheric Guardian","floor":18,"turns":4},{"damage":9,"enemies":"3 Byrds","floor":21,"turns":4},{"damage":10,"enemies":"Snecko","floor":22,"turns":6},{"damage":60,"enemies":"Book of Stabbing","floor":24,"turns":7}],"seed_played":"-5247371061829168024","potions_obtained":[{"floor":2,"key":"LiquidBronze"},{"floor":2,"key":"SneckoOil"},{"floor":2,"key":"Explosive Potion"},{"floor":7,"key":"Energy Potion"},{"floor":12,"key":"Dexterity Potion"},{"floor":14,"key":"SteroidPotion"},{"floor":18,"key":"Explosive Potion"}],"is_trial":false,"path_per_floor":["M","?","$","M","M","R","M","R","T","?","M","E","R","M","R","B",null,"M","?","?","M","M","R","E"],"character_chosen":"THE_SILENT","items_purchased":["Noxious Fumes"],"campfire_rested":1,"item_purchase_floors":[3],"current_hp_per_floor":[70,70,70,70,63,63,63,63,63,63,60,41,41,41,41,33,70,57,57,57,48,38,59,0],"gold":479,"neow_bonus":"RANDOM_COMMON_RELIC","is_prod":false,"is_daily":false,"chose_seed":false,"campfire_upgraded":4,"win_rate":0,"timestamp":1542688251,"path_taken":["M","?","?","?","M","R","M","R","T","?","M","E","R","M","R","BOSS","M","?","?","M","M","R","E"],"build_version":"2018-11-15","purchased_purges":0,"victory":false,"max_hp_per_floor":[70,70,70,70,70,70,70,70,70,70,70,70,70,70,70,70,70,70,70,70,70,70,70,70],"card_choices":[{"not_picked":["Dodge and Roll","Masterful Stab","Accuracy"],"picked":"SKIP","floor":1},{"not_picked":["Outmaneuver","Poisoned Stab"],"picked":"Well Laid Plans","floor":4},{"not_picked":["Storm of Steel","Deflect"],"picked":"Catalyst","floor":5},{"not_picked":["Underhanded Strike","Slice"],"picked":"Sucker Punch","floor":7},{"not_picked":["Masterful Stab","Calculated Gamble"],"picked":"Catalyst","floor":11},{"not_picked":["Storm of Steel","Skewer"],"picked":"Predator","floor":12},{"not_picked":["Blade Dance","Underhanded Strike"],"picked":"Bane","floor":14},{"not_picked":["PiercingWail+1","Catalyst"],"picked":"Bane","floor":18},{"not_picked":["Setup","Dagger Throw+1","Slice"],"picked":"SKIP","floor":21},{"not_picked":["Deadly Poison+1","Flechettes+1"],"picked":"Blur+1","floor":22}],"player_experience":1259066,"relics_obtained":[{"floor":9,"key":"Omamori"},{"floor":12,"key":"Lantern"}],"event_choices":[{"damage_healed":0,"gold_gain":0,"player_choice":"Got Potions","damage_taken":0,"max_hp_gain":0,"max_hp_loss":0,"event_name":"Lab","floor":2,"gold_loss":0},{"damage_healed":0,"gold_gain":175,"player_choice":"AGREE","damage_taken":0,"max_hp_gain":0,"max_hp_loss":0,"event_name":"Liars Game","floor":10,"gold_loss":0,"cards_obtained":["Doubt"]},{"damage_healed":0,"gold_gain":0,"player_choice":"Smashed Altar","damage_taken":0,"max_hp_gain":0,"max_hp_loss":0,"event_name":"Forgotten Altar","floor":19,"gold_loss":0,"cards_obtained":["Decay"]},{"damage_healed":0,"gold_gain":0,"player_choice":"Ignored","damage_taken":0,"max_hp_gain":0,"max_hp_loss":0,"event_name":"Ghosts","floor":20,"gold_loss":0}],"is_beta":false,"boss_relics":[{"not_picked":["Runic Dome","Lizard Tail"],"picked":"Philosopher\u0027s Stone"}],"items_purged_floors":[],"is_endless":false,"potions_floor_spawned":[7,11,12,14,18],"killed_by":"Book of Stabbing","ascension_level":0}