{"gold_per_floor":[115,132,132,57,72,97,71,89,389,402,402,418,429,460,460,460],"floor_reached":16,"playtime":691,"items_purged":["Strike_R"],"score":114,"play_id":"f5479c57-cdb7-4f0e-b128-255a6e008907","local_time":"20190418161614","is_ascension_mode":false,"campfire_choices":[{"data":"Seeing Red","floor":11,"key":"SMITH"},{"data":"Warcry","floor":15,"key":"SMITH"}],"neow_cost":"NONE","seed_source_timestamp":192811356942608,"circlet_count":0,"master_deck":["Strike_R","Strike_R","Strike_R","Defend_R","Defend_R","Defend_R","Defend_R","Bash","Rampage","Battle Trance","Iron Wave","Seeing Red+1","Rampage","Warcry+1","True Grit","Shrug It Off","Blood for Blood","Rage"],"relics":["Burning Blood","NeowsBlessing","Blue Candle","Old Coin","Ice Cream"],"potions_floor_usage":[13,13],"damage_taken":[{"damage":0,"enemies":"Small Slimes","floor":1,"turns":1},{"damage":0,"enemies":"Cultist","floor":2,"turns":1},{"damage":0,"enemies":"Jaw Worm","floor":5,"turns":1},{"damage":25,"enemies":"3 Sentries","floor":6,"turns":8},{"damage":16,"enemies":"Large Slime","floor":8,"turns":4},{"damage":5,"enemies":"Exordium Thugs","floor":10,"turns":5},{"damage":6,"enemies":"2 Fungi Beasts","floor":12,"turns":4},{"damage":0,"enemies":"Gremlin Gang","floor":13,"turns":3},{"damage":32,"enemies":"Gremlin Nob","floor":14,"turns":4},{"damage":32,"enemies":"The Guardian","floor":16,"turns":5}],"seed_played":"2989312787221398999","potions_obtained":[{"floor":1,"key":"FearPotion"},{"floor":5,"key":"AttackPotion"},{"floor":10,"key":"Dexterity Potion"},{"floor":12,"key":"Explosive Potion"}],"is_trial":false,"path_per_floor":["M","M","?","$","M","E","$","M","T","M","R","M","M","E","R","B"],"character_chosen":"IRONCLAD","items_purchased":["Warcry"],"campfire_rested":0,"item_purchase_floors":[7],"current_hp_per_floor":[80,80,80,80,80,61,61,51,51,52,52,52,58,32,32,0],"gold":460,"neow_bonus":"THREE_ENEMY_KILL","is_prod":false,"is_daily":false,"chose_seed":false,"campfire_upgraded":2,"win_rate":0,"timestamp":1555575374,"path_taken":["M","M","?","$","?","E","$","M","T","M","R","M","M","E","R","BOSS"],"build_version":"2019-01-23","purchased_purges":1,"victory":false,"max_hp_per_floor":[80,80,80,80,80,80,80,80,80,80,80,80,80,80,80,80],"card_choices":[{"not_picked":["Bloodletting","Clothesline"],"picked":"Rampage","floor":1},{"not_picked":["Intimidate","Shockwave"],"picked":"Battle Trance","floor":2},{"not_picked":["Cleave","Pummel"],"picked":"Seeing Red","floor":5},{"not_picked":["Infernal Blade","Second Wind"],"picked":"Rampage","floor":6},{"not_picked":["Clothesline","Fire Breathing"],"picked":"True Grit","floor":8},{"not_picked":["Headbutt","Combust"],"picked":"Shrug It Off","floor":10},{"not_picked":["Juggernaut","Burning Pact"],"picked":"Blood for Blood","floor":12},{"not_picked":["Carnage","Wild Strike","Reckless Charge"],"picked":"SKIP","floor":13},{"not_picked":["Feel No Pain","Battle Trance"],"picked":"Rage","floor":14}],"player_experience":64172,"relics_obtained":[{"floor":6,"key":"Blue Candle"},{"floor":9,"key":"Old Coin"},{"floor":14,"key":"Ice Cream"}],"event_choices":[{"cards_removed":["Strike_R"],"damage_healed":0,"gold_gain":0,"player_choice":"Took Card","damage_taken":0,"max_hp_gain":0,"max_hp_loss":0,"event_name":"NoteForYourself","floor":3,"gold_loss":0,"cards_obtained":["Iron Wave"]}],"is_beta":false,"boss_relics":[],"items_purged_floors":[4],"is_endless":false,"potions_floor_spawned":[1,5,10,12],"killed_by":"The Guardian","ascension_level":0}