{"gold_per_floor":[117,19,19,19,19,45,45,70,70,70,90,104,104,138,138,237,237,256,271,288,305,321,321],"floor_reached":23,"playtime":1556,"items_purged":["Strike_R"],"score":300,"play_id":"beb462f6-60d1-49c7-957a-61fcd3a01e38","local_time":"20190104012112","is_ascension_mode":true,"campfire_choices":[{"data":"Armaments","floor":7,"key":"SMITH"},{"data":"Intimidate","floor":10,"key":"SMITH"},{"data":"Heavy Blade","floor":13,"key":"SMITH"},{"data":"Pommel Strike","floor":15,"key":"SMITH"}],"neow_cost":"NONE","seed_source_timestamp":1234883971213120,"circlet_count":0,"master_deck":["Strike_R","Strike_R+1","Strike_R","Defend_R+1","Defend_R","Defend_R","Defend_R","Bash","Intimidate+1","Armaments+1","True Grit","Heavy Blade+1","Pommel Strike+1","Barricade","Entrench","Flame Barrier","Iron Wave"],"relics":["Burning Blood","NeowsBlessing","Bronze Scales","Orichalcum","Anchor","Shuriken","Philosopher\u0027s Stone"],"potions_floor_usage":[14,16,16,18,19,19,21,23],"damage_taken":[{"damage":0,"enemies":"2 Louse","floor":1,"turns":1},{"damage":0,"enemies":"Gremlin Nob","floor":6,"turns":1},{"damage":0,"enemies":"3 Sentries","floor":8,"turns":2},{"damage":0,"enemies":"Jaw Worm","floor":11,"turns":5},{"damage":0,"enemies":"Cultist","floor":12,"turns":4},{"damage":6,"enemies":"Gremlin Nob","floor":14,"turns":4},{"damage":29,"enemies":"Hexaghost","floor":16,"turns":7},{"damage":16,"enemies":"Chosen","floor":18,"turns":6},{"damage":8,"enemies":"3 Byrds","floor":19,"turns":2},{"damage":60,"enemies":"3 Cultists","floor":20,"turns":8},{"damage":7,"enemies":"Centurion and Healer","floor":21,"turns":17},{"damage":20,"enemies":"Snake Plant","floor":22,"turns":5},{"damage":8,"enemies":"Book of Stabbing","floor":23,"turns":2}],"seed_played":"4904278848246701127","potions_obtained":[{"floor":1,"key":"LiquidBronze"},{"floor":6,"key":"BloodPotion"},{"floor":11,"key":"LiquidBronze"},{"floor":14,"key":"Strength Potion"},{"floor":18,"key":"EntropicBrew"}],"is_trial":false,"path_per_floor":["M","$","?","$","?","E","R","E","T","R","M","M","R","E","R","B",null,"M","M","M","M","M","E"],"character_chosen":"IRONCLAD","items_purchased":["Armaments"],"campfire_rested":0,"item_purchase_floors":[2],"current_hp_per_floor":[80,80,64,64,57,63,63,69,69,69,75,80,80,80,80,57,80,78,76,22,21,7,0],"gold":321,"neow_bonus":"THREE_ENEMY_KILL","is_prod":false,"is_daily":false,"chose_seed":false,"campfire_upgraded":4,"win_rate":0,"timestamp":1546590072,"path_taken":["M","$","?","$","?","E","R","E","T","R","M","?","R","E","R","BOSS","M","M","?","M","M","E"],"build_version":"2019-01-03v3","purchased_purges":1,"victory":false,"max_hp_per_floor":[80,80,80,80,80,80,80,80,80,80,80,80,80,80,80,80,80,80,80,80,80,80,80],"card_choices":[{"not_picked":["Twin Strike","Warcry"],"picked":"Intimidate","floor":1},{"not_picked":["Seeing Red","Sword Boomerang"],"picked":"True Grit","floor":6},{"not_picked":["Power Through","Fire Breathing"],"picked":"Heavy Blade","floor":8},{"not_picked":["Sentinel","Sword Boomerang","Armaments"],"picked":"SKIP","floor":11},{"not_picked":["Havoc","Perfected Strike"],"picked":"Pommel Strike","floor":12},{"not_picked":["Feel No Pain","Twin Strike","Heavy Blade"],"picked":"SKIP","floor":14},{"not_picked":["Exhume","Offering"],"picked":"Barricade","floor":16},{"not_picked":["Dropkick","Infernal Blade","Anger+1"],"picked":"SKIP","floor":18},{"not_picked":["Clothesline+1","Thunderclap"],"picked":"Entrench","floor":19},{"not_picked":["Searing Blow+1","Sever Soul"],"picked":"Flame Barrier","floor":20},{"not_picked":["Heavy Blade","True Grit","Ghostly Armor"],"picked":"SKIP","floor":21},{"not_picked":["Sword Boomerang","Perfected Strike+1"],"picked":"Iron Wave","floor":22}],"player_experience":1669093,"relics_obtained":[{"floor":6,"key":"Bronze Scales"},{"floor":8,"key":"Orichalcum"},{"floor":9,"key":"Anchor"},{"floor":14,"key":"Shuriken"}],"event_choices":[{"damage_healed":0,"gold_gain":0,"player_choice":"Entered Light","damage_taken":16,"max_hp_gain":0,"max_hp_loss":0,"event_name":"Shining Light","floor":3,"gold_loss":0,"cards_upgraded":["Defend_R","Strike_R"]},{"cards_removed":["Strike_R"],"damage_healed":0,"gold_gain":0,"player_choice":"Card Removal","damage_taken":7,"max_hp_gain":0,"max_hp_loss":0,"event_name":"Golden Wing","floor":5,"gold_loss":0}],"is_beta":false,"boss_relics":[{"not_picked":["Black Star","Fusion Hammer"],"picked":"Philosopher\u0027s Stone"}],"items_purged_floors":[2],"is_endless":false,"potions_floor_spawned":[1,6,11,14,18],"killed_by":"Book of Stabbing","ascension_level":3}