{"path_per_floor":["M","M","$","M","M","R","M","R","T","?","R","?","$","M","R","B",null,"M","M","M","$","?","M","R","M","T","M","?","?","$","?","R","B",null,"M","?","?","M","$","M","R","$","T","M","R","?","M","?","R"],"character_chosen":"THE_SILENT","items_purchased":["FearPotion","Backflip","Flash of Steel","Backflip","Backstab"],"gold_per_floor":[118,134,8,24,0,0,18,18,91,91,91,91,41,54,54,158,158,177,194,211,111,161,175,175,194,194,210,210,210,36,36,36,141,141,159,159,0,15,15,34,34,34,88,102,102,102,119,164,164,164],"floor_reached":50,"campfire_rested":3,"playtime":6916,"current_hp_per_floor":[70,70,70,70,70,70,66,66,66,66,66,59,59,59,70,37,70,57,57,52,52,52,50,50,50,50,40,40,40,40,40,61,61,70,70,70,70,70,70,69,69,69,69,67,67,58,58,49,70,0],"items_purged":["Strike_G","Dagger Spray"],"gold":164,"score":482,"play_id":"02124518-cf5a-4bfb-9b54-aab84d48eeb1","local_time":"20180521225938","is_prod":false,"is_daily":false,"chose_seed":false,"is_ascension_mode":false,"campfire_upgraded":6,"timestamp":1526965178,"campfire_choices":[{"data":"Neutralize","floor":6.0,"key":"SMITH"},{"data":"Predator","floor":8.0,"key":"SMITH"},{"data":"Survivor","floor":11.0,"key":"SMITH"},{"floor":15.0,"key":"REST"},{"data":"Escape Plan","floor":24.0,"key":"SMITH"},{"floor":32.0,"key":"REST"},{"data":"Underhanded Strike","floor":41.0,"key":"SMITH"},{"data":"Flash of Steel","floor":45.0,"key":"SMITH"},{"floor":49,"key":"REST"}],"path_taken":["M","M","$","M","M","R","M","R","T","?","R","?","?","?","R","BOSS","M","?","M","$","?","M","R","M","T","M","?","?","$","?","R","BOSS","M","?","?","M","$","M","R","$","T","M","R","?","?","?","R","BOSS"],"build_version":"2018-05-17","seed_source_timestamp":0,"purchased_purges":2,"victory":false,"master_deck":["Survivor+1","Neutralize+1","Outmaneuver","Predator+1","Backflip","Escape Plan+1","Dagger Spray","Terror","Escape Plan","Underhanded Strike+1","Dagger Throw","Endless Agony","Acrobatics+1","Backstab+1","Footwork+1","Backflip","Flash of Steel+1","Backflip","Backstab","Die Die Die","Master of Strategy","Normality","Madness","Madness","Footwork"],"max_hp_per_floor":[70,70,70,70,70,70,70,70,70,70,70,70,70,70,70,70,70,70,70,70,70,70,70,70,70,70,70,70,70,70,70,70,70,70,70,70,70,70,70,70,70,70,70,70,70,70,70,70,70,70],"relics":["Ring of the Snake","Letter Opener","Bag of Marbles","Pandora\u0027s Box","Happy Flower","Cursed Key","Red Mask","Pen Nib","The Specimen"],"card_choices":[{"not_picked":["Concentrate","Cloak And Dagger","Quick Slash"],"picked":"SKIP","floor":1.0},{"not_picked":["Dodge and Roll","Endless Agony","Prepared"],"picked":"SKIP","floor":2.0},{"not_picked":["Heel Hook","Slice"],"picked":"Outmaneuver","floor":4.0},{"not_picked":["Prepared","Malaise"],"picked":"Predator","floor":5.0},{"not_picked":["Masterful Stab","Storm of Steel","Flying Knee"],"picked":"SKIP","floor":7.0},{"not_picked":["PiercingWail","Quick Slash","Accuracy"],"picked":"SKIP","floor":14.0},{"not_picked":["Prepared+1","PiercingWail"],"picked":"Acrobatics+1","floor":18.0},{"not_picked":["Poisoned Stab","Dagger Spray"],"picked":"Backstab+1","floor":19.0},{"not_picked":["Slice+1","Choke","Dodge and Roll"],"picked":"SKIP","floor":20.0},{"not_picked":["Choke","Flying Knee+1","Poisoned Stab"],"picked":"SKIP","floor":23.0},{"not_picked":["Finisher","Caltrops"],"picked":"Footwork","floor":25.0},{"not_picked":["Malaise","Blade Dance","Masterful Stab"],"picked":"SKIP","floor":27.0},{"not_picked":["Glass Knife","Wraith Form v2"],"picked":"Die Die Die","floor":33.0},{"not_picked":["Finisher+1","PiercingWail","Dagger Spray"],"picked":"SKIP","floor":35.0},{"not_picked":["Secret Weapon","Deep Breath"],"picked":"Master of Strategy","floor":36.0},{"not_picked":["Underhanded Strike","Endless Agony+1","Riddle With Holes+1"],"picked":"SKIP","floor":38.0},{"not_picked":["Deadly Poison+1","Slice+1","Cloak And Dagger+1"],"picked":"SKIP","floor":40.0},{"not_picked":["Infinite Blades","Quick Slash+1","Dagger Throw"],"picked":"SKIP","floor":44.0},{"not_picked":["Deflect+1","Finisher"],"picked":"Footwork","floor":47.0}],"player_experience":606998,"potions_floor_usage":[50,50,50],"damage_taken":[{"damage":0.0,"enemies":"Jaw Worm","floor":1.0,"turns":5.0},{"damage":0.0,"enemies":"Small Slimes","floor":2.0,"turns":4.0},{"damage":0.0,"enemies":"Cultist","floor":4.0,"turns":4.0},{"damage":0.0,"enemies":"Looter","floor":5.0,"turns":5.0},{"damage":4.0,"enemies":"2 Fungi Beasts","floor":7.0,"turns":4.0},{"damage":0.0,"enemies":"3 Louse","floor":14.0,"turns":4.0},{"damage":33.0,"enemies":"The Guardian","floor":16.0,"turns":13.0},{"damage":13.0,"enemies":"2 Thieves","floor":18.0,"turns":3.0},{"damage":0.0,"enemies":"Spheric Guardian","floor":19.0,"turns":3.0},{"damage":5.0,"enemies":"Slaver and Parasite","floor":20.0,"turns":5.0},{"damage":2.0,"enemies":"Sentry and Sphere","floor":23.0,"turns":4.0},{"damage":0.0,"enemies":"Snecko","floor":25.0,"turns":2.0},{"damage":10.0,"enemies":"Slaver and Parasite","floor":27.0,"turns":4.0},{"damage":0.0,"enemies":"Automaton","floor":33.0,"turns":9.0},{"damage":0.0,"enemies":"3 Shapes","floor":35.0,"turns":3.0},{"damage":0.0,"enemies":"Orb Walker","floor":38.0,"turns":1.0},{"damage":1.0,"enemies":"4 Shapes","floor":40.0,"turns":3.0},{"damage":2.0,"enemies":"Sphere and 2 Shapes","floor":44.0,"turns":4.0},{"damage":0.0,"enemies":"Maw","floor":47.0,"turns":6.0},{"damage":9.0,"enemies":"Mysterious Sphere","floor":48.0,"turns":3.0},{"damage":74,"enemies":"Donu and Deca","floor":50,"turns":8}],"relics_obtained":[{"floor":9.0,"key":"Letter Opener"},{"floor":26.0,"key":"Happy Flower"},{"floor":43.0,"key":"Pen Nib"},{"floor":48.0,"key":"The Specimen"}],"event_choices":[{"event_name":"Liars Game","player_choice":"disagreed","floor":10.0,"damage_taken":0.0},{"event_name":"Scrap Ooze","player_choice":"success","floor":12.0,"damage_taken":7.0},{"event_name":"The Joust","player_choice":"Bet on Murderer","floor":22.0,"damage_taken":0.0},{"event_name":"Duplicator","player_choice":"One dupe","floor":28.0,"damage_taken":0.0},{"event_name":"Accursed Blacksmith","player_choice":"Forge","floor":29.0,"damage_taken":0.0},{"event_name":"Addict","player_choice":"Ignored","floor":31.0,"damage_taken":0.0},{"event_name":"SensoryStone","player_choice":"Memory 1","floor":36.0,"damage_taken":0.0},{"event_name":"Tomb of Lord Red Mask","player_choice":"Paid","floor":37.0,"damage_taken":0.0},{"event_name":"Winding Halls","player_choice":"Embrace Madness","floor":46.0,"damage_taken":0.0},{"event_name":"Mysterious Sphere","player_choice":"Fight","floor":48.0,"damage_taken":0.0}],"boss_relics":[],"potions_floor_spawned":[1,2,4,19,20,25,27,35,44,47,48],"seed_played":"-4044896182463500772","killed_by":"Donu and Deca","ascension_level":0,"potions_obtained":[{"floor":1.0,"key":"GamblersBrew"},{"floor":2.0,"key":"LiquidBronze"},{"floor":4.0,"key":"GhostInAJar"},{"floor":19.0,"key":"GhostInAJar"},{"floor":20.0,"key":"Ancient Potion"},{"floor":25.0,"key":"SneckoOil"},{"floor":27.0,"key":"Dexterity Potion"},{"floor":35.0,"key":"FearPotion"},{"floor":44.0,"key":"Ancient Potion"},{"floor":47.0,"key":"Dexterity Potion"},{"floor":48.0,"key":"AttackPotion"}],"is_trial":false}