{"gold_per_floor":[119,40,6,20,32,32,32,32,32,32,47,59,59,78,78,180,180,153,170,170],"floor_reached":20,"playtime":779,"items_purged":[],"score":166,"play_id":"ab9bd77d-5bf0-418b-95f0-e573a1b99c68","local_time":"20190808172204","is_ascension_mode":false,"campfire_choices":[{"data":"Caltrops","floor":6,"key":"SMITH"},{"floor":13,"key":"REST"},{"data":"Prepared","floor":15,"key":"SMITH"}],"neow_cost":"NONE","seed_source_timestamp":301685839767165,"circlet_count":0,"master_deck":["Strike_G","Strike_G","Strike_G","Strike_G","Defend_G","Defend_G","Defend_G","Defend_G","Defend_G","Survivor","Neutralize","Slice","Caltrops+1","Prepared+1","Calculated Gamble+1","Deflect","Adrenaline","Dagger Spray+1"],"relics":["Ring of the Snake","Snake Skull","Bronze Scales","Runic Pyramid"],"potions_floor_usage":[11,16],"damage_taken":[{"damage":2,"enemies":"2 Louse","floor":1,"turns":3},{"damage":0,"enemies":"Jaw Worm","floor":4,"turns":5},{"damage":0,"enemies":"Small Slimes","floor":5,"turns":3},{"damage":2,"enemies":"Looter","floor":11,"turns":3},{"damage":9,"enemies":"3 Louse","floor":12,"turns":4},{"damage":0,"enemies":"Blue Slaver","floor":14,"turns":4},{"damage":42,"enemies":"The Guardian","floor":16,"turns":17},{"damage":26,"enemies":"2 Thieves","floor":18,"turns":5},{"damage":25,"enemies":"Spheric Guardian","floor":19,"turns":8},{"damage":22,"enemies":"Centurion and Healer","floor":20,"turns":10}],"seed_played":"3525998401855568768","potions_obtained":[{"floor":11,"key":"Fruit Juice"},{"floor":14,"key":"Block Potion"},{"floor":16,"key":"Strength Potion"}],"is_trial":false,"path_per_floor":["M","$","?","M","M","R","?","$","T","?","M","M","R","M","R","B",null,"M","M","M"],"character_chosen":"THE_SILENT","items_purchased":["Caltrops"],"campfire_rested":1,"item_purchase_floors":[2],"current_hp_per_floor":[68,68,68,68,68,68,68,68,68,61,64,55,75,75,75,33,75,49,24,2],"gold":170,"neow_bonus":"RANDOM_COMMON_RELIC","is_prod":false,"is_daily":false,"chose_seed":false,"campfire_upgraded":2,"win_rate":0,"timestamp":1565256124,"path_taken":["M","$","?","M","M","R","?","$","T","?","?","M","R","M","R","BOSS","M","M","M"],"build_version":"2019-07-17","purchased_purges":0,"victory":false,"max_hp_per_floor":[70,70,70,70,70,70,70,70,70,70,75,75,75,75,75,75,75,75,75,75],"card_choices":[{"not_picked":["Underhanded Strike","Dagger Throw"],"picked":"Slice","floor":1},{"not_picked":["Slice","Outmaneuver"],"picked":"Prepared","floor":4},{"not_picked":["Deadly Poison","Slice"],"picked":"Calculated Gamble","floor":5},{"not_picked":["Well Laid Plans","Finisher"],"picked":"Deflect","floor":11},{"not_picked":["Bane","Blade Dance","Prepared"],"picked":"SKIP","floor":12},{"not_picked":["Doppelganger","Bane","Sucker Punch"],"picked":"SKIP","floor":14},{"not_picked":["Grand Finale","Corpse Explosion"],"picked":"Adrenaline","floor":16},{"not_picked":["Terror","Riddle With Holes"],"picked":"Dagger Spray+1","floor":18},{"not_picked":["Dagger Throw","Heel Hook","Deadly Poison+1"],"picked":"SKIP","floor":19}],"player_experience":145509,"relics_obtained":[{"floor":9,"key":"Bronze Scales"}],"event_choices":[{"damage_healed":0,"gold_gain":0,"player_choice":"Left Gold","damage_taken":0,"max_hp_gain":0,"max_hp_loss":0,"event_name":"World of Goop","floor":3,"gold_loss":34},{"damage_healed":0,"gold_gain":0,"player_choice":"Grow","damage_taken":0,"max_hp_gain":0,"max_hp_loss":0,"event_name":"Living Wall","floor":7,"gold_loss":0,"cards_upgraded":["Calculated Gamble"]},{"cards_removed":["Strike_G"],"damage_healed":0,"gold_gain":0,"player_choice":"Card Removal","damage_taken":7,"max_hp_gain":0,"max_hp_loss":0,"event_name":"Golden Wing","floor":10,"gold_loss":0}],"is_beta":false,"boss_relics":[{"not_picked":["Coffee Dripper","Snecko Eye"],"picked":"Runic Pyramid"}],"items_purged_floors":[],"is_endless":false,"potions_floor_spawned":[11,14,16],"killed_by":"Centurion and Healer","ascension_level":0}