{"path_per_floor":["M","M","$","M","M","R","M","R","T","M","R","?","M","M","R","B",null,"M","?","?","$","M","R"],"character_chosen":"IRONCLAD","items_purchased":[],"gold_per_floor":[116,133,58,72,84,84,102,102,173,193,193,193,207,217,217,320,320,338,338,338,238,253,253,253],"floor_reached":24,"campfire_rested":2,"playtime":4600,"current_hp_per_floor":[41,47,47,52,42,42,41,41,41,56,56,49,50,54,78,27,80,61,61,61,61,51,75,0],"items_purged":["Strike_R","Defend_R"],"gold":253,"score":190,"play_id":"dea43b90-b2ed-402a-9a3b-5bc7e4340ab4","local_time":"20180415125511","is_prod":false,"is_daily":false,"chose_seed":false,"is_ascension_mode":false,"campfire_upgraded":3,"timestamp":1523818511,"path_taken":["M","M","$","M","M","R","M","R","T","M","R","?","M","M","R","BOSS","M","?","?","$","M","R","E"],"build_version":"2018-04-12","seed_source_timestamp":697382811724272,"purchased_purges":2,"victory":false,"master_deck":["Strike_R","Strike_R","Strike_R","Defend_R","Defend_R","Defend_R","Sentinel","Rampage+1","Pommel Strike","Shrug It Off+1","Iron Wave+1","Barricade","Shrug It Off"],"max_hp_per_floor":[80,80,80,80,80,80,80,80,80,80,80,80,80,80,80,80,80,80,80,80,80,80,80,80],"relics":["Black Blood","Letter Opener","Self Forming Clay","Omamori"],"card_choices":[{"not_picked":["Heavy Blade","Sever Soul"],"picked":"Sentinel","floor":1},{"not_picked":["Pummel","Iron Wave"],"picked":"Rampage","floor":2},{"not_picked":["Sever Soul","Thunderclap"],"picked":"Pommel Strike","floor":4},{"not_picked":["Disarm","Havoc"],"picked":"Shrug It Off","floor":5},{"not_picked":["Anger","Shockwave"],"picked":"Iron Wave","floor":7},{"not_picked":["Feed","Juggernaut"],"picked":"Barricade","floor":16}],"player_experience":158254,"potions_floor_usage":[5,10,13,16,24,24],"damage_taken":[{"damage":5,"enemies":"Small Slimes","floor":1,"turns":4},{"damage":0,"enemies":"2 Louse","floor":2,"turns":6},{"damage":1,"enemies":"Jaw Worm","floor":4,"turns":5},{"damage":16,"enemies":"Exordium Thugs","floor":5,"turns":6},{"damage":7,"enemies":"Looter","floor":7,"turns":3},{"damage":3,"enemies":"2 Fungi Beasts","floor":10,"turns":5},{"damage":5,"enemies":"Exordium Thugs","floor":13,"turns":6},{"damage":2,"enemies":"Blue Slaver","floor":14,"turns":4},{"damage":57,"enemies":"Hexaghost","floor":16,"turns":11},{"damage":29,"enemies":"Spheric Guardian","floor":18,"turns":6},{"damage":20,"enemies":"Chosen","floor":22,"turns":7},{"damage":78,"enemies":"Gremlin Leader","floor":24,"turns":9}],"event_choices":[{"event_name":"Scrap Ooze","player_choice":"success","floor":12,"damage_taken":7},{"event_name":"The Mausoleum","player_choice":"Yes","floor":19,"damage_taken":0},{"event_name":"The Library","player_choice":"Read","floor":20,"damage_taken":0}],"boss_relics":[{"not_picked":["Lizard Tail","Cursed Key"],"picked":"Black Blood"}],"potions_floor_spawned":[2,4,7,10,14,18],"seed_played":"-3397386701670333193","killed_by":"Gremlin Leader","ascension_level":0,"is_trial":false}