{"gold_per_floor":[110,125,137,151,164,164,194,194,194,206,206,238,254,267,267,363,363,378,392,51,51,51,51,51],"floor_reached":24,"playtime":1719,"items_purged":[],"score":240,"play_id":"e3e2f94a-2659-4f3b-a8ba-079ca904d4a2","local_time":"20181125200126","is_ascension_mode":true,"campfire_choices":[{"data":"Core Surge","floor":6,"key":"SMITH"},{"data":"Ball Lightning","floor":8,"key":"SMITH"},{"data":"Self Repair","floor":11,"key":"SMITH"},{"data":"Glacier","floor":15,"key":"SMITH"},{"data":"Echo Form","floor":23,"key":"SMITH"}],"neow_cost":"TEN_PERCENT_HP_LOSS","seed_source_timestamp":0,"circlet_count":0,"master_deck":["Strike_B","Strike_B","Strike_B","Strike_B","Defend_B","Defend_B","Defend_B","Defend_B","Zap","Dualcast","Core Surge+1","Compile Driver","Compile Driver","Self Repair+1","Ball Lightning+1","Barrage+1","Auto Shields","Coolheaded","Glacier+1","Echo Form+1","Conserve Battery+1","Capacitor","Echo Form"],"special_seed":0,"relics":["FrozenCore","Molten Egg 2","Question Card","Meat on the Bone","Sling","Potion Belt"],"potions_floor_usage":[16,16,24],"damage_taken":[{"damage":1.0,"enemies":"Cultist","floor":1.0,"turns":3.0},{"damage":0,"enemies":"2 Louse","floor":2,"turns":2},{"damage":5,"enemies":"Small Slimes","floor":3,"turns":2},{"damage":11,"enemies":"Blue Slaver","floor":4,"turns":3},{"damage":13,"enemies":"2 Fungi Beasts","floor":5,"turns":3},{"damage":5,"enemies":"Lots of Slimes","floor":10,"turns":3},{"damage":20,"enemies":"3 Sentries","floor":12,"turns":6},{"damage":17,"enemies":"3 Louse","floor":13,"turns":3},{"damage":7,"enemies":"Exordium Wildlife","floor":14,"turns":5},{"damage":42,"enemies":"Hexaghost","floor":16,"turns":12},{"damage":16,"enemies":"Chosen","floor":18,"turns":6},{"damage":18,"enemies":"3 Byrds","floor":19,"turns":6},{"damage":42,"enemies":"Book of Stabbing","floor":24,"turns":7}],"seed_played":"6385549380894621276","potions_obtained":[{"floor":1,"key":"SneckoOil"},{"floor":12,"key":"SpeedPotion"},{"floor":13,"key":"Regen Potion"},{"floor":14,"key":"PowerPotion"},{"floor":18,"key":"SkillPotion"}],"is_trial":false,"path_per_floor":["M","M","M","M","M","M","R","?","R","T","M","R","E","M","M","R","B",null,"M","M","$","?","?","R","E"],"character_chosen":"DEFECT","items_purchased":["Sling","Potion Belt"],"campfire_rested":0,"item_purchase_floors":[20,20],"current_hp_per_floor":[67,67,62,51,45,45,45,45,45,47,47,37,42,45,45,27,68,62,54,54,54,42,42,0],"gold":51,"neow_bonus":"THREE_RARE_CARDS","is_prod":false,"is_daily":false,"chose_seed":false,"campfire_upgraded":5,"win_rate":0,"timestamp":1543197686,"path_taken":["M","M","M","M","M","R","?","R","T","M","R","E","M","M","R","BOSS","M","M","$","?","?","R","E"],"build_version":"2018-11-15","purchased_purges":0,"victory":false,"max_hp_per_floor":[68,68,68,68,68,68,68,68,68,68,68,68,68,68,68,68,68,68,68,68,68,73,73,73],"card_choices":[{"not_picked":["All For One","Fission"],"picked":"Core Surge","floor":0.0},{"not_picked":["Storm","Beam Cell"],"picked":"Compile Driver","floor":1},{"not_picked":["Turbo","Chaos"],"picked":"Compile Driver","floor":2},{"not_picked":["Streamline","Turbo","Sweeping Beam"],"picked":"SKIP","floor":3},{"not_picked":["Turbo","Gash"],"picked":"Self Repair","floor":4},{"not_picked":["Go for the Eyes","Self Repair"],"picked":"Ball Lightning","floor":5},{"not_picked":["Hologram","Compile Driver+1","Streamline+1"],"picked":"Barrage+1","floor":10},{"not_picked":["Blizzard+1","Darkness","Beam Cell+1"],"picked":"Auto Shields","floor":12},{"not_picked":["Fission","Reprogram","Beam Cell+1"],"picked":"Coolheaded","floor":13},{"not_picked":["Streamline+1","Rebound+1","Hologram"],"picked":"Glacier","floor":14},{"not_picked":["Buffer","Thunder Strike+1","Seek"],"picked":"Echo Form","floor":16},{"not_picked":["Streamline+1","Leap","Barrage+1"],"picked":"Conserve Battery+1","floor":18},{"not_picked":["Auto Shields+1","Tempest","Cold Snap+1"],"picked":"Capacitor","floor":19}],"player_experience":305907,"relics_obtained":[{"floor":9,"key":"Question Card"},{"floor":12,"key":"Meat on the Bone"}],"event_choices":[{"damage_healed":0,"gold_gain":30,"player_choice":"Searched \u00272\u0027 times","damage_taken":0,"relics_obtained":["Molten Egg 2"],"max_hp_gain":0,"max_hp_loss":0,"event_name":"Dead Adventurer","floor":7,"gold_loss":0},{"damage_healed":0,"gold_gain":0,"player_choice":"Read","damage_taken":0,"max_hp_gain":0,"max_hp_loss":0,"event_name":"The Library","floor":21,"gold_loss":0,"cards_obtained":["Echo Form"]},{"damage_healed":0,"gold_gain":0,"player_choice":"Shed Blood","damage_taken":17,"max_hp_gain":5,"max_hp_loss":0,"event_name":"Forgotten Altar","floor":22,"gold_loss":0}],"is_beta":false,"boss_relics":[{"not_picked":["Velvet Choker","Sozu"],"picked":"FrozenCore"}],"items_purged_floors":[],"is_endless":false,"potions_floor_spawned":[1,12,13,14,18],"killed_by":"Book of Stabbing","ascension_level":4}