{"path_per_floor":["M","?","M","M","M","E","R","M","T","R","M","M","M","M","R","B",null,"M","?","M","$","M","R","M","R","T","R","?","R","$","M","R","B",null,"M","M","$","M","?","T","E","?","T","$","?","T","M","?","R","B"],"character_chosen":"THE_SILENT","items_purchased":["Kunai","Footwork","Snake Skull","Backflip","Panacea"],"gold_per_floor":[115,75,85,95,108,140,140,158,188,188,205,205,220,235,235,338,338,352,352,370,50,62,62,73,73,99,99,99,99,23,43,43,139,169,187,207,33,51,51,126,152,152,179,32,81,132,142,0,0,0],"floor_reached":51,"campfire_rested":1,"playtime":9738,"current_hp_per_floor":[70,70,75,74,74,67,67,67,67,67,67,67,67,67,67,20,75,61,61,61,61,58,75,75,75,75,75,75,75,75,75,75,50,80,80,80,80,80,80,80,80,90,90,90,90,90,90,90,90,75],"items_purged":["Defend_G","Writhe"],"gold":0,"score":706,"play_id":"7231c9f7-3f63-4f94-8a6f-027a8565e96d","local_time":"20180523000652","is_prod":false,"is_daily":false,"chose_seed":false,"is_ascension_mode":false,"campfire_upgraded":7,"timestamp":1527055612,"campfire_choices":[{"data":"Survivor","floor":7.0,"key":"SMITH"},{"data":"Deflect","floor":10.0,"key":"SMITH"},{"data":"Dash","floor":15.0,"key":"SMITH"},{"floor":23,"key":"REST"},{"data":"Acrobatics","floor":25,"key":"SMITH"},{"data":"Tactician","floor":27,"key":"SMITH"},{"data":"Backflip","floor":29,"key":"SMITH"},{"data":"Noxious Fumes","floor":32,"key":"SMITH"},{"floor":49,"key":"DIG"}],"path_taken":["M","?","M","?","M","E","R","M","T","R","M","M","M","?","R","BOSS","M","?","M","$","M","R","M","R","T","R","?","R","?","M","R","BOSS","M","M","$","M","?","?","E","?","T","$","?","?","M","?","R","BOSS"],"build_version":"2018-05-17","seed_source_timestamp":0,"purchased_purges":2,"victory":true,"master_deck":["Defend_G+1","Defend_G+1","Defend_G+1","Defend_G+1","Strike_G+1","Strike_G+1","Strike_G+1","Strike_G+1","Strike_G+1","Survivor+1","Neutralize+1","Backflip+1","Deflect+1","Well Laid Plans+1","Dash+1","Tactician+1","Acrobatics+1","Footwork","Noxious Fumes+1","Poisoned Stab+1","Terror+1","Backflip+1","Crippling Poison+1","Catalyst+1","Panacea","Blur+1"],"max_hp_per_floor":[70,70,75,75,75,75,75,75,75,75,75,75,75,75,75,75,75,75,75,75,75,75,75,75,75,75,75,75,75,75,75,75,75,80,80,80,80,80,80,80,80,90,90,90,90,90,90,90,90,90],"relics":["Ring of the Snake","Dodecahedron","Tiny Chest","Sozu","Kunai","Juzu Bracelet","Tiny House","Snake Skull","Smiling Mask","Potion Belt","Pear","War Paint","Shovel","Bag of Preparation","Red Mask","Oddly Smooth Stone"],"card_choices":[{"not_picked":["Predator","Heel Hook","Slice"],"picked":"SKIP","floor":1.0},{"not_picked":["Catalyst","Dagger Throw","Prepared"],"picked":"SKIP","floor":3.0},{"not_picked":["Prepared","Dagger Throw"],"picked":"Backflip","floor":4.0},{"not_picked":["All Out Attack","Eviscerate"],"picked":"Deflect","floor":5.0},{"not_picked":["Calculated Gamble","Expertise"],"picked":"Well Laid Plans","floor":6.0},{"not_picked":["Eviscerate","Cloak And Dagger","Bouncing Flask"],"picked":"SKIP","floor":8.0},{"not_picked":["Concentrate","Poisoned Stab","Dagger Throw"],"picked":"SKIP","floor":11.0},{"not_picked":["Unload","Dagger Spray"],"picked":"Dash","floor":13.0},{"not_picked":["Skewer","Flying Knee","PiercingWail"],"picked":"SKIP","floor":14.0},{"not_picked":["Wraith Form v2","A Thousand Cuts"],"picked":"Tactician","floor":16.0},{"not_picked":["Poisoned Stab","Bane"],"picked":"Acrobatics","floor":18},{"not_picked":["PiercingWail","Dodge and Roll","Endless Agony"],"picked":"SKIP","floor":20},{"not_picked":["Dodge and Roll","Flying Knee","Dagger Throw"],"picked":"SKIP","floor":22},{"not_picked":["Dagger Throw+1","PiercingWail+1","Choke"],"picked":"SKIP","floor":24},{"not_picked":["Dagger Throw+1","PiercingWail+1","Choke"],"picked":"SKIP","floor":24},{"not_picked":["Dash","Prepared+1"],"picked":"Noxious Fumes","floor":31},{"not_picked":["All Out Attack","Blade Dance"],"picked":"Poisoned Stab+1","floor":34},{"not_picked":["Dagger Spray","Infinite Blades","Outmaneuver+1"],"picked":"SKIP","floor":35},{"not_picked":["Escape Plan","Setup"],"picked":"Terror+1","floor":36},{"not_picked":["Backstab","Flechettes+1"],"picked":"Crippling Poison+1","floor":38},{"not_picked":["Skewer+1","Flying Knee"],"picked":"Catalyst+1","floor":41},{"not_picked":["Deadly Poison","Dagger Throw+1"],"picked":"Blur+1","floor":47}],"player_experience":613914,"potions_floor_usage":[],"damage_taken":[{"damage":0.0,"enemies":"Small Slimes","floor":1.0,"turns":5.0},{"damage":0.0,"enemies":"Cultist","floor":3.0,"turns":5.0},{"damage":1.0,"enemies":"2 Louse","floor":4.0,"turns":3.0},{"damage":0.0,"enemies":"Blue Slaver","floor":5.0,"turns":5.0},{"damage":7.0,"enemies":"3 Sentries","floor":6.0,"turns":14.0},{"damage":0.0,"enemies":"3 Louse","floor":8.0,"turns":4.0},{"damage":0.0,"enemies":"Exordium Wildlife","floor":11.0,"turns":5.0},{"damage":0.0,"enemies":"Gremlin Gang","floor":12.0,"turns":1.0},{"damage":0.0,"enemies":"Blue Slaver","floor":13.0,"turns":5.0},{"damage":0.0,"enemies":"Exordium Wildlife","floor":14.0,"turns":4.0},{"damage":47.0,"enemies":"Hexaghost","floor":16.0,"turns":18.0},{"damage":14,"enemies":"Chosen","floor":18,"turns":11},{"damage":0,"enemies":"Shell Parasite","floor":20,"turns":5},{"damage":3,"enemies":"3 Cultists","floor":22,"turns":7},{"damage":0,"enemies":"Centurion and Healer","floor":24,"turns":7},{"damage":0,"enemies":"Chosen and Byrds","floor":31,"turns":8},{"damage":25,"enemies":"Collector","floor":33,"turns":12},{"damage":0,"enemies":"Orb Walker","floor":35,"turns":4},{"damage":0,"enemies":"3 Darklings","floor":36,"turns":5},{"damage":0,"enemies":"Sphere and 2 Shapes","floor":38,"turns":6},{"damage":0,"enemies":"2 Orb Walkers","floor":41,"turns":5},{"damage":0,"enemies":"Mysterious Sphere","floor":45,"turns":5},{"damage":0,"enemies":"Maw","floor":47,"turns":6},{"damage":15,"enemies":"Time Eater","floor":50,"turns":14}],"relics_obtained":[{"floor":6.0,"key":"Dodecahedron"},{"floor":9.0,"key":"Tiny Chest"},{"floor":26,"key":"Juzu Bracelet"},{"floor":40,"key":"Smiling Mask"},{"floor":41,"key":"Potion Belt"},{"floor":43,"key":"War Paint"},{"floor":45,"key":"Shovel"},{"floor":46,"key":"Bag of Preparation"},{"floor":49,"key":"Oddly Smooth Stone"}],"event_choices":[{"event_name":"The Woman in Blue","player_choice":"Bought 3 Potions","floor":2.0,"damage_taken":0.0},{"event_name":"Back to Basics","player_choice":"Simplicity","floor":19,"damage_taken":0},{"event_name":"Drug Dealer","player_choice":"Ignored","floor":28,"damage_taken":0},{"event_name":"Winding Halls","player_choice":"Writhe","floor":39,"damage_taken":0},{"event_name":"Wheel of Change","player_choice":"Relic","floor":42,"damage_taken":0},{"event_name":"Mysterious Sphere","player_choice":"Fight","floor":45,"damage_taken":0},{"event_name":"Tomb of Lord Red Mask","player_choice":"Paid","floor":48,"damage_taken":0}],"boss_relics":[{"not_picked":["Calling Bell","Runic Dome"],"picked":"Sozu"},{"not_picked":["Runic Pyramid","Cursed Key"],"picked":"Tiny House"}],"potions_floor_spawned":[1,5,11,12,13,18,22,31,38,45,47],"seed_played":"-5032735428223738778","ascension_level":0,"potions_obtained":[{"floor":1.0,"key":"SpeedPotion"},{"floor":2.0,"key":"Fruit Juice"},{"floor":2.0,"key":"SmokeBomb"},{"floor":5.0,"key":"SteroidPotion"},{"floor":11.0,"key":"Ancient Potion"},{"floor":13.0,"key":"Fire Potion"}],"is_trial":false}