{"gold_per_floor":[119,69,79,79,94,94,129,147,170,170,181,191,191,191,191,295,295,307,320,336,64,76,76,101,101,182,182,202,216,216,131,131,226,226,242,130,130,144,154,154,189,207,230,230,245,256,270,270,270,270,270,270,40,69,69],"floor_reached":56,"playtime":7169,"items_purged":["Normality"],"score":1183,"play_id":"356f00f6-4fc4-4f36-92b8-5807f0e34033","local_time":"20181127000240","is_ascension_mode":false,"campfire_choices":[{"data":"Neutralize","floor":6.0,"key":"SMITH"},{"floor":10.0,"key":"REST"},{"floor":13.0,"key":"REST"},{"data":"Predator","floor":15.0,"key":"SMITH"},{"data":"Envenom","floor":23.0,"key":"SMITH"},{"data":"Dash","floor":25.0,"key":"SMITH"},{"data":"Blade Dance","floor":27.0,"key":"SMITH"},{"data":"Accuracy","floor":30.0,"key":"SMITH"},{"floor":32.0,"key":"REST"},{"floor":40.0,"key":"RECALL"},{"floor":49.0,"key":"REST"},{"floor":52.0,"key":"REST"}],"neow_cost":"NONE","seed_source_timestamp":0,"circlet_count":0,"master_deck":["Defend_G","Defend_G","Defend_G+1","Defend_G+1","Strike_G","Strike_G","Strike_G","Survivor","Neutralize+1","Flying Knee","Caltrops","Predator+1","Dash+1","Terror","Envenom+1","Skewer","Dodge and Roll+1","Cloak And Dagger+1","Accuracy+1","Blade Dance+1","Caltrops","Acrobatics+1","Tools of the Trade","Flechettes","Well Laid Plans","Prepared+1","Backflip+1","Blur"],"special_seed":0,"relics":["Ring of the Snake","PreservedInsect","Oddly Smooth Stone","Shuriken","Cursed Key","Mummified Hand","War Paint","Ninja Scroll","Kunai","Fusion Hammer","Pantograph","Sundial","Bronze Scales","Dodecahedron"],"potions_floor_usage":[55,55,55,55,55],"damage_taken":[{"damage":2.0,"enemies":"Small Slimes","floor":1.0,"turns":5.0},{"damage":1.0,"enemies":"Cultist","floor":3.0,"turns":4.0},{"damage":0.0,"enemies":"Jaw Worm","floor":5.0,"turns":4.0},{"damage":43.0,"enemies":"3 Sentries","floor":7.0,"turns":12.0},{"damage":19.0,"enemies":"Gremlin Gang","floor":8.0,"turns":5.0},{"damage":1.0,"enemies":"3 Louse","floor":11.0,"turns":2.0},{"damage":7.0,"enemies":"2 Fungi Beasts","floor":12.0,"turns":4.0},{"damage":7.0,"enemies":"Hexaghost","floor":16.0,"turns":8.0},{"damage":14.0,"enemies":"2 Thieves","floor":18.0,"turns":5.0},{"damage":4.0,"enemies":"Chosen","floor":19.0,"turns":4.0},{"damage":1.0,"enemies":"Shelled Parasite and Fungi","floor":20.0,"turns":6.0},{"damage":0.0,"enemies":"Snecko","floor":22.0,"turns":4.0},{"damage":0.0,"enemies":"Book of Stabbing","floor":24.0,"turns":4.0},{"damage":9.0,"enemies":"3 Cultists","floor":28.0,"turns":4.0},{"damage":0.0,"enemies":"Centurion and Healer","floor":29.0,"turns":3.0},{"damage":18.0,"enemies":"Automaton","floor":33.0,"turns":10.0},{"damage":1.0,"enemies":"Orb Walker","floor":35.0,"turns":3.0},{"damage":0.0,"enemies":"3 Shapes","floor":38.0,"turns":3.0},{"damage":0.0,"enemies":"Writhing Mass","floor":39.0,"turns":3.0},{"damage":11.0,"enemies":"Reptomancer","floor":41.0,"turns":6.0},{"damage":3.0,"enemies":"Transient","floor":42.0,"turns":5.0},{"damage":3.0,"enemies":"Jaw Worm Horde","floor":45.0,"turns":3.0},{"damage":0.0,"enemies":"Spire Growth","floor":46.0,"turns":3.0},{"damage":0.0,"enemies":"4 Shapes","floor":47.0,"turns":7.0},{"damage":43.0,"enemies":"Time Eater","floor":50.0,"turns":10.0},{"damage":55,"enemies":"Shield and Spear","floor":54,"turns":5},{"damage":31,"enemies":"The Heart","floor":55,"turns":8}],"seed_played":"2455330341786119182","potions_obtained":[{"floor":5.0,"key":"SpeedPotion"},{"floor":7.0,"key":"LiquidBronze"},{"floor":12.0,"key":"Weak Potion"},{"floor":20.0,"key":"Block Potion"},{"floor":22.0,"key":"Block Potion"},{"floor":24.0,"key":"SpeedPotion"},{"floor":38.0,"key":"GhostInAJar"},{"floor":42.0,"key":"PowerPotion"},{"floor":44.0,"key":"EntropicBrew"},{"floor":54,"key":"Energy Potion"}],"is_trial":false,"path_per_floor":["M","?","M","?","M","R","E","M","T","R","M","M","R","T","R","B",null,"M","M","M","$","M","R","E","R","T","R","M","M","R","?","R","B",null,"M","$","?","M","M","R","E","M","T","?","M","M","M","?","R","B",null,"R","$","E","B",null],"character_chosen":"THE_SILENT","items_purchased":["Accuracy","Mummified Hand","Well Laid Plans","Bronze Scales","Blur"],"campfire_rested":5,"item_purchase_floors":[21,21,36,53,53],"current_hp_per_floor":[68,68,67,67,67,67,24,5,5,26,25,18,39,39,39,32,70,56,52,51,51,51,51,51,51,51,51,42,42,42,42,63,45,70,69,69,69,69,69,69,58,55,55,55,52,52,52,52,70,27,70,70,70,15,9],"gold":69,"neow_bonus":"REMOVE_CARD","is_prod":false,"is_daily":false,"chose_seed":false,"campfire_upgraded":6,"win_rate":0,"timestamp":1543302160,"path_taken":["M","?","M","?","M","R","E","?","T","R","M","M","R","?","R","BOSS","M","M","M","$","M","R","E","R","T","R","M","?","R","?","R","BOSS","M","$","?","M","?","R","E","M","T","?","M","M","?","?","R","BOSS","R","$","E","BOSS"],"build_version":"2018-11-15","purchased_purges":1,"victory":true,"max_hp_per_floor":[70,70,70,70,70,70,70,70,70,70,70,70,70,70,70,70,70,70,70,70,70,70,70,70,70,70,70,70,70,70,70,70,70,70,70,70,70,70,70,70,70,70,70,70,70,70,70,70,70,70,70,70,70,70,70],"card_choices":[{"not_picked":["Underhanded Strike","Poisoned Stab","Slice"],"picked":"SKIP","floor":1.0},{"not_picked":["Dagger Throw","Quick Slash"],"picked":"Flying Knee","floor":3.0},{"not_picked":["Underhanded Strike","Bane"],"picked":"Caltrops","floor":5.0},{"not_picked":["Choke","Expertise"],"picked":"Predator","floor":7.0},{"not_picked":["Finisher","Heel Hook","Riddle With Holes"],"picked":"SKIP","floor":8.0},{"not_picked":["Underhanded Strike","Deflect"],"picked":"Dash","floor":11.0},{"not_picked":["Cloak And Dagger","Catalyst"],"picked":"Terror","floor":12.0},{"not_picked":["Glass Knife","Wraith Form v2"],"picked":"Envenom","floor":16.0},{"not_picked":["Bouncing Flask","Reflex"],"picked":"Skewer","floor":18.0},{"not_picked":["Poisoned Stab","Endless Agony+1"],"picked":"Dodge and Roll+1","floor":19.0},{"not_picked":["Underhanded Strike","Flying Knee"],"picked":"Cloak And Dagger+1","floor":20.0},{"not_picked":["Dagger Spray","Bane"],"picked":"Blade Dance","floor":22.0},{"not_picked":["Masterful Stab","Underhanded Strike+1"],"picked":"Caltrops","floor":24.0},{"not_picked":["Concentrate","Skewer"],"picked":"Acrobatics+1","floor":28.0},{"not_picked":["Bane","Prepared","Grand Finale"],"picked":"SKIP","floor":29.0},{"not_picked":["Die Die Die","Bullet Time"],"picked":"Tools of the Trade","floor":33.0},{"not_picked":["Quick Slash+1","Blade Dance"],"picked":"Flechettes","floor":35.0},{"not_picked":["Blade Dance","Deflect","Finisher+1"],"picked":"SKIP","floor":38.0},{"not_picked":["Slice+1","Calculated Gamble+1","Deadly Poison"],"picked":"SKIP","floor":39.0},{"not_picked":["Predator+1","Poisoned Stab","Endless Agony"],"picked":"SKIP","floor":41.0},{"not_picked":["Outmaneuver+1","Setup+1"],"picked":"Prepared+1","floor":42.0},{"not_picked":["Slice","Acrobatics+1","Prepared"],"picked":"SKIP","floor":45.0},{"not_picked":["Underhanded Strike","Infinite Blades","Predator"],"picked":"SKIP","floor":46.0},{"not_picked":["Predator","Distraction"],"picked":"Backflip+1","floor":47.0},{"not_picked":["Accuracy+1","Distraction","Prepared"],"picked":"SKIP","floor":54}],"player_experience":1353696,"relics_obtained":[{"floor":7.0,"key":"PreservedInsect"},{"floor":9.0,"key":"Oddly Smooth Stone"},{"floor":14.0,"key":"Shuriken"},{"floor":24.0,"key":"War Paint"},{"floor":26.0,"key":"Ninja Scroll"},{"floor":41.0,"key":"Sundial"},{"floor":54,"key":"Dodecahedron"}],"event_choices":[{"cards_removed":["Defend_G"],"damage_healed":0.0,"max_hp_gain":0.0,"max_hp_loss":0.0,"gold_gain":0.0,"event_name":"The Cleric","player_choice":"Card Removal","floor":2.0,"gold_loss":50.0,"damage_taken":0.0},{"cards_removed":["Strike_G"],"damage_healed":0.0,"max_hp_gain":0.0,"max_hp_loss":0.0,"gold_gain":0.0,"event_name":"Bonfire Elementals","player_choice":"Offered Basic","floor":4.0,"gold_loss":0.0,"damage_taken":0.0},{"damage_healed":0.0,"max_hp_gain":0.0,"max_hp_loss":0.0,"gold_gain":0.0,"event_name":"Addict","player_choice":"Obtained Relic","floor":31.0,"gold_loss":85.0,"damage_taken":0.0,"relics_obtained":["Kunai"]},{"damage_healed":0.0,"max_hp_gain":0.0,"max_hp_loss":0.0,"gold_gain":0.0,"event_name":"WeMeetAgain","player_choice":"Gave Potion","floor":37.0,"gold_loss":0.0,"damage_taken":0.0,"relics_obtained":["Pantograph"]},{"damage_healed":0.0,"max_hp_gain":0.0,"max_hp_loss":0.0,"gold_gain":0.0,"event_name":"Lab","player_choice":"Got Potions","floor":44.0,"gold_loss":0.0,"damage_taken":0.0},{"cards_removed":["Clumsy"],"damage_healed":0.0,"max_hp_gain":0.0,"max_hp_loss":0.0,"gold_gain":0.0,"event_name":"Wheel of Change","player_choice":"Card Removal","floor":48.0,"gold_loss":0.0,"damage_taken":0.0}],"is_beta":false,"boss_relics":[{"not_picked":["Pandora\u0027s Box","Empty Cage"],"picked":"Cursed Key"},{"not_picked":["Runic Dome","Coffee Dripper"],"picked":"Fusion Hammer"}],"items_purged_floors":[36],"is_endless":false,"potions_floor_spawned":[5,7,12,20,22,24,28,38,42,47,54],"ascension_level":0}