{"gold_per_floor":[114,189,189,189,189,189,223,242,266,278,306,335,379,409,421,536,548,573,574,151,151,251,251,262,262,312,337,337,366,378,35,35,130,130,142,142,154,170,270,286,286,17,17,17,35,35,67,80,80,80],"floor_reached":51,"playtime":3262,"items_purged":["Strike_B","Writhe","Strike_B"],"score":1020,"play_id":"e4fa5d4b-6745-4cd1-9be5-c46240d4ca06","local_time":"20181222180416","is_ascension_mode":true,"campfire_choices":[{"data":"Defend_B","floor":6.0,"key":"SMITH"},{"floor":10.0,"key":"REST"},{"data":"Defragment","floor":15.0,"key":"SMITH"},{"data":"Electrodynamics","floor":23.0,"key":"SMITH"},{"data":"Cold Snap","floor":25.0,"key":"SMITH"},{"floor":28.0,"key":"REST"},{"floor":32.0,"key":"REST"},{"data":"Sunder","floor":41.0,"key":"SMITH"},{"data":"Ball Lightning","floor":44.0,"key":"SMITH"},{"data":"Seek","floor":46.0,"key":"SMITH"},{"floor":49,"key":"REST"}],"neow_cost":"NONE","seed_source_timestamp":1058077484574223,"circlet_count":0,"master_deck":["Strike_B","Strike_B","Defend_B+1","Defend_B","Defend_B+1","Defend_B+1","Zap+1","Dualcast+1","Hologram+1","Defragment+1","Cold Snap+1","Leap","Self Repair","Ball Lightning+1","Electrodynamics+1","FTL+1","Conserve Battery","Chill+1","Defragment","Sunder+1","Core Surge+1","Decay","Barrage+1","Seek+1"],"special_seed":0,"relics":["Cracked Core","NeowsBlessing","Bag of Marbles","MawBank","Potion Belt","Nuclear Battery","Membership Card","Singing Bowl","Bag of Preparation","Bronze Scales","Orichalcum","The Courier","War Paint","Molten Egg 2","Vajra","TheAbacus","Centennial Puzzle","Inserter","WingedGreaves","Mummified Hand","Pantograph","Anchor","Pear"],"potions_floor_usage":[50,50,50,50],"damage_taken":[{"damage":0.0,"enemies":"2 Louse","floor":1.0,"turns":1.0},{"damage":0.0,"enemies":"3 Sentries","floor":7.0,"turns":1.0},{"damage":0.0,"enemies":"Small Slimes","floor":8.0,"turns":1.0},{"damage":0.0,"enemies":"Cultist","floor":11.0,"turns":3.0},{"damage":8.0,"enemies":"Blue Slaver","floor":12.0,"turns":2.0},{"damage":6.0,"enemies":"Gremlin Nob","floor":13.0,"turns":3.0},{"damage":0.0,"enemies":"Exordium Wildlife","floor":14.0,"turns":3.0},{"damage":14.0,"enemies":"Slime Boss","floor":16.0,"turns":8.0},{"damage":7.0,"enemies":"Shell Parasite","floor":18.0,"turns":4.0},{"damage":15.0,"enemies":"2 Thieves","floor":19.0,"turns":4.0},{"damage":17.0,"enemies":"Snecko","floor":24.0,"turns":5.0},{"damage":27.0,"enemies":"Book of Stabbing","floor":27.0,"turns":5.0},{"damage":3.0,"enemies":"Slavers","floor":29.0,"turns":2.0},{"damage":28.0,"enemies":"Centurion and Healer","floor":30.0,"turns":5.0},{"damage":36.0,"enemies":"Collector","floor":33.0,"turns":10.0},{"damage":2.0,"enemies":"3 Darklings","floor":35.0,"turns":4.0},{"damage":0.0,"enemies":"Orb Walker","floor":37.0,"turns":2.0},{"damage":23.0,"enemies":"Maw","floor":38.0,"turns":8.0},{"damage":0.0,"enemies":"Mind Bloom Boss Battle","floor":39.0,"turns":4.0},{"damage":13.0,"enemies":"Jaw Worm Horde","floor":40.0,"turns":3.0},{"damage":0.0,"enemies":"Spire Growth","floor":45.0,"turns":4.0},{"damage":39.0,"enemies":"Nemesis","floor":47.0,"turns":5.0},{"damage":0,"enemies":"4 Shapes","floor":48,"turns":3},{"damage":49,"enemies":"Time Eater","floor":50,"turns":10}],"seed_played":"-3719286711633399122","potions_obtained":[{"floor":11.0,"key":"SteroidPotion"},{"floor":12.0,"key":"SteroidPotion"},{"floor":13.0,"key":"SkillPotion"},{"floor":19.0,"key":"GamblersBrew"},{"floor":24.0,"key":"Energy Potion"},{"floor":33.0,"key":"EssenceOfSteel"},{"floor":40.0,"key":"FearPotion"},{"floor":45.0,"key":"Poison Potion"},{"floor":48,"key":"Explosive Potion"}],"is_trial":false,"path_per_floor":["M","?","?","?","?","R","E","M","T","R","M","M","E","M","R","B",null,"M","M","$","?","?","R","M","R","T","E","R","E","M","$","R","B",null,"M","?","M","M","?","M","R","$","T","R","M","R","E","M","R","B",null],"character_chosen":"DEFECT","items_purchased":["Membership Card","Singing Bowl","Bag of Preparation","Molten Egg 2","Vajra","TheAbacus","Centennial Puzzle","Mummified Hand","Pantograph"],"campfire_rested":4,"item_purchase_floors":[20,20,20,31,31,31,31,42,42],"current_hp_per_floor":[68,57,42,47,47,47,47,47,47,71,71,63,57,64,64,57,74,74,66,66,66,66,66,56,56,56,36,60,59,38,38,62,33,70,77,77,79,65,74,68,68,68,68,68,75,75,55,64,95,62],"gold":80,"neow_bonus":"THREE_ENEMY_KILL","is_prod":false,"is_daily":false,"chose_seed":false,"campfire_upgraded":7,"win_rate":0,"timestamp":1545530656,"path_taken":["M","?","?","?","?","R","E","M","T","R","?","M","E","M","R","BOSS","M","M","$","?","?","R","?","R","T","E","R","E","M","$","R","BOSS","M","?","M","?","?","M","R","$","T","R","M","R","E","M","R","BOSS"],"build_version":"2018-12-20","purchased_purges":3,"victory":true,"max_hp_per_floor":[75,75,75,80,80,80,80,80,80,80,80,80,80,80,80,80,80,80,80,80,80,80,80,80,80,80,80,80,82,82,82,82,82,82,84,84,86,88,90,90,90,90,90,90,90,90,102,104,104,104],"card_choices":[{"not_picked":["Sweeping Beam","Redo","Recycle"],"picked":"SKIP","floor":1.0},{"not_picked":["Scrape","Streamline"],"picked":"Hologram","floor":7.0},{"not_picked":["Hello World","Auto Shields"],"picked":"Defragment","floor":8.0},{"not_picked":["Rip and Tear","Go for the Eyes"],"picked":"Cold Snap","floor":11.0},{"not_picked":["Rainbow","Steam"],"picked":"Leap","floor":12.0},{"not_picked":["Ball Lightning","Go for the Eyes"],"picked":"Self Repair","floor":13.0},{"not_picked":["Steam","Go for the Eyes"],"picked":"Ball Lightning","floor":14.0},{"not_picked":["Creative AI","Biased Cognition"],"picked":"Electrodynamics","floor":16.0},{"not_picked":["Streamline","Conserve Battery"],"picked":"FTL+1","floor":18.0},{"not_picked":["Sunder","Redo"],"picked":"Conserve Battery","floor":19.0},{"not_picked":["Static Discharge+1","Undo"],"picked":"Chill+1","floor":24.0},{"not_picked":["FTL","Sweeping Beam"],"picked":"Defragment","floor":27.0},{"not_picked":["Aggregate","Steam Power","FTL+1"],"picked":"Singing Bowl","floor":29.0},{"not_picked":["Coolheaded","Steam"],"picked":"Sunder","floor":30.0},{"not_picked":["All For One+1","Thunder Strike+1"],"picked":"Core Surge+1","floor":33.0},{"not_picked":["Ball Lightning+1","Turbo","Stack+1"],"picked":"Singing Bowl","floor":35.0},{"not_picked":["Capacitor","Hologram+1","Turbo+1"],"picked":"Singing Bowl","floor":37.0},{"not_picked":["Hologram+1","Turbo+1","Defragment"],"picked":"Singing Bowl","floor":38.0},{"not_picked":["Capacitor","BootSequence+1","Rebound+1"],"picked":"Singing Bowl","floor":39.0},{"not_picked":["Loop","Static Discharge+1"],"picked":"Barrage+1","floor":40.0},{"not_picked":["Rip and Tear+1","Gash+1"],"picked":"Seek","floor":45.0},{"not_picked":["Redo","Beam Cell+1","Loop+1"],"picked":"Singing Bowl","floor":47.0},{"not_picked":["Sweeping Beam+1","Leap","Compile Driver+1"],"picked":"Singing Bowl","floor":48}],"player_experience":445134,"relics_obtained":[{"floor":7.0,"key":"Bag of Marbles"},{"floor":9.0,"key":"MawBank"},{"floor":13.0,"key":"Potion Belt"},{"floor":26.0,"key":"Orichalcum"},{"floor":27.0,"key":"The Courier"},{"floor":29.0,"key":"War Paint"},{"floor":39.0,"key":"WingedGreaves"},{"floor":43.0,"key":"Anchor"},{"floor":47.0,"key":"Pear"}],"event_choices":[{"damage_healed":0.0,"max_hp_gain":0.0,"max_hp_loss":0.0,"gold_gain":75.0,"event_name":"World of Goop","player_choice":"Gather Gold","floor":2.0,"gold_loss":0.0,"damage_taken":11.0},{"damage_healed":0.0,"max_hp_gain":0.0,"max_hp_loss":0.0,"gold_gain":0.0,"event_name":"Shining Light","player_choice":"Entered Light","floor":3.0,"gold_loss":0.0,"damage_taken":15.0,"cards_upgraded":["Zap","Defend_B"]},{"damage_healed":0.0,"max_hp_gain":5.0,"max_hp_loss":0.0,"gold_gain":0.0,"event_name":"Big Fish","player_choice":"Donut","floor":4.0,"gold_loss":0.0,"damage_taken":0.0},{"damage_healed":0.0,"max_hp_gain":0.0,"max_hp_loss":0.0,"gold_gain":0.0,"event_name":"Accursed Blacksmith","player_choice":"Forge","floor":5.0,"gold_loss":0.0,"damage_taken":0.0,"cards_upgraded":["Dualcast"]},{"damage_healed":0.0,"max_hp_gain":0.0,"max_hp_loss":0.0,"gold_gain":0.0,"event_name":"The Mausoleum","player_choice":"Opened","floor":21.0,"gold_loss":0.0,"damage_taken":0.0,"relics_obtained":["Bronze Scales"],"cards_obtained":["Writhe"]},{"damage_healed":0.0,"max_hp_gain":0.0,"max_hp_loss":0.0,"gold_gain":100.0,"event_name":"Golden Shrine","player_choice":"Pray","floor":22.0,"gold_loss":0.0,"damage_taken":0.0},{"damage_healed":0.0,"max_hp_gain":0.0,"max_hp_loss":0.0,"gold_gain":0.0,"event_name":"Wheel of Change","player_choice":"Cursed","floor":36.0,"gold_loss":0.0,"damage_taken":0.0,"cards_obtained":["Decay"]},{"damage_healed":0.0,"max_hp_gain":0.0,"max_hp_loss":0.0,"gold_gain":0.0,"event_name":"MindBloom","player_choice":"Fight","floor":39.0,"gold_loss":0.0,"damage_taken":0.0}],"is_beta":false,"boss_relics":[{"not_picked":["Orrery","Sozu"],"picked":"Nuclear Battery"},{"not_picked":["Astrolabe","Cursed Key"],"picked":"Inserter"}],"items_purged_floors":[20,31,42],"is_endless":false,"potions_floor_spawned":[11,12,13,19,24,33,40,45,48],"ascension_level":7}