{"gold_per_floor":[112,112,130,24,34,59,59,72,145,145,157,170,188,205,205,205],"floor_reached":16,"playtime":562,"items_purged":[],"score":111,"play_id":"b34fdd34-29cc-4b75-b566-862b200e3116","local_time":"20190419183203","is_ascension_mode":true,"campfire_choices":[{"data":"1","floor":7,"key":"LIFT"},{"data":"2","floor":10,"key":"LIFT"},{"floor":15,"key":"REST"}],"neow_cost":"NONE","seed_source_timestamp":27891556746430,"circlet_count":0,"master_deck":["Strike_B","Strike_B","Strike_B","Strike_B","Defend_B","Defend_B","Defend_B","Defend_B","Zap","Dualcast","Multi-Cast","Conserve Battery","Capacitor","FTL","Capacitor","Chill","Skim","Cold Snap+1","Sunder+1","Darkness","Cold Snap+1"],"relics":["Cracked Core","GremlinMask","Girya","Molten Egg 2"],"potions_floor_usage":[],"damage_taken":[{"damage":20,"enemies":"Jaw Worm","floor":1,"turns":4},{"damage":0,"enemies":"Cultist","floor":3,"turns":3},{"damage":3,"enemies":"Small Slimes","floor":5,"turns":4},{"damage":21,"enemies":"Lagavulin","floor":6,"turns":8},{"damage":2,"enemies":"Exordium Wildlife","floor":8,"turns":3},{"damage":6,"enemies":"3 Louse","floor":11,"turns":4},{"damage":3,"enemies":"Exordium Thugs","floor":12,"turns":5},{"damage":5,"enemies":"Exordium Wildlife","floor":13,"turns":2},{"damage":6,"enemies":"2 Fungi Beasts","floor":14,"turns":5},{"damage":33,"enemies":"Slime Boss","floor":16,"turns":3}],"seed_played":"8638030534390541837","potions_obtained":[{"floor":1,"key":"FearPotion"},{"floor":6,"key":"Weak Potion"},{"floor":11,"key":"SteroidPotion"}],"is_trial":false,"path_per_floor":["M","?","M","$","M","E","R","M","T","R","M","M","M","M","R","B"],"character_chosen":"DEFECT","items_purchased":["FTL","Capacitor"],"campfire_rested":1,"item_purchase_floors":[4,4],"current_hp_per_floor":[55,55,55,55,52,31,31,29,29,29,23,20,15,9,31,0],"gold":205,"neow_bonus":"ONE_RANDOM_RARE_CARD","is_prod":false,"is_daily":false,"chose_seed":false,"campfire_upgraded":0,"win_rate":0,"timestamp":1555669923,"path_taken":["M","?","?","$","M","E","R","M","T","R","M","?","M","M","R","BOSS"],"build_version":"2019-01-23","purchased_purges":0,"victory":false,"max_hp_per_floor":[75,75,75,75,75,75,75,75,75,75,75,75,75,75,75,75],"card_choices":[{"not_picked":["Gash","Stack"],"picked":"Conserve Battery","floor":1},{"not_picked":["Leap","Self Repair"],"picked":"Capacitor","floor":3},{"not_picked":["Consume","Streamline","Capacitor"],"picked":"SKIP","floor":5},{"not_picked":["Rip and Tear","Heatsinks"],"picked":"Chill","floor":6},{"not_picked":["Gash","Conserve Battery"],"picked":"Skim","floor":8},{"not_picked":["Defragment","Force Field"],"picked":"Cold Snap+1","floor":11},{"not_picked":["Fusion","Go for the Eyes+1"],"picked":"Sunder+1","floor":12},{"not_picked":["Sweeping Beam+1","Fusion"],"picked":"Darkness","floor":13},{"not_picked":["Conserve Battery","Defragment"],"picked":"Cold Snap+1","floor":14}],"player_experience":80605,"relics_obtained":[{"floor":6,"key":"Girya"},{"floor":9,"key":"Molten Egg 2"}],"event_choices":[{"damage_healed":0,"gold_gain":0,"player_choice":"Trade","damage_taken":0,"relics_obtained":["GremlinMask"],"max_hp_gain":0,"max_hp_loss":0,"event_name":"FaceTrader","floor":2,"gold_loss":0}],"is_beta":false,"boss_relics":[],"items_purged_floors":[],"is_endless":false,"potions_floor_spawned":[1,6,11,13],"killed_by":"Slime Boss","ascension_level":1}