{"gold_per_floor":[12,30,47,47,65,94,94],"floor_reached":7,"playtime":768,"items_purged":[],"score":64,"play_id":"f94c49c2-0f5b-4218-a868-30ccee56baed","local_time":"20190109233031","is_ascension_mode":true,"campfire_choices":[],"neow_cost":"NO_GOLD","seed_source_timestamp":214612748710274,"circlet_count":0,"master_deck":["Defend_G","Defend_G","Defend_G","Defend_G","Defend_G","Strike_G","Strike_G","Strike_G","Strike_G","Strike_G","Survivor","Neutralize","Tools of the Trade","Sucker Punch","Backflip","Flying Knee"],"relics":["Ring of the Snake","Question Card"],"potions_floor_usage":[2,6],"damage_taken":[{"damage":2,"enemies":"Cultist","floor":1,"turns":6},{"damage":1,"enemies":"Jaw Worm","floor":2,"turns":4},{"damage":2,"enemies":"Small Slimes","floor":3,"turns":4},{"damage":0,"enemies":"Exordium Thugs","floor":5,"turns":6},{"damage":51,"enemies":"Lagavulin","floor":6,"turns":10},{"damage":7,"enemies":"Large Slime","floor":7,"turns":2}],"seed_played":"-2263068734991296488","potions_obtained":[{"floor":1,"key":"Block Potion"},{"floor":2,"key":"AttackPotion"}],"is_trial":false,"path_per_floor":["M","M","M","?","M","E","M"],"character_chosen":"THE_SILENT","items_purchased":[],"campfire_rested":0,"item_purchase_floors":[],"current_hp_per_floor":[68,67,65,53,53,2,0],"gold":94,"neow_bonus":"THREE_RARE_CARDS","is_prod":false,"is_daily":false,"chose_seed":false,"campfire_upgraded":0,"win_rate":0,"timestamp":1547101831,"path_taken":["M","M","M","?","M","E","M"],"build_version":"2019-01-03v4","purchased_purges":0,"victory":false,"max_hp_per_floor":[70,70,70,70,70,70,70],"card_choices":[{"not_picked":["Storm of Steel","Phantasmal Killer"],"picked":"Tools of the Trade","floor":0},{"not_picked":["Infinite Blades","Outmaneuver"],"picked":"Sucker Punch","floor":1},{"not_picked":["Poisoned Stab","Acrobatics"],"picked":"Backflip","floor":2},{"not_picked":["Outmaneuver","Dagger Throw","Quick Slash"],"picked":"SKIP","floor":3},{"not_picked":["Endless Agony","Wraith Form v2","Slice"],"picked":"SKIP","floor":5},{"not_picked":["Caltrops","Riddle With Holes"],"picked":"Flying Knee","floor":6}],"player_experience":1685089,"relics_obtained":[{"floor":6,"key":"Question Card"}],"event_choices":[{"damage_healed":0,"gold_gain":0,"player_choice":"Fled","damage_taken":12,"max_hp_gain":0,"max_hp_loss":0,"event_name":"Scrap Ooze","floor":4,"gold_loss":0}],"is_beta":false,"boss_relics":[],"items_purged_floors":[],"is_endless":false,"potions_floor_spawned":[1,2],"killed_by":"Large Slime","ascension_level":4}