{"gold_per_floor":[115,65,81,81,96,96,108,138,162,179,189,189,204,1,1,104,104,121,138,138,53,0,0,18,18,86,99,119,19,34,48,48,48],"floor_reached":33,"playtime":11091,"items_purged":["Strike_R","Defend_R"],"score":278,"play_id":"9a31ee1b-c069-4df4-ba33-6a6c05fc6db0","local_time":"20181103124814","is_ascension_mode":true,"campfire_choices":[{"data":"Metallicize","floor":6,"key":"SMITH"},{"data":"Body Slam","floor":12,"key":"SMITH"},{"data":"Evolve","floor":15,"key":"SMITH"},{"data":"Limit Break","floor":23,"key":"SMITH"},{"data":"Shockwave","floor":25,"key":"SMITH"},{"floor":32,"key":"REST"}],"neow_cost":"TEN_PERCENT_HP_LOSS","seed_source_timestamp":6862685663441872,"circlet_count":0,"master_deck":["Strike_R","Strike_R+1","Defend_R","Defend_R","Bash+1","Metallicize+1","Body Slam+1","Ghostly Armor","Shockwave+1","Pommel Strike","Shrug It Off","Evolve+1","Limit Break+1","True Grit+1","Spot Weakness","Heavy Blade+1","Body Slam+1"],"relics":["Burning Blood","Red Skull","Whetstone","Runic Cube","Centennial Puzzle","Letter Opener"],"potions_floor_usage":[16,16,16,19,24,27],"damage_taken":[{"damage":3,"enemies":"2 Louse","floor":1,"turns":5},{"damage":6,"enemies":"Jaw Worm","floor":3,"turns":6},{"damage":5,"enemies":"Cultist","floor":5,"turns":4},{"damage":11,"enemies":"2 Fungi Beasts","floor":7,"turns":6},{"damage":40,"enemies":"Lagavulin","floor":8,"turns":10},{"damage":2,"enemies":"Blue Slaver","floor":10,"turns":4},{"damage":8,"enemies":"3 Louse","floor":11,"turns":4},{"damage":0,"enemies":"Exordium Wildlife","floor":13,"turns":3},{"damage":3,"enemies":"Hexaghost","floor":16,"turns":9},{"damage":38,"enemies":"Spheric Guardian","floor":18,"turns":10},{"damage":19,"enemies":"2 Thieves","floor":19,"turns":4},{"damage":20,"enemies":"Centurion and Healer","floor":24,"turns":6},{"damage":2,"enemies":"Snecko","floor":27,"turns":5},{"damage":13,"enemies":"3 Cultists","floor":28,"turns":5},{"damage":7,"enemies":"Cultist and Chosen","floor":30,"turns":5},{"damage":8,"enemies":"Centurion and Healer","floor":31,"turns":4},{"damage":64,"enemies":"Automaton","floor":33,"turns":6}],"seed_played":"-8673175456702517323","potions_obtained":[{"floor":5,"key":"LiquidBronze"},{"floor":8,"key":"PowerPotion"},{"floor":10,"key":"EssenceOfSteel"},{"floor":11,"key":"Strength Potion"},{"floor":18,"key":"PowerPotion"},{"floor":19,"key":"GamblersBrew"},{"floor":24,"key":"Explosive Potion"}],"is_trial":false,"path_per_floor":["M","?","M","?","M","R","M","E","T","M","M","R","M","$","R","B",null,"M","M","?","?","?","R","M","R","T","M","M","$","M","M","R","B"],"character_chosen":"IRONCLAD","items_purchased":["Shrug It Off","Evolve"],"campfire_rested":1,"item_purchase_floors":[14,14],"current_hp_per_floor":[72,72,72,77,77,77,72,38,38,42,40,40,46,46,46,49,77,45,32,57,57,57,57,43,43,43,47,40,40,39,37,60,0],"gold":48,"neow_bonus":"REMOVE_TWO","is_prod":false,"is_daily":false,"chose_seed":false,"campfire_upgraded":5,"win_rate":0,"timestamp":1541270894,"path_taken":["M","?","M","?","M","R","?","E","T","M","M","R","M","?","R","BOSS","M","M","?","?","?","R","M","R","T","M","M","$","M","M","R","BOSS"],"build_version":"2018-11-01","purchased_purges":2,"victory":false,"max_hp_per_floor":[72,72,72,77,77,77,77,77,77,77,77,77,77,77,77,77,77,77,77,77,77,77,77,77,77,77,77,77,77,77,77,77,77],"card_choices":[{"not_picked":["Body Slam","Headbutt"],"picked":"Metallicize","floor":1},{"not_picked":["Dual Wield","Havoc"],"picked":"Body Slam","floor":3},{"not_picked":["Cleave","Infernal Blade","Body Slam"],"picked":"SKIP","floor":5},{"not_picked":["Armaments","Sword Boomerang"],"picked":"Ghostly Armor","floor":7},{"not_picked":["Sword Boomerang","Rage"],"picked":"Shockwave","floor":8},{"not_picked":["Havoc","Power Through","Sever Soul"],"picked":"SKIP","floor":10},{"not_picked":["Seeing Red","Havoc"],"picked":"Pommel Strike","floor":11},{"not_picked":["Power Through","Heavy Blade","Exhume"],"picked":"SKIP","floor":13},{"not_picked":["Bludgeon","Offering"],"picked":"Limit Break","floor":16},{"not_picked":["Warcry","Battle Trance+1"],"picked":"True Grit+1","floor":18},{"not_picked":["Bloodletting+1","Wild Strike"],"picked":"Spot Weakness","floor":19},{"not_picked":["Wild Strike+1","Sword Boomerang"],"picked":"Heavy Blade+1","floor":24},{"not_picked":["Intimidate","Infernal Blade"],"picked":"Body Slam+1","floor":27},{"not_picked":["Warcry","Pommel Strike","Perfected Strike+1"],"picked":"SKIP","floor":28},{"not_picked":["Clash","Armaments","Limit Break"],"picked":"SKIP","floor":30},{"not_picked":["Anger","Sword Boomerang","Second Wind+1"],"picked":"SKIP","floor":31}],"player_experience":1061187,"relics_obtained":[{"floor":8,"key":"Red Skull"},{"floor":9,"key":"Whetstone"},{"floor":26,"key":"Letter Opener"}],"event_choices":[{"cards_removed":["Defend_R"],"damage_healed":0,"gold_gain":0,"player_choice":"Card Removal","damage_taken":0,"max_hp_gain":0,"max_hp_loss":0,"event_name":"The Cleric","floor":2,"gold_loss":50},{"damage_healed":0,"gold_gain":0,"player_choice":"Donut","damage_taken":0,"max_hp_gain":5,"max_hp_loss":0,"event_name":"Big Fish","floor":4,"gold_loss":0},{"damage_healed":25,"gold_gain":0,"player_choice":"Heal","damage_taken":0,"max_hp_gain":0,"max_hp_loss":0,"event_name":"The Library","floor":20,"gold_loss":0},{"damage_healed":0,"gold_gain":0,"player_choice":"Obtained Relic","damage_taken":0,"relics_obtained":["Centennial Puzzle"],"max_hp_gain":0,"max_hp_loss":0,"event_name":"Addict","floor":21,"gold_loss":85},{"damage_healed":0,"gold_gain":0,"player_choice":"Paid Fearfully","damage_taken":0,"max_hp_gain":0,"max_hp_loss":0,"event_name":"Masked Bandits","floor":22,"gold_loss":53}],"is_beta":false,"boss_relics":[{"not_picked":["Coffee Dripper","Runic Dome"],"picked":"Runic Cube"}],"items_purged_floors":[14,29],"is_endless":false,"potions_floor_spawned":[5,8,10,11,18,19,24],"killed_by":"Automaton","ascension_level":2}