{"gold_per_floor":[113,132,144,1,18,18,45,45,126,126,154,154,164,196,196,196],"floor_reached":16,"playtime":778,"items_purged":["Strike_B"],"score":187,"play_id":"7d0883d2-0032-4427-a375-7bdb48095928","local_time":"20190824013036","is_ascension_mode":true,"campfire_choices":[{"data":"Conserve Battery","floor":6,"key":"SMITH"},{"floor":8,"key":"REST"},{"floor":12,"key":"REST"},{"floor":15,"key":"REST"}],"neow_cost":"TEN_PERCENT_HP_LOSS","seed_source_timestamp":51283330214475,"circlet_count":0,"master_deck":["AscendersBane","Strike_B","Strike_B","Strike_B","Defend_B","Defend_B","Defend_B","Defend_B","Zap","Dualcast","Conserve Battery+1","Hologram","Sunder","Machine Learning","Defragment","Rip and Tear","Undo"],"relics":["Cracked Core","Torii","Odd Mushroom","Tiny Chest","Omamori","Juzu Bracelet","Centennial Puzzle"],"potions_floor_usage":[2,11,14,16],"damage_taken":[{"damage":1,"enemies":"Cultist","floor":1,"turns":4},{"damage":7,"enemies":"Jaw Worm","floor":2,"turns":3},{"damage":2,"enemies":"2 Louse","floor":3,"turns":3},{"damage":0,"enemies":"2 Fungi Beasts","floor":5,"turns":2},{"damage":19,"enemies":"The Mushroom Lair","floor":7,"turns":5},{"damage":17,"enemies":"Gremlin Nob","floor":11,"turns":5},{"damage":26,"enemies":"Gremlin Gang","floor":13,"turns":7},{"damage":22,"enemies":"3 Sentries","floor":14,"turns":7},{"damage":34,"enemies":"Slime Boss","floor":16,"turns":8}],"seed_played":"-3105138594052993708","potions_obtained":[{"floor":1,"key":"FearPotion"},{"floor":5,"key":"SneckoOil"},{"floor":7,"key":"Weak Potion"},{"floor":13,"key":"Explosive Potion"},{"floor":14,"key":"Weak Potion"}],"is_trial":false,"path_per_floor":["M","M","M","$","M","R","?","R","T","?","E","R","M","E","R","B"],"character_chosen":"DEFECT","items_purchased":["Sunder"],"campfire_rested":3,"item_purchase_floors":[4],"current_hp_per_floor":[63,56,54,54,54,54,35,54,54,54,37,56,30,8,27,0],"gold":196,"neow_bonus":"ONE_RARE_RELIC","is_prod":false,"is_daily":false,"chose_seed":false,"campfire_upgraded":1,"win_rate":0,"timestamp":1566606636,"path_taken":["M","M","M","$","?","R","?","R","T","?","E","R","M","E","R","BOSS"],"build_version":"2019-07-17","purchased_purges":1,"victory":false,"max_hp_per_floor":[64,64,64,64,64,64,64,64,64,64,64,64,64,64,64,64],"card_choices":[{"not_picked":["Hello World","Rebound"],"picked":"Conserve Battery","floor":1},{"not_picked":["Storm","Beam Cell","Recycle"],"picked":"SKIP","floor":2},{"not_picked":["Compile Driver","Steam"],"picked":"Hologram","floor":3},{"not_picked":["Turbo","BootSequence"],"picked":"Machine Learning","floor":5},{"not_picked":["Tempest","Streamline"],"picked":"Defragment","floor":7},{"not_picked":["Stack","Rebound","Streamline"],"picked":"SKIP","floor":11},{"not_picked":["Hologram","Sweeping Beam"],"picked":"Rip and Tear","floor":13},{"not_picked":["Compile Driver","Stack"],"picked":"Undo","floor":14}],"player_experience":559691,"relics_obtained":[{"floor":7,"key":"Odd Mushroom"},{"floor":9,"key":"Tiny Chest"},{"floor":11,"key":"Juzu Bracelet"},{"floor":14,"key":"Centennial Puzzle"}],"event_choices":[{"damage_healed":0,"gold_gain":0,"player_choice":"Fought Mushrooms","damage_taken":0,"max_hp_gain":0,"max_hp_loss":0,"event_name":"Mushrooms","floor":7,"gold_loss":0},{"damage_healed":0,"gold_gain":0,"player_choice":"Gave Potion","damage_taken":0,"relics_obtained":["Omamori"],"max_hp_gain":0,"max_hp_loss":0,"event_name":"WeMeetAgain","floor":10,"gold_loss":0}],"is_beta":false,"boss_relics":[],"items_purged_floors":[4],"is_endless":false,"potions_floor_spawned":[1,5,7,13,14],"killed_by":"Slime Boss","ascension_level":14}