{"gold_per_floor":[119,137,148,167,167,167,198,211,235,251,251,271,271,287,287,287],"floor_reached":16,"playtime":6368,"items_purged":[],"score":106,"play_id":"d6558380-fce4-479d-beba-962c234e8051","local_time":"20181222000549","is_ascension_mode":false,"campfire_choices":[{"data":"Entrench","floor":6,"key":"SMITH"},{"data":"Pommel Strike","floor":13,"key":"SMITH"},{"data":"True Grit","floor":15,"key":"SMITH"}],"neow_cost":"NONE","seed_source_timestamp":102355499748817,"circlet_count":0,"master_deck":["Strike_R+1","Strike_R","Strike_R","Strike_R+1","Defend_R","Defend_R","Defend_R","Defend_R","Bash","Entrench+1","Shrug It Off","Shrug It Off","Pommel Strike+1","Clothesline+1","Evolve","True Grit+1","Iron Wave"],"relics":["Burning Blood","Whetstone"],"potions_floor_usage":[4,7],"damage_taken":[{"damage":20,"enemies":"Jaw Worm","floor":1,"turns":5},{"damage":5,"enemies":"Small Slimes","floor":2,"turns":4},{"damage":4,"enemies":"Cultist","floor":3,"turns":5},{"damage":0,"enemies":"Blue Slaver","floor":4,"turns":5},{"damage":34,"enemies":"Lagavulin","floor":7,"turns":10},{"damage":0,"enemies":"3 Louse","floor":8,"turns":4},{"damage":9,"enemies":"Red Slaver","floor":10,"turns":5},{"damage":11,"enemies":"Lots of Slimes","floor":12,"turns":6},{"damage":6,"enemies":"Exordium Thugs","floor":14,"turns":7},{"damage":58,"enemies":"Hexaghost","floor":16,"turns":17}],"seed_played":"5434252214223224974","potions_obtained":[{"floor":2,"key":"BloodPotion"},{"floor":3,"key":"BloodPotion"},{"floor":7,"key":"Ancient Potion"},{"floor":8,"key":"Swift Potion"}],"is_trial":false,"path_per_floor":["M","M","M","M","?","R","E","M","T","M","?","M","R","M","R","B"],"character_chosen":"IRONCLAD","items_purchased":[],"campfire_rested":0,"item_purchase_floors":[],"current_hp_per_floor":[66,67,69,80,80,80,60,66,66,63,63,58,58,58,58,0],"gold":287,"neow_bonus":"THREE_CARDS","is_prod":false,"is_daily":false,"chose_seed":false,"campfire_upgraded":3,"win_rate":0,"timestamp":1545462349,"path_taken":["M","M","M","M","?","R","E","M","T","M","?","M","R","M","R","BOSS"],"build_version":"2018-12-20","purchased_purges":0,"victory":false,"max_hp_per_floor":[80,80,80,80,80,80,80,80,80,80,80,80,80,80,80,80],"card_choices":[{"not_picked":["Intimidate","Rupture"],"picked":"Entrench","floor":0},{"not_picked":["Heavy Blade","Thunderclap"],"picked":"Shrug It Off","floor":1},{"not_picked":["Battle Trance","Rampage"],"picked":"Shrug It Off","floor":2},{"not_picked":["Rampage","Shockwave"],"picked":"Pommel Strike","floor":3},{"not_picked":["Cleave","Heavy Blade"],"picked":"Clothesline","floor":4},{"not_picked":["Clash","Warcry"],"picked":"Evolve","floor":7},{"not_picked":["Clothesline","Pommel Strike"],"picked":"True Grit","floor":8},{"not_picked":["Fiend Fire","True Grit"],"picked":"Iron Wave","floor":10},{"not_picked":["True Grit","Havoc","Armaments"],"picked":"SKIP","floor":12},{"not_picked":["Evolve","Sentinel","Reckless Charge"],"picked":"SKIP","floor":14}],"player_experience":1558902,"relics_obtained":[{"floor":7,"key":"Whetstone"}],"event_choices":[{"damage_healed":0,"gold_gain":0,"player_choice":"Grow","damage_taken":0,"max_hp_gain":0,"max_hp_loss":0,"event_name":"Living Wall","floor":5,"gold_loss":0,"cards_upgraded":["Clothesline"]},{"cards_removed":["Strike_R"],"damage_healed":0,"gold_gain":0,"player_choice":"Offered Basic","damage_taken":0,"max_hp_gain":0,"max_hp_loss":0,"event_name":"Bonfire Elementals","floor":11,"gold_loss":0}],"is_beta":false,"boss_relics":[],"items_purged_floors":[],"is_endless":false,"potions_floor_spawned":[2,3,7,8],"killed_by":"Hexaghost","ascension_level":0}