{"path_per_floor":["M","M","M","?","M","M","?","R","T","R","?","E","R","E","R"],"character_chosen":"IRONCLAD","items_purchased":[],"gold_per_floor":[113,130,147,322,334,351,351,351,376,376,439,465,465,498,498,498],"floor_reached":16,"campfire_rested":2,"playtime":1388,"current_hp_per_floor":[80,80,75,75,68,69,69,69,69,69,56,19,43,9,33,0],"items_purged":[],"gold":498,"score":110,"play_id":"38771b74-2364-4873-b113-91b5a098dda2","local_time":"20180406090621","is_prod":false,"is_daily":false,"is_ascension_mode":false,"campfire_upgraded":2,"timestamp":1523027181,"path_taken":["M","M","?","?","M","?","?","R","T","R","?","E","R","E","R","BOSS"],"build_version":"2018-04-05v2","purchased_purges":0,"victory":false,"master_deck":["Strike_R","Strike_R","Strike_R","Strike_R","Strike_R","Defend_R","Defend_R","Defend_R","Defend_R","Bash","Double Tap","Spot Weakness+1","Cleave","Pummel","Doubt","Shrug It Off","Metallicize+1","Regret","True Grit","Shockwave","Demon Form"],"max_hp_per_floor":[80,80,80,80,80,80,80,80,80,80,80,80,80,80,80,80],"relics":["Burning Blood","Unceasing Top","Happy Flower","Lantern","Bottled Tornado","Letter Opener"],"card_choices":[{"not_picked":["Infernal Blade","Pommel Strike"],"picked":"Spot Weakness","floor":1},{"not_picked":["Entrench","Body Slam"],"picked":"Cleave","floor":2},{"not_picked":["True Grit","Sword Boomerang"],"picked":"Pummel","floor":3},{"not_picked":["Searing Blow","Anger"],"picked":"Shrug It Off","floor":5},{"not_picked":["Twin Strike","Power Through"],"picked":"Metallicize","floor":6},{"not_picked":["Thunderclap","Inflame"],"picked":"True Grit","floor":11},{"not_picked":["Entrench","Headbutt"],"picked":"Shockwave","floor":12},{"not_picked":["Bloodletting","Heavy Blade"],"picked":"Demon Form","floor":14}],"player_experience":13510,"potions_floor_usage":[11,11,12,16],"damage_taken":[{"damage":6,"enemies":"Cultist","floor":1,"turns":3},{"damage":4,"enemies":"Small Slimes","floor":2,"turns":4},{"damage":11,"enemies":"Jaw Worm","floor":3,"turns":2},{"damage":13,"enemies":"2 Fungi Beasts","floor":5,"turns":3},{"damage":5,"enemies":"Red Slaver","floor":6,"turns":5},{"damage":31,"enemies":"Lagavulin Event","floor":11,"turns":7},{"damage":58,"enemies":"Lagavulin","floor":12,"turns":10},{"damage":40,"enemies":"Gremlin Nob","floor":14,"turns":6},{"damage":67,"enemies":"The Guardian","floor":16,"turns":9}],"event_choices":[{"event_name":"Liars Game","player_choice":"agreed","floor":4,"damage_taken":0},{"event_name":"Big Fish","player_choice":"Box","floor":7,"damage_taken":0},{"event_name":"Dead Adventurer","player_choice":"Searched \u00272\u0027 times","floor":11,"damage_taken":0}],"boss_relics":[],"potions_floor_spawned":[1,5,6,14],"seed_played":"2259793570121840515","killed_by":"The Guardian","ascension_level":0,"is_trial":false}