{"gold_per_floor":[111,36,55,68,68,68,18,18,18,18,29,44,44,64,64,161,161,173,30,47,65,76,76,76,76,76,0,0,0,0,11,11,116,116,129,229,244,244,254,254,131,131,155,30,30,40,52,63,63,63],"floor_reached":51,"playtime":4664,"items_purged":["Strike_R","Demon Form","Headbutt"],"score":639,"play_id":"a583225a-516b-42e4-a098-288e1c048d54","local_time":"20190819211937","is_ascension_mode":false,"campfire_choices":[{"data":"Feed","floor":6,"key":"SMITH"},{"data":"Dual Wield","floor":13,"key":"SMITH"},{"floor":15,"key":"REST"},{"floor":23,"key":"REST"},{"floor":25,"key":"REST"},{"data":"Clash","floor":29,"key":"SMITH"},{"floor":32,"key":"REST"},{"floor":40,"key":"REST"},{"floor":42,"key":"REST"},{"floor":45,"key":"REST"},{"floor":49,"key":"REST"}],"neow_cost":"NONE","seed_source_timestamp":75038672267813,"circlet_count":0,"master_deck":["Strike_R","Strike_R","Defend_R","Defend_R","Defend_R","Bash","Feed+1","Dual Wield+1","Clash+1","Cleave+1","Headbutt+1","Warcry","Flex+1","Whirlwind","Clash+1","Intimidate+1","Dropkick+1","Flex","Parasite","Rage","True Grit+1"],"relics":["Burning Blood","Shuriken","Runic Pyramid","Dream Catcher","Bottled Lightning","Runic Cube","WingedGreaves","Bronze Scales"],"potions_floor_usage":[12,16,21,22,35,36],"damage_taken":[{"damage":0,"enemies":"Small Slimes","floor":1,"turns":3},{"damage":0,"enemies":"2 Louse","floor":3,"turns":2},{"damage":22,"enemies":"Cultist","floor":4,"turns":6},{"damage":8,"enemies":"Blue Slaver","floor":11,"turns":8},{"damage":5,"enemies":"Looter","floor":12,"turns":3},{"damage":6,"enemies":"2 Fungi Beasts","floor":14,"turns":4},{"damage":91,"enemies":"The Guardian","floor":16,"turns":14},{"damage":37,"enemies":"Chosen","floor":18,"turns":6},{"damage":5,"enemies":"Spheric Guardian","floor":20,"turns":3},{"damage":38,"enemies":"Chosen and Byrds","floor":21,"turns":8},{"damage":42,"enemies":"Centurion and Healer","floor":22,"turns":6},{"damage":37,"enemies":"Sentry and Sphere","floor":31,"turns":5},{"damage":34,"enemies":"Automaton","floor":33,"turns":6},{"damage":35,"enemies":"3 Darklings","floor":35,"turns":5},{"damage":35,"enemies":"Mind Bloom Boss Battle","floor":36,"turns":7},{"damage":32,"enemies":"Orb Walker","floor":37,"turns":4},{"damage":42,"enemies":"Transient","floor":39,"turns":5},{"damage":15,"enemies":"Writhing Mass","floor":46,"turns":4},{"damage":17,"enemies":"4 Shapes","floor":47,"turns":3},{"damage":41,"enemies":"Maw","floor":48,"turns":8},{"damage":83,"enemies":"Awakened One","floor":50,"turns":9}],"seed_played":"4898005239732699916","potions_obtained":[{"floor":3,"key":"BloodPotion"},{"floor":11,"key":"SteroidPotion"},{"floor":14,"key":"SteroidPotion"},{"floor":16,"key":"Poison Potion"},{"floor":20,"key":"SkillPotion"},{"floor":35,"key":"SkillPotion"},{"floor":46,"key":"SpeedPotion"}],"is_trial":false,"path_per_floor":["M","$","M","M","?","R","?","$","T","?","M","M","R","M","R","B",null,"M","$","M","M","M","R","?","R","T","?","?","R","$","M","R","B",null,"M","?","M","?","M","R","$","R","T","$","R","M","M","M","R","B",null],"character_chosen":"IRONCLAD","items_purchased":["Dream Catcher","Flex"],"campfire_rested":8,"item_purchase_floors":[19,41],"current_hp_per_floor":[80,80,83,70,70,70,70,70,70,70,72,77,77,85,102,46,106,79,79,84,60,28,65,65,102,102,102,102,102,102,75,114,90,134,105,76,54,54,18,59,59,100,100,100,138,133,126,95,140,67],"gold":63,"neow_bonus":"ONE_RANDOM_RARE_CARD","is_prod":false,"is_daily":false,"chose_seed":false,"campfire_upgraded":3,"win_rate":0.0,"timestamp":1566238777,"path_taken":["M","$","M","M","?","R","?","$","T","?","M","?","R","M","R","BOSS","M","$","M","M","M","R","?","R","T","?","?","R","$","M","R","BOSS","M","?","M","?","M","R","$","R","T","$","R","M","M","M","R","BOSS"],"build_version":"2019-07-17","purchased_purges":3,"victory":true,"max_hp_per_floor":[80,80,83,86,86,86,86,86,86,86,90,94,94,102,102,106,106,110,110,114,122,126,126,126,126,126,126,126,126,126,130,130,134,134,134,134,138,138,138,138,138,138,138,138,138,142,146,150,150,154],"card_choices":[{"not_picked":["True Grit","Iron Wave"],"picked":"Dual Wield","floor":1},{"not_picked":["Uppercut","Shockwave","Metallicize"],"picked":"SKIP","floor":3},{"not_picked":["Disarm","Perfected Strike","Thunderclap"],"picked":"SKIP","floor":4},{"not_picked":["Warcry","Twin Strike","Metallicize"],"picked":"SKIP","floor":11},{"not_picked":["Fire Breathing","Pommel Strike"],"picked":"Clash","floor":12},{"not_picked":["Whirlwind","Armaments"],"picked":"Headbutt","floor":14},{"not_picked":["Clash","Corruption"],"picked":"Cleave+1","floor":18},{"not_picked":["Iron Wave","Second Wind"],"picked":"Headbutt+1","floor":20},{"not_picked":["Power Through+1","Fire Breathing","Pommel Strike"],"picked":"SKIP","floor":21},{"not_picked":["Metallicize","Reckless Charge+1"],"picked":"Warcry","floor":22},{"not_picked":["Flame Barrier","Ghostly Armor+1"],"picked":"Flex+1","floor":23},{"not_picked":["Infernal Blade","Iron Wave+1"],"picked":"Whirlwind","floor":25},{"not_picked":["Entrench","Pommel Strike+1","Cleave"],"picked":"SKIP","floor":31},{"not_picked":["Dark Embrace","Barricade"],"picked":"Demon Form","floor":33},{"not_picked":["Sever Soul","Reckless Charge"],"picked":"Clash+1","floor":35},{"not_picked":["Anger+1","Cleave+1"],"picked":"Intimidate+1","floor":36},{"not_picked":["Rampage+1","Second Wind"],"picked":"Dropkick+1","floor":37},{"not_picked":["Searing Blow","Pommel Strike+1","Perfected Strike+1"],"picked":"SKIP","floor":39},{"not_picked":["Headbutt+1","True Grit+1","Iron Wave+1"],"picked":"SKIP","floor":46},{"not_picked":["Cleave+1","Body Slam","Armaments"],"picked":"SKIP","floor":47},{"not_picked":["Warcry","Feel No Pain+1"],"picked":"Rage","floor":48},{"not_picked":["Sword Boomerang","Pommel Strike+1"],"picked":"True Grit+1","floor":49}],"player_experience":42515,"relics_obtained":[{"floor":9,"key":"Shuriken"},{"floor":26,"key":"Bottled Lightning"},{"floor":36,"key":"WingedGreaves"},{"floor":43,"key":"Bronze Scales"}],"event_choices":[{"damage_healed":0,"gold_gain":0,"player_choice":"Ignored","damage_taken":0,"max_hp_gain":0,"max_hp_loss":0,"event_name":"Liars Game","floor":5,"gold_loss":0},{"cards_removed":["Strike_R"],"damage_healed":0,"gold_gain":0,"player_choice":"Card Removal","damage_taken":0,"max_hp_gain":0,"max_hp_loss":0,"event_name":"The Cleric","floor":7,"gold_loss":50},{"cards_removed":["Strike_R"],"damage_healed":0,"gold_gain":0,"player_choice":"Purged","damage_taken":0,"max_hp_gain":0,"max_hp_loss":0,"event_name":"Purifier","floor":10,"gold_loss":0},{"damage_healed":0,"gold_gain":0,"player_choice":"Ignored","damage_taken":0,"max_hp_gain":0,"max_hp_loss":0,"event_name":"Vampires","floor":24,"gold_loss":0},{"damage_healed":0,"gold_gain":0,"player_choice":"Paid Fearfully","damage_taken":0,"max_hp_gain":0,"max_hp_loss":0,"event_name":"Masked Bandits","floor":27,"gold_loss":76},{"cards_removed":["Defend_R"],"damage_healed":0,"gold_gain":0,"player_choice":"Elegance","damage_taken":0,"max_hp_gain":0,"max_hp_loss":0,"event_name":"Back to Basics","floor":28,"gold_loss":0},{"damage_healed":0,"gold_gain":0,"player_choice":"Fight","damage_taken":0,"max_hp_gain":0,"max_hp_loss":0,"event_name":"MindBloom","floor":36,"gold_loss":0},{"damage_healed":0,"gold_gain":0,"player_choice":"Memory 1","damage_taken":0,"max_hp_gain":0,"max_hp_loss":0,"event_name":"SensoryStone","floor":38,"gold_loss":0}],"is_beta":false,"boss_relics":[{"not_picked":["Calling Bell","Philosopher\u0027s Stone"],"picked":"Runic Pyramid"},{"not_picked":["White Beast Statue","Sozu"],"picked":"Runic Cube"}],"items_purged_floors":[2,41,44],"is_endless":false,"potions_floor_spawned":[3,11,14,16,20,35,46],"ascension_level":0}