{"gold_per_floor":[109,122,122,142,165,165,201,215,215,236,254,219,74,89,89,214,214,235,235,235,248,7,7,7,7,62,62,74,94,193,210,210,210],"floor_reached":33,"playtime":1936,"items_purged":[],"score":389,"play_id":"62ae645c-4ea8-46ea-a3e2-ba0912e3f40b","local_time":"20190525131439","is_ascension_mode":true,"campfire_choices":[{"data":"Backflip","floor":6,"key":"SMITH"},{"floor":15,"key":"REST"},{"data":"Dash","floor":23,"key":"SMITH"},{"data":"Bouncing Flask","floor":25,"key":"SMITH"},{"data":"Neutralize","floor":27,"key":"SMITH"},{"floor":32,"key":"REST"}],"neow_cost":"NONE","seed_source_timestamp":2251089665850828,"circlet_count":0,"master_deck":["AscendersBane","Defend_G","Defend_G","Defend_G","Defend_G","Defend_G","Strike_G","Strike_G","Strike_G","Strike_G","Strike_G","Survivor","Neutralize+1","Backflip+1","Dagger Spray","Injury","Bouncing Flask+1","Sucker Punch","Dash+1","Poisoned Stab","Flechettes","Prepared","PiercingWail","Burst","Infinite Blades","Footwork","Footwork","Dodge and Roll"],"relics":["Ring of the Snake","Pen Nib","Bloody Idol","Bag of Marbles","Darkstone Periapt","Happy Flower","Busted Crown","HandDrill","Oddly Smooth Stone"],"potions_floor_usage":[7,10,16,29,33,33],"damage_taken":[{"damage":2,"enemies":"2 Louse","floor":1,"turns":4},{"damage":2,"enemies":"Jaw Worm","floor":2,"turns":5},{"damage":3,"enemies":"Small Slimes","floor":4,"turns":3},{"damage":0,"enemies":"2 Fungi Beasts","floor":5,"turns":3},{"damage":47,"enemies":"Lagavulin","floor":7,"turns":8},{"damage":3,"enemies":"Looter","floor":8,"turns":3},{"damage":0,"enemies":"Lots of Slimes","floor":10,"turns":2},{"damage":0,"enemies":"Blue Slaver","floor":11,"turns":3},{"damage":0,"enemies":"Red Slaver","floor":14,"turns":4},{"damage":14,"enemies":"The Guardian","floor":16,"turns":12},{"damage":1,"enemies":"3 Byrds","floor":18,"turns":5},{"damage":7,"enemies":"Chosen","floor":21,"turns":5},{"damage":10,"enemies":"Shelled Parasite and Fungi","floor":28,"turns":5},{"damage":9,"enemies":"Sentry and Sphere","floor":29,"turns":6},{"damage":36,"enemies":"Cultist and Chosen","floor":31,"turns":8},{"damage":72,"enemies":"Automaton","floor":33,"turns":12}],"seed_played":"-6813950597840151775","potions_obtained":[{"floor":1,"key":"Ancient Potion"},{"floor":4,"key":"Explosive Potion"},{"floor":8,"key":"GhostInAJar"},{"floor":21,"key":"PowerPotion"},{"floor":29,"key":"FearPotion"},{"floor":31,"key":"FearPotion"}],"is_trial":false,"path_per_floor":["M","M","?","M","M","R","E","M","T","M","M","?","$","M","R","B",null,"M","?","?","M","$","R","?","R","T","R","M","M","?","M","R","B"],"character_chosen":"THE_SILENT","items_purchased":["Happy Flower","HandDrill","Footwork"],"campfire_rested":2,"item_purchase_floors":[13,22,22],"current_hp_per_floor":[61,59,59,56,56,56,9,6,6,6,6,23,23,23,44,30,60,59,59,59,57,57,57,57,57,62,62,57,53,58,27,48,0],"gold":210,"neow_bonus":"RANDOM_COMMON_RELIC","is_prod":false,"is_daily":false,"chose_seed":false,"campfire_upgraded":4,"win_rate":0,"timestamp":1558815279,"path_taken":["M","M","?","M","M","R","E","M","T","M","M","?","$","M","R","BOSS","M","?","?","M","$","R","?","R","T","R","M","M","?","M","R","BOSS"],"build_version":"2019-01-23","purchased_purges":0,"victory":false,"max_hp_per_floor":[70,70,70,70,70,70,70,70,70,70,70,70,70,70,70,70,70,70,70,70,70,70,70,70,70,70,70,70,70,70,70,70,70],"card_choices":[{"not_picked":["Tactician","Blade Dance"],"picked":"Backflip","floor":1},{"not_picked":["Catalyst","Quick Slash"],"picked":"Dagger Spray","floor":2},{"not_picked":["Flying Knee","Blade Dance"],"picked":"Bouncing Flask","floor":4},{"not_picked":["Backflip","Bane"],"picked":"Sucker Punch","floor":5},{"not_picked":["Bullet Time","Caltrops"],"picked":"Dash","floor":7},{"not_picked":["Caltrops","Choke"],"picked":"Poisoned Stab","floor":8},{"not_picked":["Sucker Punch","Concentrate"],"picked":"Flechettes","floor":10},{"not_picked":["All Out Attack","Dagger Throw"],"picked":"Prepared","floor":11},{"not_picked":["Eviscerate","Flying Knee"],"picked":"PiercingWail","floor":14},{"not_picked":["Phantasmal Killer","Doppelganger"],"picked":"Burst","floor":16},{"not_picked":[],"picked":"Infinite Blades","floor":18},{"not_picked":["Underhanded Strike"],"picked":"SKIP","floor":21},{"not_picked":["Reflex"],"picked":"SKIP","floor":28},{"not_picked":["Quick Slash"],"picked":"SKIP","floor":29},{"not_picked":[],"picked":"Dodge and Roll","floor":31}],"player_experience":560975,"relics_obtained":[{"floor":7,"key":"Bag of Marbles"},{"floor":9,"key":"Darkstone Periapt"},{"floor":26,"key":"Oddly Smooth Stone"}],"event_choices":[{"damage_healed":0,"gold_gain":0,"player_choice":"Take Wound","damage_taken":0,"relics_obtained":["Golden Idol"],"max_hp_gain":0,"max_hp_loss":0,"event_name":"Golden Idol","floor":3,"gold_loss":0,"cards_obtained":["Injury"]},{"damage_healed":17,"gold_gain":0,"player_choice":"Healed","damage_taken":0,"max_hp_gain":0,"max_hp_loss":0,"event_name":"The Cleric","floor":12,"gold_loss":35},{"damage_healed":0,"gold_gain":0,"player_choice":"Read","damage_taken":0,"max_hp_gain":0,"max_hp_loss":0,"event_name":"The Library","floor":19,"gold_loss":0,"cards_obtained":["Footwork"]},{"damage_healed":0,"gold_gain":0,"player_choice":"Gave Idol","damage_taken":0,"relics_obtained":["Bloody Idol"],"max_hp_gain":0,"max_hp_loss":0,"event_name":"Forgotten Altar","floor":20,"relics_lost":["Golden Idol"],"gold_loss":0},{"damage_healed":0,"gold_gain":0,"player_choice":"Ignored","damage_taken":0,"max_hp_gain":0,"max_hp_loss":0,"event_name":"Ghosts","floor":24,"gold_loss":0},{"damage_healed":0,"gold_gain":99,"player_choice":"Stole From Cult","damage_taken":0,"max_hp_gain":0,"max_hp_loss":0,"event_name":"Nest","floor":30,"gold_loss":0}],"is_beta":false,"boss_relics":[{"not_picked":["Pandora\u0027s Box","Ectoplasm"],"picked":"Busted Crown"}],"items_purged_floors":[],"is_endless":false,"potions_floor_spawned":[1,4,8,21,29,31],"killed_by":"Automaton","ascension_level":11}