{"gold_per_floor":[111,111,128,428,444,444,444,461,461,317,317,337,64,64,64,163,163,180,37,37,37,37,37,52,52,52,52,63,73,73,172,172,267,267,282,382,393,33,51,51,51,69,69,69,87,87,87,107,107,107],"floor_reached":50,"playtime":2291,"items_purged":["Strike_G","Strike_G"],"score":430,"play_id":"7af5ee4b-e0b6-4fad-abb3-30f1e4370a8f","local_time":"20190812115355","is_ascension_mode":false,"campfire_choices":[{"data":"Footwork","floor":6,"key":"SMITH"},{"data":"Envenom","floor":11,"key":"SMITH"},{"data":"PiercingWail","floor":15,"key":"SMITH"},{"floor":23,"key":"REST"},{"data":"Noxious Fumes","floor":25,"key":"SMITH"},{"data":"Prepared","floor":27,"key":"SMITH"},{"data":"Acrobatics","floor":30,"key":"SMITH"},{"floor":32,"key":"REST"},{"floor":40,"key":"REST"},{"floor":44,"key":"DIG"},{"floor":49,"key":"REST"}],"neow_cost":"NONE","seed_source_timestamp":626118189374661,"circlet_count":0,"master_deck":["Strike_G","Strike_G","Strike_G","Defend_G+1","Defend_G+1","Defend_G","Defend_G","Defend_G","Survivor","Neutralize","Footwork+1","PiercingWail+1","Prepared+1","Envenom+1","Infinite Blades+1","After Image+1","Noxious Fumes+1","Reflex+1","Acrobatics+1","Escape Plan+1","Outmaneuver","Footwork+1","Writhe","Accuracy","Flash of Steel","Footwork+1"],"relics":["Ring of the Snake","NeowsBlessing","Old Coin","Sundial","Sling","Lizard Tail","Meat on the Bone","WristBlade","Shovel","Mercury Hourglass","War Paint","Art of War"],"potions_floor_usage":[16,33,33,33,37,42,45,50],"damage_taken":[{"damage":0,"enemies":"2 Louse","floor":1,"turns":1},{"damage":0,"enemies":"Small Slimes","floor":3,"turns":1},{"damage":0,"enemies":"Jaw Worm","floor":5,"turns":1},{"damage":0,"enemies":"3 Louse","floor":8,"turns":6},{"damage":0,"enemies":"2 Fungi Beasts","floor":12,"turns":5},{"damage":64,"enemies":"Hexaghost","floor":16,"turns":12},{"damage":35,"enemies":"Spheric Guardian","floor":18,"turns":14},{"damage":16,"enemies":"Chosen","floor":24,"turns":7},{"damage":19,"enemies":"Sentry and Sphere","floor":28,"turns":9},{"damage":6,"enemies":"Centurion and Healer","floor":29,"turns":8},{"damage":62,"enemies":"Champ","floor":33,"turns":18},{"damage":11,"enemies":"3 Shapes","floor":35,"turns":9},{"damage":20,"enemies":"Mind Bloom Boss Battle","floor":36,"turns":11},{"damage":32,"enemies":"3 Darklings","floor":37,"turns":10},{"damage":12,"enemies":"Sphere and 2 Shapes","floor":39,"turns":8},{"damage":40,"enemies":"Transient","floor":42,"turns":5},{"damage":16,"enemies":"Spire Growth","floor":45,"turns":7},{"damage":0,"enemies":"3 Darklings","floor":48,"turns":7},{"damage":61,"enemies":"Time Eater","floor":50,"turns":15}],"seed_played":"4560758740807640719","potions_obtained":[{"floor":1,"key":"FearPotion"},{"floor":5,"key":"Regen Potion"},{"floor":12,"key":"Explosive Potion"},{"floor":24,"key":"SpeedPotion"},{"floor":36,"key":"Poison Potion"},{"floor":39,"key":"AttackPotion"},{"floor":42,"key":"AttackPotion"},{"floor":45,"key":"Poison Potion"}],"is_trial":false,"path_per_floor":["M","?","M","?","M","R","$","M","T","$","R","M","$","?","R","B",null,"M","$","?","$","?","R","M","R","T","R","M","M","R","?","R","B",null,"M","?","M","$","M","R","?","M","T","R","M","?","?","M","R","B"],"character_chosen":"THE_SILENT","items_purchased":["Envenom","Infinite Blades","Sling","Noxious Fumes","Mercury Hourglass"],"campfire_rested":4,"item_purchase_floors":[10,13,13,19,38],"current_hp_per_floor":[70,70,70,67,67,67,67,67,67,67,67,67,67,67,67,18,70,35,35,35,35,35,56,40,40,40,40,33,39,39,39,60,47,70,59,39,19,19,19,40,58,30,30,30,26,26,26,38,59,0],"gold":107,"neow_bonus":"THREE_ENEMY_KILL","is_prod":false,"is_daily":false,"chose_seed":false,"campfire_upgraded":6,"win_rate":0,"timestamp":1565582035,"path_taken":["M","?","M","?","M","R","?","M","T","$","R","M","$","?","R","BOSS","M","$","?","?","?","R","?","R","T","R","M","M","R","?","R","BOSS","M","?","M","$","M","R","?","M","T","R","?","?","?","M","R","BOSS"],"build_version":"2019-07-17","purchased_purges":2,"victory":false,"max_hp_per_floor":[70,70,70,70,70,70,70,70,70,70,70,70,70,70,70,70,70,70,70,70,70,70,70,70,70,70,70,70,70,70,70,70,70,70,70,70,70,70,70,70,70,70,70,70,70,70,70,70,70,70],"card_choices":[{"not_picked":["Deadly Poison","Bouncing Flask"],"picked":"Footwork","floor":1},{"not_picked":["Dagger Throw","Setup"],"picked":"PiercingWail","floor":3},{"not_picked":["Expertise","Deadly Poison"],"picked":"Prepared","floor":5},{"not_picked":["Blade Dance","Flying Knee","Caltrops"],"picked":"SKIP","floor":8},{"not_picked":["Skewer","Poisoned Stab","Underhanded Strike"],"picked":"SKIP","floor":12},{"not_picked":["Grand Finale","Burst"],"picked":"After Image","floor":16},{"not_picked":["Dagger Spray+1","Dodge and Roll+1"],"picked":"Slice","floor":18},{"not_picked":["Flying Knee","Sucker Punch"],"picked":"Reflex+1","floor":24},{"not_picked":["Skewer","Deadly Poison+1"],"picked":"Acrobatics","floor":28},{"not_picked":["Terror+1","Riddle With Holes+1"],"picked":"Escape Plan+1","floor":29},{"not_picked":["Eviscerate+1","Dodge and Roll","Dagger Throw+1"],"picked":"SKIP","floor":35},{"not_picked":["Poisoned Stab","Footwork+1"],"picked":"Outmaneuver","floor":36},{"not_picked":["Expertise+1","Poisoned Stab+1","Phantasmal Killer"],"picked":"SKIP","floor":37},{"not_picked":["Flying Knee","Crippling Poison"],"picked":"Footwork+1","floor":39},{"not_picked":["PiercingWail","Flechettes+1"],"picked":"Accuracy","floor":42},{"not_picked":["Expertise","Bane+1","Underhanded Strike+1"],"picked":"SKIP","floor":45},{"not_picked":["Jack Of All Trades","Dramatic Entrance"],"picked":"Flash of Steel","floor":46},{"not_picked":["Predator+1","Leg Sweep+1"],"picked":"Footwork+1","floor":48}],"player_experience":178240,"relics_obtained":[{"floor":9,"key":"Sundial"},{"floor":26,"key":"Meat on the Bone"},{"floor":36,"key":"Shovel"},{"floor":43,"key":"War Paint"},{"floor":44,"key":"Art of War"}],"event_choices":[{"damage_healed":0,"gold_gain":0,"player_choice":"Ignored","damage_taken":0,"max_hp_gain":0,"max_hp_loss":0,"event_name":"Golden Wing","floor":2,"gold_loss":0},{"damage_healed":0,"gold_gain":0,"player_choice":"Success","damage_taken":3,"relics_obtained":["Old Coin"],"max_hp_gain":0,"max_hp_loss":0,"event_name":"Scrap Ooze","floor":4,"gold_loss":0},{"damage_healed":0,"gold_gain":0,"player_choice":"Grow","damage_taken":0,"max_hp_gain":0,"max_hp_loss":0,"event_name":"Living Wall","floor":14,"gold_loss":0,"cards_upgraded":["Infinite Blades"]},{"damage_healed":0,"gold_gain":0,"player_choice":"Upgraded","damage_taken":0,"max_hp_gain":0,"max_hp_loss":0,"event_name":"Upgrade Shrine","floor":20,"gold_loss":0,"cards_upgraded":["After Image"]},{"damage_healed":0,"gold_gain":0,"player_choice":"Ignored","damage_taken":0,"max_hp_gain":0,"max_hp_loss":0,"event_name":"Ghosts","floor":22,"gold_loss":0},{"damage_healed":0,"gold_gain":99,"player_choice":"Stole From Cult","damage_taken":0,"max_hp_gain":0,"max_hp_loss":0,"event_name":"Nest","floor":31,"gold_loss":0},{"damage_healed":0,"gold_gain":0,"player_choice":"Fight","damage_taken":0,"max_hp_gain":0,"max_hp_loss":0,"event_name":"MindBloom","floor":36,"gold_loss":0},{"damage_healed":18,"gold_gain":0,"player_choice":"Writhe","damage_taken":0,"max_hp_gain":0,"max_hp_loss":0,"event_name":"Winding Halls","floor":41,"gold_loss":0,"cards_obtained":["Writhe"]},{"damage_healed":0,"gold_gain":0,"player_choice":"Memory 1","damage_taken":0,"max_hp_gain":0,"max_hp_loss":0,"event_name":"SensoryStone","floor":46,"gold_loss":0},{"cards_removed":["Slice"],"damage_healed":0,"gold_gain":0,"player_choice":"Removed Attack","damage_taken":0,"max_hp_gain":0,"max_hp_loss":0,"event_name":"Falling","floor":47,"gold_loss":0}],"is_beta":false,"boss_relics":[{"not_picked":["Tiny House","Fusion Hammer"],"picked":"Lizard Tail"},{"not_picked":["Black Star","Runic Dome"],"picked":"WristBlade"}],"items_purged_floors":[19,38],"is_endless":false,"potions_floor_spawned":[1,5,12,24,36,39,42,45],"killed_by":"Time Eater","ascension_level":0}