{"gold_per_floor":[110,130,130,3,18,49,49,49,100,100,116,116,116,128,128,229,229,248,268,268,193,193],"floor_reached":22,"playtime":3003,"items_purged":[],"score":276,"play_id":"24b09dab-1a6d-4836-aa15-c06a4de8a270","local_time":"20190814205201","is_ascension_mode":true,"campfire_choices":[{"data":"Sucker Punch","floor":7.0,"key":"SMITH"},{"data":"Cloak And Dagger","floor":10.0,"key":"SMITH"},{"data":"Bullet Time","floor":12.0,"key":"SMITH"},{"data":"Calculated Gamble","floor":15.0,"key":"SMITH"}],"neow_cost":"NONE","seed_source_timestamp":0,"circlet_count":0,"master_deck":["AscendersBane","Strike_G","Strike_G","Strike_G","Strike_G","Strike_G","Defend_G","Defend_G","Defend_G","Defend_G","Survivor","Neutralize+1","Cloak And Dagger+1","Sucker Punch+1","Well Laid Plans","PiercingWail","Bullet Time+1","Calculated Gamble+1","Heel Hook","Deflect","A Thousand Cuts","Leg Sweep","Escape Plan","Dagger Spray","Dodge and Roll","Dagger Throw","Predator+1","Well Laid Plans+1"],"special_seed":0,"relics":["Ring of the Snake","Ancient Tea Set","Anchor","Blood Vial","Orrery","Dodecahedron"],"potions_floor_usage":[],"damage_taken":[{"damage":0.0,"enemies":"Small Slimes","floor":1.0,"turns":7.0},{"damage":3.0,"enemies":"Cultist","floor":2.0,"turns":5.0},{"damage":1.0,"enemies":"2 Louse","floor":5.0,"turns":3.0},{"damage":11.0,"enemies":"3 Sentries","floor":6.0,"turns":10.0},{"damage":0.0,"enemies":"Exordium Wildlife","floor":11.0,"turns":5.0},{"damage":0.0,"enemies":"Looter","floor":14.0,"turns":2.0},{"damage":20.0,"enemies":"The Guardian","floor":16.0,"turns":14.0},{"damage":46.0,"enemies":"Spheric Guardian","floor":18.0,"turns":8.0},{"damage":1.0,"enemies":"Chosen","floor":19.0,"turns":7.0},{"damage":23,"enemies":"Masked Bandits","floor":22,"turns":3}],"seed_played":"-1331189695694944441","potions_obtained":[{"floor":2.0,"key":"GamblersBrew"},{"floor":6.0,"key":"LiquidBronze"}],"is_trial":false,"path_per_floor":["M","M","?","$","M","E","R","$","T","R","M","R","?","M","R","B",null,"M","M","?","?","?"],"character_chosen":"THE_SILENT","items_purchased":["Well Laid Plans","Explosive Potion"],"campfire_rested":0,"item_purchase_floors":[4,4],"current_hp_per_floor":[63,60,60,60,59,48,48,48,48,48,50,50,50,52,52,34,61,17,18,18,18,0],"gold":193,"neow_bonus":"UPGRADE_CARD","is_prod":false,"is_daily":false,"chose_seed":false,"campfire_upgraded":4,"win_rate":0,"timestamp":1565837521,"path_taken":["M","M","?","?","?","E","R","?","T","R","M","R","?","M","R","BOSS","M","M","?","?","?"],"build_version":"2019-07-17","purchased_purges":0,"victory":false,"max_hp_per_floor":[70,70,70,70,70,70,70,70,70,70,70,70,70,70,70,70,70,70,70,70,70,70],"card_choices":[{"not_picked":["Blade Dance","Poisoned Stab"],"picked":"Cloak And Dagger","floor":1.0},{"not_picked":["Riddle With Holes","Dodge and Roll"],"picked":"Sucker Punch","floor":2.0},{"not_picked":["Flying Knee","Bouncing Flask"],"picked":"PiercingWail","floor":5.0},{"not_picked":["Poisoned Stab","Riddle With Holes"],"picked":"Bullet Time","floor":6.0},{"not_picked":["Dagger Throw","Bane"],"picked":"Calculated Gamble","floor":11.0},{"not_picked":["Quick Slash","Prepared"],"picked":"Deflect","floor":14.0},{"not_picked":["Unload","Storm of Steel"],"picked":"A Thousand Cuts","floor":16.0},{"not_picked":["Accuracy","PiercingWail"],"picked":"Leg Sweep","floor":17.0},{"not_picked":["Deadly Poison","Reflex"],"picked":"Escape Plan","floor":17.0},{"not_picked":["Catalyst","Distraction"],"picked":"Dagger Spray","floor":17.0},{"not_picked":["Underhanded Strike","Concentrate"],"picked":"Dodge and Roll","floor":17.0},{"not_picked":["Poisoned Stab","Calculated Gamble"],"picked":"Dagger Throw","floor":17.0},{"not_picked":["Underhanded Strike","Setup"],"picked":"Predator+1","floor":18.0},{"not_picked":["Blade Dance","Cloak And Dagger"],"picked":"Well Laid Plans+1","floor":19.0}],"player_experience":2205038,"relics_obtained":[{"floor":6.0,"key":"Anchor"},{"floor":9.0,"key":"Blood Vial"}],"event_choices":[{"damage_healed":0.0,"max_hp_gain":0.0,"max_hp_loss":0.0,"gold_gain":0.0,"event_name":"WeMeetAgain","player_choice":"Gave Potion","floor":3.0,"gold_loss":0.0,"damage_taken":0.0,"relics_obtained":["Ancient Tea Set"]},{"damage_healed":0.0,"max_hp_gain":0.0,"max_hp_loss":0.0,"gold_gain":0.0,"cards_transformed":["Defend_G"],"event_name":"Living Wall","player_choice":"Change","floor":13.0,"gold_loss":0.0,"damage_taken":0.0,"cards_obtained":["Heel Hook"]},{"damage_healed":0.0,"max_hp_gain":0.0,"max_hp_loss":0.0,"gold_gain":0.0,"event_name":"The Mausoleum","player_choice":"Opened","floor":20.0,"gold_loss":0.0,"damage_taken":0.0,"relics_obtained":["Dodecahedron"],"cards_obtained":["Writhe"]},{"cards_removed":["Writhe"],"damage_healed":0.0,"max_hp_gain":0.0,"max_hp_loss":0.0,"gold_gain":0.0,"event_name":"Beggar","player_choice":"Gave Gold","floor":21.0,"gold_loss":75.0,"damage_taken":0.0},{"damage_healed":0,"gold_gain":0,"player_choice":"Fought Bandits","damage_taken":0,"max_hp_gain":0,"max_hp_loss":0,"event_name":"Masked Bandits","floor":22,"gold_loss":0}],"is_beta":false,"boss_relics":[{"not_picked":["White Beast Statue","Eternal Feather"],"picked":"Orrery"}],"items_purged_floors":[],"is_endless":false,"potions_floor_spawned":[2,6],"killed_by":"Masked Bandits","ascension_level":10}