{"gold_per_floor":[109,109,83,83,106,106,48,48,75,75,98,98,131,152,152,246,246,260,260,285,285,301,301,342,342,342,342],"floor_reached":27,"playtime":933,"items_purged":[],"score":458,"play_id":"81d0a9ef-4325-4630-96a6-f4ce0b866f42","local_time":"20190822214646","is_ascension_mode":true,"campfire_choices":[{"data":"Noxious Fumes","floor":6,"key":"SMITH"},{"data":"Neutralize","floor":8,"key":"SMITH"},{"data":"Deadly Poison","floor":10,"key":"SMITH"},{"data":"Noxious Fumes","floor":12,"key":"SMITH"},{"data":"Catalyst","floor":15,"key":"SMITH"},{"data":"Ghostly","floor":23,"key":"SMITH"},{"data":"Wraith Form v2","floor":25,"key":"SMITH"}],"neow_cost":"NONE","seed_source_timestamp":87622459472399,"circlet_count":0,"master_deck":["AscendersBane","Strike_G","Strike_G","Strike_G","Strike_G","Strike_G","Defend_G","Defend_G","Defend_G","Defend_G","Defend_G","Survivor","Neutralize+1","Noxious Fumes+1","Deadly Poison","Deadly Poison+1","Noxious Fumes+1","Catalyst+1","Adrenaline","Ghostly+1","Ghostly","Ghostly","Wraith Form v2+1"],"relics":["Ring of the Snake","NeowsBlessing","Golden Idol","Vajra","Lantern","Runic Dome","Sundial","Mummified Hand"],"potions_floor_usage":[24],"damage_taken":[{"damage":0,"enemies":"2 Louse","floor":1,"turns":1},{"damage":0,"enemies":"Jaw Worm","floor":5,"turns":1},{"damage":0,"enemies":"Cultist","floor":11,"turns":1},{"damage":17,"enemies":"Lagavulin","floor":13,"turns":6},{"damage":16,"enemies":"3 Louse","floor":14,"turns":3},{"damage":14,"enemies":"Hexaghost","floor":16,"turns":6},{"damage":15,"enemies":"Shell Parasite","floor":18,"turns":4},{"damage":19,"enemies":"3 Byrds","floor":20,"turns":4},{"damage":3,"enemies":"Snake Plant","floor":22,"turns":4},{"damage":11,"enemies":"Slavers","floor":24,"turns":6},{"damage":4,"enemies":"Gremlin Leader","floor":27,"turns":2}],"seed_played":"2885151983157418316","potions_obtained":[{"floor":11,"key":"LiquidBronze"},{"floor":16,"key":"AttackPotion"},{"floor":20,"key":"GhostInAJar"}],"is_trial":false,"path_per_floor":["M","?","$","?","M","R","$","R","T","R","M","R","E","M","R","B",null,"M","?","M","?","M","R","E","R","T","E"],"character_chosen":"THE_SILENT","items_purchased":["Deadly Poison","Deadly Poison"],"campfire_rested":0,"item_purchase_floors":[3,7],"current_hp_per_floor":[59,64,64,64,64,64,64,64,64,64,64,64,47,31,31,17,52,37,37,18,18,15,15,4,4,4,0],"gold":342,"neow_bonus":"THREE_ENEMY_KILL","is_prod":false,"is_daily":false,"chose_seed":false,"campfire_upgraded":7,"win_rate":0,"timestamp":1566478006,"path_taken":["M","?","$","?","M","R","$","R","T","R","M","R","E","M","R","BOSS","M","?","?","?","M","R","E","R","T","E"],"build_version":"2019-07-17","purchased_purges":0,"victory":false,"max_hp_per_floor":[66,71,71,64,64,64,64,64,64,64,64,64,64,64,64,64,64,64,64,64,32,32,32,32,32,32,32],"card_choices":[{"not_picked":["Bane","Dagger Spray"],"picked":"Noxious Fumes","floor":1},{"not_picked":["Dodge and Roll","Skewer","Blade Dance"],"picked":"SKIP","floor":5},{"not_picked":["Dodge and Roll","Outmaneuver"],"picked":"Noxious Fumes","floor":11},{"not_picked":["Predator","Acrobatics"],"picked":"Catalyst","floor":13},{"not_picked":["Endless Agony","Dagger Spray","Dodge and Roll"],"picked":"SKIP","floor":14},{"not_picked":["Die Die Die","Tools of the Trade"],"picked":"Adrenaline","floor":16},{"not_picked":["Dagger Throw+1","Deadly Poison","Flechettes"],"picked":"SKIP","floor":18},{"not_picked":["Terror+1","Deflect","Cloak And Dagger"],"picked":"SKIP","floor":20},{"not_picked":["Sucker Punch","Dagger Spray","Slice"],"picked":"SKIP","floor":22},{"not_picked":["Terror","Flying Knee"],"picked":"Wraith Form v2","floor":24}],"player_experience":591342,"relics_obtained":[{"floor":9,"key":"Vajra"},{"floor":13,"key":"Lantern"},{"floor":24,"key":"Sundial"},{"floor":26,"key":"Mummified Hand"}],"event_choices":[{"damage_healed":0,"gold_gain":0,"player_choice":"Donut","damage_taken":0,"max_hp_gain":5,"max_hp_loss":0,"event_name":"Big Fish","floor":2,"gold_loss":0},{"damage_healed":0,"gold_gain":0,"player_choice":"Lose Max HP","damage_taken":0,"relics_obtained":["Golden Idol"],"max_hp_gain":0,"max_hp_loss":7,"event_name":"Golden Idol","floor":4,"gold_loss":0},{"damage_healed":0,"gold_gain":0,"player_choice":"0 cards matched","damage_taken":0,"max_hp_gain":0,"max_hp_loss":0,"event_name":"Match and Keep!","floor":19,"gold_loss":0,"cards_obtained":[]},{"damage_healed":0,"gold_gain":0,"player_choice":"Became a Ghost","damage_taken":0,"max_hp_gain":0,"max_hp_loss":32,"event_name":"Ghosts","floor":21,"gold_loss":0,"cards_obtained":["Ghostly","Ghostly","Ghostly"]}],"is_beta":false,"boss_relics":[{"not_picked":["Tiny House","HoveringKite"],"picked":"Runic Dome"}],"items_purged_floors":[],"is_endless":false,"potions_floor_spawned":[11,16,20],"killed_by":"Gremlin Leader","ascension_level":20}