{"gold_per_floor":[114,6,6,18,35,35,46,46,72,72,85,85,119,130,130,226,226,241,255,255,10,10,10,36,36,36,36,48,67,67,67,67,170,170,190,465,102,119,131,163,163,173,219,232,232,307,2,18,18,18],"floor_reached":51,"playtime":3719,"items_purged":["Regret","Defend_B+1"],"score":1024,"play_id":"cf51e303-6f89-4833-a72a-c624fdb79806","local_time":"20190331145118","is_ascension_mode":true,"campfire_choices":[{"data":"Zap","floor":6.0,"key":"SMITH"},{"data":"Blizzard","floor":8.0,"key":"SMITH"},{"data":"Rip and Tear","floor":10.0,"key":"SMITH"},{"floor":15.0,"key":"REST"},{"data":"Undo","floor":23.0,"key":"SMITH"},{"floor":30.0,"key":"REST"},{"data":"Consume","floor":32.0,"key":"SMITH"},{"data":"Enlightenment","floor":41.0,"key":"SMITH"},{"data":"White Noise","floor":45.0,"key":"SMITH"},{"floor":49.0,"key":"REST"}],"neow_cost":"NONE","seed_source_timestamp":0,"circlet_count":0,"master_deck":["Strike_B+1","Strike_B+1","Defend_B+1","Defend_B+1","Defend_B+1","Zap+1","Dualcast","Rip and Tear+1","Go for the Eyes","Bandage Up","Cold Snap","Hologram","Blizzard+1","Compile Driver","Undo+1","Chill","Reboot","Loop+1","White Noise+1","Consume+1","Glacier","Streamline","Echo Form","Glacier+1","Enlightenment+1","FTL+1","Impatience","Ball Lightning","Redo+1"],"special_seed":0,"relics":["Cracked Core","Strawberry","Whetstone","Ancient Tea Set","Inserter","Dead Branch","Blood Vial","Dream Catcher","Regal Pillow","Mercury Hourglass","Nuclear Battery","Bronze Scales","Pear","Bag of Marbles","Cables"],"potions_floor_usage":[50,50,50],"damage_taken":[{"damage":9.0,"enemies":"Jaw Worm","floor":1.0,"turns":3.0},{"damage":3.0,"enemies":"Cultist","floor":4.0,"turns":4.0},{"damage":0.0,"enemies":"2 Louse","floor":5.0,"turns":2.0},{"damage":3.0,"enemies":"Blue Slaver","floor":7.0,"turns":3.0},{"damage":15.0,"enemies":"Exordium Thugs","floor":11.0,"turns":5.0},{"damage":8.0,"enemies":"Gremlin Nob","floor":13.0,"turns":3.0},{"damage":0.0,"enemies":"Looter","floor":14.0,"turns":3.0},{"damage":15.0,"enemies":"The Guardian","floor":16.0,"turns":11.0},{"damage":20.0,"enemies":"Spheric Guardian","floor":18.0,"turns":4.0},{"damage":11.0,"enemies":"Shell Parasite","floor":19.0,"turns":8.0},{"damage":26.0,"enemies":"Gremlin Leader","floor":24.0,"turns":10.0},{"damage":7.0,"enemies":"Snecko","floor":28.0,"turns":4.0},{"damage":10.0,"enemies":"Sentry and Sphere","floor":29.0,"turns":6.0},{"damage":43.0,"enemies":"Automaton","floor":33.0,"turns":12.0},{"damage":12.0,"enemies":"3 Shapes","floor":35.0,"turns":4.0},{"damage":3.0,"enemies":"Orb Walker","floor":38.0,"turns":4.0},{"damage":34.0,"enemies":"Transient","floor":39.0,"turns":5.0},{"damage":7.0,"enemies":"Giant Head","floor":40.0,"turns":11.0},{"damage":9.0,"enemies":"Sphere and 2 Shapes","floor":42.0,"turns":6.0},{"damage":7.0,"enemies":"Maw","floor":44.0,"turns":10.0},{"damage":9.0,"enemies":"Transient","floor":48.0,"turns":5.0},{"damage":65,"enemies":"Time Eater","floor":50,"turns":11}],"seed_played":"-5175886256394464008","potions_obtained":[{"floor":1.0,"key":"FearPotion"},{"floor":7.0,"key":"Strength Potion"},{"floor":11.0,"key":"FearPotion"},{"floor":14.0,"key":"Dexterity Potion"},{"floor":18.0,"key":"SmokeBomb"},{"floor":35.0,"key":"Ancient Potion"},{"floor":38.0,"key":"PowerPotion"},{"floor":42.0,"key":"FocusPotion"},{"floor":48.0,"key":"Regen Potion"}],"is_trial":false,"path_per_floor":["M","$","?","M","M","R","M","R","T","R","M","?","E","M","R","B",null,"M","M","?","$","T","R","E","?","T","?","M","M","R","?","R","B",null,"M","?","$","M","M","E","R","M","T","M","R","T","$","M","R","B",null],"character_chosen":"DEFECT","items_purchased":["Go for the Eyes","Bandage Up","Blood Vial","Fruit Juice","Enlightenment","Bronze Scales","Dexterity Potion","Impatience","Ancient Potion","SpeedPotion"],"campfire_rested":3,"item_purchase_floors":[2,2,21,21,37,37,37,47,47,47],"current_hp_per_floor":[66,66,66,67,71,71,72,72,72,72,61,54,50,54,78,67,78,62,55,55,60,60,60,40,40,40,40,39,35,76,76,76,39,75,69,69,69,76,48,61,61,58,58,57,57,57,57,54,97,55],"gold":18,"neow_bonus":"RANDOM_COMMON_RELIC","is_prod":false,"is_daily":false,"chose_seed":false,"campfire_upgraded":7,"win_rate":0,"timestamp":1554058278,"path_taken":["M","$","?","M","M","R","?","R","T","R","?","?","E","M","R","BOSS","M","M","?","$","?","R","E","?","T","?","M","M","R","?","R","BOSS","M","?","$","?","M","E","R","?","T","M","R","?","$","M","R","BOSS"],"build_version":"2019-01-23","purchased_purges":2,"victory":true,"max_hp_per_floor":[82,82,82,82,82,82,82,82,82,82,82,82,82,82,82,82,82,82,82,82,87,87,87,87,87,87,87,87,87,87,87,87,87,87,87,87,87,87,87,97,97,97,97,97,97,97,97,97,97,97],"card_choices":[{"not_picked":["Doom and Gloom","Compile Driver"],"picked":"Rip and Tear","floor":1.0},{"not_picked":["Leap","Tempest"],"picked":"Cold Snap","floor":4.0},{"not_picked":["Streamline","Stack"],"picked":"Hologram","floor":5.0},{"not_picked":["Consume","Streamline"],"picked":"Blizzard","floor":7.0},{"not_picked":["Scrape","Stack"],"picked":"Compile Driver","floor":11.0},{"not_picked":["Rebound","Melter"],"picked":"Undo","floor":13.0},{"not_picked":["Sweeping Beam","Turbo"],"picked":"Chill","floor":14.0},{"not_picked":["All For One","Thunder Strike"],"picked":"Reboot","floor":16.0},{"not_picked":["Beam Cell","Aggregate"],"picked":"Loop+1","floor":18.0},{"not_picked":["Heatsinks","Streamline"],"picked":"White Noise","floor":19.0},{"not_picked":["Static Discharge+1","Capacitor"],"picked":"Consume","floor":24.0},{"not_picked":["Hologram","Force Field","Doom and Gloom"],"picked":"SKIP","floor":28.0},{"not_picked":["Compile Driver+1","Barrage"],"picked":"Glacier","floor":29.0},{"not_picked":["Cold Snap","Reinforced Body"],"picked":"Streamline","floor":30.0},{"not_picked":["Rainbow","Fission"],"picked":"Echo Form","floor":33.0},{"not_picked":["Scrape","Undo+1"],"picked":"Glacier+1","floor":35.0},{"not_picked":["Scrape+1","Chaos+1","Rebound+1"],"picked":"SKIP","floor":38.0},{"not_picked":["Leap","Beam Cell+1"],"picked":"FTL+1","floor":39.0},{"not_picked":["Storm+1","Coolheaded+1","Amplify"],"picked":"SKIP","floor":40.0},{"not_picked":["Gash+1","Rebound+1","Skim"],"picked":"SKIP","floor":42.0},{"not_picked":["Sweeping Beam+1","Coolheaded+1","Genetic Algorithm+1"],"picked":"SKIP","floor":44.0},{"not_picked":["Sweeping Beam","Cold Snap+1"],"picked":"Ball Lightning","floor":48.0},{"not_picked":["Streamline","Turbo"],"picked":"Redo+1","floor":49.0}],"player_experience":521850,"relics_obtained":[{"floor":9.0,"key":"Whetstone"},{"floor":13.0,"key":"Ancient Tea Set"},{"floor":22.0,"key":"Dream Catcher"},{"floor":24.0,"key":"Regal Pillow"},{"floor":26.0,"key":"Mercury Hourglass"},{"floor":40.0,"key":"Pear"},{"floor":43.0,"key":"Bag of Marbles"},{"floor":46.0,"key":"Cables"}],"event_choices":[{"cards_removed":["Strike_B"],"damage_healed":0.0,"max_hp_gain":0.0,"max_hp_loss":0.0,"gold_gain":0.0,"event_name":"Bonfire Elementals","player_choice":"Offered Basic","floor":3.0,"gold_loss":0.0,"damage_taken":0.0},{"cards_removed":["Strike_B"],"damage_healed":0.0,"max_hp_gain":0.0,"max_hp_loss":0.0,"gold_gain":0.0,"event_name":"Golden Wing","player_choice":"Card Removal","floor":12.0,"gold_loss":0.0,"damage_taken":7.0},{"damage_healed":0.0,"max_hp_gain":0.0,"max_hp_loss":0.0,"gold_gain":0.0,"event_name":"WeMeetAgain","player_choice":"Gave Potion","floor":20.0,"gold_loss":0.0,"damage_taken":0.0,"relics_obtained":["Dead Branch"]},{"damage_healed":0.0,"max_hp_gain":0.0,"max_hp_loss":0.0,"gold_gain":0.0,"event_name":"Beggar","player_choice":"Ignored","floor":25.0,"gold_loss":0.0,"damage_taken":0.0},{"damage_healed":0.0,"max_hp_gain":0.0,"max_hp_loss":0.0,"gold_gain":0.0,"event_name":"Back to Basics","player_choice":"Simplicity","floor":27.0,"gold_loss":0.0,"damage_taken":0.0,"cards_upgraded":["Defend_B","Defend_B","Defend_B","Defend_B"]},{"damage_healed":0.0,"max_hp_gain":0.0,"max_hp_loss":0.0,"gold_gain":0.0,"event_name":"Ghosts","player_choice":"Ignored","floor":31.0,"gold_loss":0.0,"damage_taken":0.0},{"damage_healed":0.0,"max_hp_gain":0.0,"max_hp_loss":0.0,"gold_gain":275.0,"event_name":"Golden Shrine","player_choice":"Desecrate","floor":36.0,"gold_loss":0.0,"damage_taken":0.0,"cards_obtained":["Regret"]}],"is_beta":false,"boss_relics":[{"not_picked":["Eternal Feather","Velvet Choker"],"picked":"Inserter"},{"not_picked":["Runic Pyramid","Pandora\u0027s Box"],"picked":"Nuclear Battery"}],"items_purged_floors":[37,47],"is_endless":false,"potions_floor_spawned":[1,7,11,14,18,35,38,42,48],"ascension_level":9}