{"gold_per_floor":[115,115,131,147,167,167,183,183,260,335,356,356,5,36,36,160,160,131,156,255,255,270,270,12,32,32,32,0,0,14,29,29,29],"floor_reached":33,"playtime":3027,"items_purged":["Injury"],"score":299,"play_id":"953592a3-cc03-482d-b23b-cb92ca3501ff","local_time":"20190108002438","is_ascension_mode":true,"campfire_choices":[{"data":"Sucker Punch","floor":6.0,"key":"SMITH"},{"data":"Cloak And Dagger","floor":12.0,"key":"SMITH"},{"floor":15.0,"key":"REST"},{"floor":23,"key":"REST"},{"data":"Leg Sweep","floor":27,"key":"SMITH"},{"data":"Well Laid Plans","floor":32,"key":"SMITH"}],"neow_cost":"NONE","seed_source_timestamp":0,"circlet_count":0,"master_deck":["Defend_G","Defend_G","Defend_G","Defend_G","Defend_G","Strike_G","Strike_G","Strike_G","Strike_G","Strike_G","Survivor","Neutralize+1","Sucker Punch+1","Flying Knee","Cloak And Dagger+1","Leg Sweep+1","Well Laid Plans+1","Adrenaline","Flying Knee+1","Deflect","PiercingWail","Backflip"],"special_seed":0,"relics":["Ring of the Snake","Golden Idol","Matryoshka","TwistedFunnel","Ginger","Busted Crown","Enchiridion","Frozen Egg 2","Regal Pillow","Sundial"],"potions_floor_usage":[25,33,33,33],"damage_taken":[{"damage":0.0,"enemies":"2 Louse","floor":1.0,"turns":3.0},{"damage":1.0,"enemies":"Jaw Worm","floor":3.0,"turns":5.0},{"damage":3.0,"enemies":"Small Slimes","floor":4.0,"turns":4.0},{"damage":0.0,"enemies":"Exordium Thugs","floor":5.0,"turns":4.0},{"damage":0.0,"enemies":"Large Slime","floor":7.0,"turns":6.0},{"damage":5.0,"enemies":"Looter","floor":11.0,"turns":4.0},{"damage":18.0,"enemies":"Lagavulin","floor":14.0,"turns":6.0},{"damage":46.0,"enemies":"The Guardian","floor":16.0,"turns":19.0},{"damage":8,"enemies":"2 Thieves","floor":18,"turns":5},{"damage":0,"enemies":"3 Byrds","floor":19,"turns":5},{"damage":16,"enemies":"Sentry and Sphere","floor":22,"turns":7},{"damage":4,"enemies":"Centurion and Healer","floor":25,"turns":5},{"damage":0,"enemies":"Snecko","floor":30,"turns":5},{"damage":5,"enemies":"Snake Plant","floor":31,"turns":4},{"damage":74,"enemies":"Champ","floor":33,"turns":26}],"seed_played":"7173807534815741791","potions_obtained":[{"floor":1.0,"key":"Block Potion"},{"floor":4.0,"key":"Regen Potion"},{"floor":5.0,"key":"Ancient Potion"},{"floor":16.0,"key":"Dexterity Potion"},{"floor":22,"key":"Fire Potion"},{"floor":29,"key":"Energy Potion"},{"floor":29,"key":"AttackPotion"},{"floor":31,"key":"Regen Potion"}],"is_trial":false,"path_per_floor":["M","?","M","M","M","R","M","?","T","?","M","R","$","E","R","B",null,"M","M","?","?","M","R","$","M","T","R","?","?","M","M","R","B"],"character_chosen":"THE_SILENT","items_purchased":["TwistedFunnel","Leg Sweep","Frozen Egg 2"],"campfire_rested":2,"item_purchase_floors":[13,13,24],"current_hp_per_floor":[70,58,57,54,66,66,66,66,66,55,50,50,50,32,53,7,70,62,62,62,46,30,51,51,47,47,47,47,47,47,42,42,0],"gold":29,"neow_bonus":"UPGRADE_CARD","is_prod":false,"is_daily":false,"chose_seed":false,"campfire_upgraded":4,"win_rate":0,"timestamp":1546932278,"path_taken":["M","?","M","M","M","R","M","?","T","?","?","R","$","E","R","BOSS","M","M","?","?","M","R","$","M","T","R","?","?","M","M","R","BOSS"],"build_version":"2019-01-03v4","purchased_purges":1,"victory":false,"max_hp_per_floor":[70,70,70,70,70,70,70,70,70,70,70,70,70,70,70,70,70,70,70,70,70,70,70,70,70,70,70,70,70,70,70,70,70],"card_choices":[{"not_picked":["Heel Hook","Bane","Eviscerate"],"picked":"SKIP","floor":1.0},{"not_picked":["Underhanded Strike","Blade Dance"],"picked":"Sucker Punch","floor":3.0},{"not_picked":["PiercingWail","Sucker Punch"],"picked":"Flying Knee","floor":4.0},{"not_picked":["Doppelganger","Finisher","Outmaneuver"],"picked":"SKIP","floor":5.0},{"not_picked":["Bane","Outmaneuver"],"picked":"Cloak And Dagger","floor":7.0},{"not_picked":["Sucker Punch","Masterful Stab","Underhanded Strike"],"picked":"SKIP","floor":11.0},{"not_picked":["Finisher","Bane"],"picked":"Well Laid Plans","floor":14.0},{"not_picked":["Unload","Burst"],"picked":"Adrenaline","floor":16.0},{"not_picked":["Dodge and Roll"],"picked":"SKIP","floor":18},{"not_picked":[],"picked":"Flying Knee+1","floor":19},{"not_picked":[],"picked":"Deflect","floor":22},{"not_picked":[],"picked":"PiercingWail","floor":25},{"not_picked":[],"picked":"Backflip","floor":30},{"not_picked":["Poisoned Stab"],"picked":"SKIP","floor":31}],"player_experience":1682062,"relics_obtained":[{"floor":9.0,"key":"Matryoshka"},{"floor":14.0,"key":"Ginger"},{"floor":21,"key":"Enchiridion"},{"floor":26,"key":"Regal Pillow"},{"floor":26,"key":"Sundial"}],"event_choices":[{"damage_healed":0.0,"max_hp_gain":0.0,"max_hp_loss":0.0,"gold_gain":0.0,"event_name":"Scrap Ooze","player_choice":"Fled","floor":2.0,"gold_loss":0.0,"damage_taken":12.0},{"damage_healed":0.0,"max_hp_gain":0.0,"max_hp_loss":0.0,"gold_gain":0.0,"event_name":"Golden Idol","player_choice":"Take Wound","floor":8.0,"gold_loss":0.0,"damage_taken":0.0,"relics_obtained":["Golden Idol"],"cards_obtained":["Injury"]},{"damage_healed":0.0,"max_hp_gain":0.0,"max_hp_loss":0.0,"gold_gain":75.0,"event_name":"World of Goop","player_choice":"Gather Gold","floor":10.0,"gold_loss":0.0,"damage_taken":11.0},{"damage_healed":0,"gold_gain":99,"player_choice":"Stole From Cult","damage_taken":0,"max_hp_gain":0,"max_hp_loss":0,"event_name":"Nest","floor":20,"gold_loss":0},{"damage_healed":0,"gold_gain":0,"player_choice":"Obtained Book","damage_taken":16,"max_hp_gain":0,"max_hp_loss":0,"event_name":"Cursed Tome","floor":21,"gold_loss":0},{"damage_healed":0,"gold_gain":0,"player_choice":"Paid Fearfully","damage_taken":0,"max_hp_gain":0,"max_hp_loss":0,"event_name":"Masked Bandits","floor":28,"gold_loss":32},{"damage_healed":0,"gold_gain":0,"player_choice":"Got Potions","damage_taken":0,"max_hp_gain":0,"max_hp_loss":0,"event_name":"Lab","floor":29,"gold_loss":0}],"is_beta":false,"boss_relics":[{"not_picked":["Tiny House","White Beast Statue"],"picked":"Busted Crown"}],"items_purged_floors":[13],"is_endless":false,"potions_floor_spawned":[1,4,5,16,22,30,31],"killed_by":"Champ","ascension_level":4}