{"gold_per_floor":[141,141,141,216,226,226,256,256,256,284,304,322,322,335,335,411,411,422,422,472,30,47,47,78,78,78,78,27,61,76,101,101,178,178,191,203,203,220,236,263,280,308,308,308,308,335,347,364,364,364,364,364,364,55,88,88],"floor_reached":57,"playtime":6088,"items_purged":["Clash"],"score":3420,"play_id":"3326bba0-32b0-46e7-a3f4-f948ef0b42bf","local_time":"20190721230911","is_ascension_mode":true,"campfire_choices":[{"floor":6,"key":"REST"},{"data":"Clothesline","floor":8,"key":"SMITH"},{"data":"Havoc","floor":15,"key":"SMITH"},{"floor":23,"key":"REST"},{"data":"Uppercut","floor":25,"key":"SMITH"},{"floor":32,"key":"REST"},{"data":"Feel No Pain","floor":44,"key":"SMITH"},{"floor":49,"key":"RECALL"},{"data":"Feel No Pain","floor":53,"key":"SMITH"}],"neow_cost":"NONE","seed_source_timestamp":510882648091742,"circlet_count":0,"master_deck":["AscendersBane","Bash+1","Sword Boomerang","Clothesline+1","Havoc+1","Offering","Headbutt","Inflame","Impervious","Battle Trance","Uppercut+1","Whirlwind","Iron Wave+1","Limit Break","Armaments","Intimidate","Second Wind","Corruption","Feel No Pain+1","Sentinel+1","Inflame+1","True Grit+1","Infernal Blade+1","Seeing Red+1","Warcry+1","Reaper+1","Shrug It Off+1","True Grit+1","Armaments+1","Spot Weakness+1","Feel No Pain+1","Second Wind+1"],"relics":["Burning Blood","Tiny Chest","Gremlin Horn","Dead Branch","Ginger","Letter Opener","Pandora\u0027s Box","Toxic Egg 2","Centennial Puzzle","Sundial","Ornamental Fan","Darkstone Periapt","Snecko Eye","Whetstone","Incense Burner","Paper Frog","Dodecahedron","Nunchaku"],"potions_floor_usage":[7,12,16,56,56],"damage_taken":[{"damage":14,"enemies":"Jaw Worm","floor":1,"turns":4},{"damage":7,"enemies":"Small Slimes","floor":5,"turns":3},{"damage":28,"enemies":"3 Sentries","floor":7,"turns":12},{"damage":21,"enemies":"Gremlin Nob","floor":10,"turns":4},{"damage":0,"enemies":"2 Louse","floor":11,"turns":2},{"damage":10,"enemies":"Large Slime","floor":12,"turns":6},{"damage":12,"enemies":"Looter","floor":14,"turns":2},{"damage":6,"enemies":"Slime Boss","floor":16,"turns":4},{"damage":28,"enemies":"2 Thieves","floor":18,"turns":3},{"damage":20,"enemies":"Shell Parasite","floor":22,"turns":3},{"damage":27,"enemies":"Slavers","floor":24,"turns":5},{"damage":6,"enemies":"Gremlin Leader","floor":29,"turns":4},{"damage":6,"enemies":"Sentry and Sphere","floor":30,"turns":2},{"damage":25,"enemies":"Slavers","floor":31,"turns":2},{"damage":6,"enemies":"Champ","floor":33,"turns":4},{"damage":6,"enemies":"Orb Walker","floor":35,"turns":2},{"damage":6,"enemies":"3 Darklings","floor":36,"turns":3},{"damage":9,"enemies":"Sphere and 2 Shapes","floor":38,"turns":3},{"damage":6,"enemies":"Writhing Mass","floor":39,"turns":4},{"damage":6,"enemies":"Giant Head","floor":40,"turns":1},{"damage":6,"enemies":"4 Shapes","floor":41,"turns":2},{"damage":6,"enemies":"Nemesis","floor":42,"turns":3},{"damage":33,"enemies":"Reptomancer","floor":46,"turns":5},{"damage":6,"enemies":"Maw","floor":47,"turns":3},{"damage":7,"enemies":"Transient","floor":48,"turns":6},{"damage":6,"enemies":"Donu and Deca","floor":50,"turns":7},{"damage":17,"enemies":"Time Eater","floor":51,"turns":13},{"damage":0,"enemies":"Shield and Spear","floor":55,"turns":6},{"damage":13,"enemies":"The Heart","floor":56,"turns":7}],"seed_played":"3090785386566782360","potions_obtained":[{"floor":1,"key":"PowerPotion"},{"floor":10,"key":"Poison Potion"},{"floor":11,"key":"BloodPotion"},{"floor":16,"key":"Dexterity Potion"},{"floor":24,"key":"SmokeBomb"},{"floor":30,"key":"Fire Potion"},{"floor":35,"key":"Energy Potion"},{"floor":42,"key":"PowerPotion"}],"is_trial":false,"path_per_floor":["M","?","?","?","M","R","E","R","T","E","M","M","T","M","R","B",null,"M","?","?","$","M","R","E","R","T","?","$","E","M","E","R","B",null,"M","M","T","M","M","E","M","E","T","R","?","E","M","M","R","B","B",null,"R","$","E","B",null],"character_chosen":"IRONCLAD","items_purchased":["Toxic Egg 2","Feel No Pain","True Grit+1","Dodecahedron","Second Wind+1"],"campfire_rested":3,"item_purchase_floors":[21,21,28,54,54],"current_hp_per_floor":[60,60,37,26,25,47,25,25,25,10,16,30,30,24,24,24,62,40,40,40,40,26,48,27,27,27,27,27,27,27,8,30,30,64,75,75,75,75,75,75,75,75,75,75,75,75,75,74,74,75,75,75,75,75,75,75],"gold":88,"neow_bonus":"RANDOM_COMMON_RELIC","is_prod":false,"is_daily":false,"chose_seed":false,"campfire_upgraded":5,"win_rate":0,"timestamp":1563718151,"path_taken":["M","?","?","?","M","R","E","R","T","E","M","M","?","M","R","BOSS","M","?","?","$","M","R","E","R","T","?","$","E","M","E","R","BOSS","M","?","?","M","M","E","M","E","T","R","?","E","?","M","R","BOSS","BOSS","R","$","E","BOSS"],"build_version":"2019-07-17","purchased_purges":1,"victory":true,"max_hp_per_floor":[75,75,75,75,75,75,75,75,75,75,75,75,75,75,75,75,75,75,75,75,75,75,75,75,75,75,75,75,75,75,75,75,75,75,75,75,75,75,75,75,75,75,75,75,75,75,75,75,75,75,75,75,75,75,75,75],"card_choices":[{"not_picked":["Bloodletting","Headbutt"],"picked":"Sword Boomerang","floor":1},{"not_picked":["Flex","True Grit"],"picked":"Twin Strike","floor":5},{"not_picked":["Iron Wave","Warcry"],"picked":"Clothesline","floor":7},{"not_picked":["Rampage","Twin Strike"],"picked":"Havoc","floor":10},{"not_picked":["Reckless Charge","Rampage"],"picked":"Offering","floor":11},{"not_picked":["Perfected Strike","Warcry"],"picked":"Headbutt","floor":12},{"not_picked":["Flex","True Grit"],"picked":"Inflame","floor":14},{"not_picked":["Double Tap","Dark Embrace"],"picked":"Impervious","floor":16},{"not_picked":["Entrench","Inflame"],"picked":"Second Wind","floor":18},{"not_picked":["Pommel Strike","Shrug It Off+1"],"picked":"Sentinel+1","floor":22},{"not_picked":["Heavy Blade","Uppercut"],"picked":"Inflame+1","floor":24},{"not_picked":["Thunderclap","Infernal Blade+1","Anger"],"picked":"SKIP","floor":29},{"not_picked":["Thunderclap","Infernal Blade+1","Anger"],"picked":"SKIP","floor":29},{"not_picked":["Thunderclap","Anger"],"picked":"Infernal Blade+1","floor":29},{"not_picked":["Clothesline","Battle Trance+1"],"picked":"Seeing Red+1","floor":30},{"not_picked":["Heavy Blade","Sword Boomerang"],"picked":"Warcry+1","floor":31},{"not_picked":["Demon Form","Limit Break+1"],"picked":"Reaper","floor":33},{"not_picked":["Twin Strike+1","Reckless Charge"],"picked":"Shrug It Off+1","floor":35},{"not_picked":["Warcry+1","Clothesline+1"],"picked":"True Grit+1","floor":36},{"not_picked":["Corruption","Cleave+1"],"picked":"Armaments+1","floor":38},{"not_picked":["Iron Wave","Pommel Strike+1","Heavy Blade"],"picked":"SKIP","floor":39},{"not_picked":["Brutality","Havoc+1","Thunderclap"],"picked":"SKIP","floor":40},{"not_picked":["Clash","Body Slam+1","Corruption+1"],"picked":"SKIP","floor":41},{"not_picked":["Flex+1","Fire Breathing+1","Perfected Strike"],"picked":"SKIP","floor":42},{"not_picked":["Evolve+1","Clash","Perfected Strike"],"picked":"SKIP","floor":46},{"not_picked":["Perfected Strike","Entrench+1"],"picked":"Spot Weakness+1","floor":47},{"not_picked":["Impervious+1","Clothesline"],"picked":"Feel No Pain","floor":48},{"not_picked":["Heavy Blade","Entrench+1","Headbutt"],"picked":"SKIP","floor":55}],"player_experience":569739,"relics_obtained":[{"floor":7,"key":"Gremlin Horn"},{"floor":9,"key":"Dead Branch"},{"floor":10,"key":"Ginger"},{"floor":13,"key":"Letter Opener"},{"floor":24,"key":"Centennial Puzzle"},{"floor":26,"key":"Sundial"},{"floor":29,"key":"Ornamental Fan"},{"floor":31,"key":"Darkstone Periapt"},{"floor":40,"key":"Whetstone"},{"floor":42,"key":"Incense Burner"},{"floor":46,"key":"Paper Frog"},{"floor":55,"key":"Nunchaku"}],"event_choices":[{"damage_healed":0,"gold_gain":0,"player_choice":"Grow","damage_taken":0,"max_hp_gain":0,"max_hp_loss":0,"event_name":"Living Wall","floor":2,"gold_loss":0,"cards_upgraded":["Bash"]},{"damage_healed":0,"gold_gain":0,"player_choice":"Entered Light","damage_taken":23,"max_hp_gain":0,"max_hp_loss":0,"event_name":"Shining Light","floor":3,"gold_loss":0,"cards_upgraded":["Strike_R","Defend_R"]},{"damage_healed":0,"gold_gain":75,"player_choice":"Gather Gold","damage_taken":11,"max_hp_gain":0,"max_hp_loss":0,"event_name":"World of Goop","floor":4,"gold_loss":0},{"damage_healed":0,"gold_gain":0,"player_choice":"Read","damage_taken":0,"max_hp_gain":0,"max_hp_loss":0,"event_name":"The Library","floor":19,"gold_loss":0,"cards_obtained":["Corruption"]},{"damage_healed":0,"gold_gain":50,"player_choice":"Stole From Cult","damage_taken":0,"max_hp_gain":0,"max_hp_loss":0,"event_name":"Nest","floor":20,"gold_loss":0},{"cards_removed":["Clash"],"damage_healed":0,"gold_gain":0,"player_choice":"Purged","damage_taken":0,"max_hp_gain":0,"max_hp_loss":0,"event_name":"Purifier","floor":27,"gold_loss":0},{"cards_removed":["Twin Strike"],"damage_healed":5,"gold_gain":0,"player_choice":"Offered Common","damage_taken":0,"max_hp_gain":0,"max_hp_loss":0,"event_name":"Bonfire Elementals","floor":45,"gold_loss":0},{"cards_removed":["Twin Strike"],"damage_healed":5,"gold_gain":0,"player_choice":"Offered Special","damage_taken":0,"max_hp_gain":0,"max_hp_loss":0,"event_name":"Bonfire Elementals","floor":45,"gold_loss":0}],"is_beta":false,"boss_relics":[{"not_picked":["Coffee Dripper","Fusion Hammer"],"picked":"Pandora\u0027s Box"},{"not_picked":["Runic Cube","Black Star"],"picked":"Snecko Eye"}],"items_purged_floors":[21],"is_endless":false,"potions_floor_spawned":[1,10,11,16,24,30,35,36,42,46,47],"ascension_level":20}