{"gold_per_floor":[116,116,86,13,24,24,55,55,55,66,66,82,82],"floor_reached":13,"playtime":246,"items_purged":[],"score":108,"play_id":"9a3d77e9-4a45-4ddc-89d3-9360392f7dd9","local_time":"20190812190117","is_ascension_mode":false,"campfire_choices":[{"data":"Tactician","floor":6,"key":"SMITH"},{"data":"Outmaneuver","floor":8,"key":"SMITH"}],"neow_cost":"NONE","seed_source_timestamp":653811567286014,"circlet_count":0,"master_deck":["Strike_G","Strike_G","Strike_G","Strike_G","Strike_G","Defend_G","Defend_G","Defend_G","Defend_G","Defend_G","Survivor","Neutralize","PiercingWail","Tactician+1","Deflect","Outmaneuver+1","Cloak And Dagger","Prepared"],"relics":["Ring of the Snake","NeowsBlessing","Mercury Hourglass","Letter Opener"],"potions_floor_usage":[],"damage_taken":[{"damage":0,"enemies":"2 Louse","floor":1,"turns":1},{"damage":0,"enemies":"Small Slimes","floor":5,"turns":1},{"damage":0,"enemies":"3 Sentries","floor":7,"turns":1},{"damage":0,"enemies":"Jaw Worm","floor":10,"turns":5},{"damage":0,"enemies":"Large Slime","floor":12,"turns":7},{"damage":60,"enemies":"Gremlin Nob","floor":13,"turns":6}],"seed_played":"4671266728054170005","potions_obtained":[{"floor":5,"key":"LiquidBronze"},{"floor":10,"key":"Regen Potion"}],"is_trial":false,"path_per_floor":["M","?","?","$","M","R","E","R","T","M","?","M","E"],"character_chosen":"THE_SILENT","items_purchased":["Tactician"],"campfire_rested":0,"item_purchase_floors":[4],"current_hp_per_floor":[70,70,70,70,70,70,70,70,70,70,70,70,10],"gold":82,"neow_bonus":"THREE_ENEMY_KILL","is_prod":false,"is_daily":false,"chose_seed":false,"campfire_upgraded":2,"win_rate":0,"timestamp":1565607677,"path_taken":["M","?","?","?","M","R","E","R","T","M","?","?","E"],"build_version":"2019-07-17","purchased_purges":0,"victory":false,"max_hp_per_floor":[70,70,70,70,70,70,70,70,70,70,70,70,70],"card_choices":[{"not_picked":["Deflect","Prepared"],"picked":"PiercingWail","floor":1},{"not_picked":["Poisoned Stab","Bane"],"picked":"Deflect","floor":5},{"not_picked":["Dodge and Roll","Skewer"],"picked":"Outmaneuver","floor":7},{"not_picked":["Eviscerate","Caltrops"],"picked":"Cloak And Dagger","floor":10},{"not_picked":["Deflect","Setup"],"picked":"Prepared","floor":12}],"player_experience":192070,"relics_obtained":[{"floor":7,"key":"Mercury Hourglass"},{"floor":9,"key":"Letter Opener"}],"event_choices":[{"damage_healed":0,"gold_gain":0,"player_choice":"Ignored","damage_taken":0,"max_hp_gain":0,"max_hp_loss":0,"event_name":"Golden Wing","floor":2,"gold_loss":0},{"damage_healed":0,"gold_gain":0,"player_choice":"Left Gold","damage_taken":0,"max_hp_gain":0,"max_hp_loss":0,"event_name":"World of Goop","floor":3,"gold_loss":30},{"damage_healed":0,"gold_gain":0,"player_choice":"Ignored","damage_taken":0,"max_hp_gain":0,"max_hp_loss":0,"event_name":"NoteForYourself","floor":11,"gold_loss":0}],"is_beta":false,"boss_relics":[],"items_purged_floors":[],"is_endless":false,"potions_floor_spawned":[5,10],"killed_by":"Gremlin Nob","ascension_level":0}