{"gold_per_floor":[114,114,133,148,111,111,76,76,76,34,50,81,81,94,94,167,167,183,33,31,0,14,14,25,25,25,38,58,86,86],"floor_reached":30,"playtime":1128,"items_purged":["Strike_B"],"score":454,"play_id":"a7ae5c71-ffdf-4b6f-9ca2-189934f2410e","local_time":"20190820075010","is_ascension_mode":true,"campfire_choices":[{"data":"Static Discharge","floor":6.0,"key":"SMITH"},{"data":"Zap","floor":8.0,"key":"SMITH"},{"data":"Biased Cognition","floor":13.0,"key":"SMITH"},{"data":"Defragment","floor":15.0,"key":"SMITH"},{"data":"Glacier","floor":23.0,"key":"SMITH"},{"data":"Capacitor","floor":25.0,"key":"SMITH"}],"neow_cost":"NONE","seed_source_timestamp":292968448502393,"circlet_count":0,"master_deck":["AscendersBane","Strike_B","Strike_B","Defend_B+1","Defend_B+1","Defend_B","Defend_B","Zap+1","Dualcast","White Noise","Rebound","Static Discharge+1","Defragment+1","Cold Snap","Biased Cognition+1","Self Repair","Electrodynamics","BootSequence","Capacitor+1","Steam Power+1","Glacier+1","Ball Lightning+1","Defragment","Glacier","Undo"],"special_seed":0,"relics":["Cracked Core","Boot","Calipers","Nuclear Battery","PreservedInsect","Unceasing Top"],"potions_floor_usage":[28,29],"damage_taken":[{"damage":9.0,"enemies":"Jaw Worm","floor":1.0,"turns":3.0},{"damage":4.0,"enemies":"2 Louse","floor":3.0,"turns":3.0},{"damage":1.0,"enemies":"Small Slimes","floor":4.0,"turns":3.0},{"damage":9.0,"enemies":"Looter","floor":11.0,"turns":2.0},{"damage":9.0,"enemies":"Lagavulin","floor":12.0,"turns":5.0},{"damage":3.0,"enemies":"2 Fungi Beasts","floor":14.0,"turns":3.0},{"damage":7.0,"enemies":"Hexaghost","floor":16.0,"turns":8.0},{"damage":11.0,"enemies":"Spheric Guardian","floor":18.0,"turns":3.0},{"damage":10.0,"enemies":"2 Thieves","floor":20.0,"turns":4.0},{"damage":22.0,"enemies":"Shelled Parasite and Fungi","floor":22.0,"turns":4.0},{"damage":10.0,"enemies":"Centurion and Healer","floor":24.0,"turns":6.0},{"damage":9.0,"enemies":"Snake Plant","floor":27.0,"turns":4.0},{"damage":31,"enemies":"Shelled Parasite and Fungi","floor":28,"turns":5},{"damage":13,"enemies":"Gremlin Leader","floor":29,"turns":4},{"damage":11,"enemies":"3 Cultists","floor":30,"turns":2}],"seed_played":"-9033505781878968634","potions_obtained":[{"floor":3.0,"key":"Strength Potion"},{"floor":16.0,"key":"Fire Potion"},{"floor":22.0,"key":"Regen Potion"},{"floor":24.0,"key":"Energy Potion"}],"is_trial":false,"path_per_floor":["M","?","M","M","?","R","?","R","T","$","M","E","R","M","R","B",null,"M","$","M","?","M","R","M","R","T","M","M","E","M"],"character_chosen":"DEFECT","items_purchased":["Defragment","Capacitor"],"campfire_rested":0,"item_purchase_floors":[10,19],"current_hp_per_floor":[55,34,30,29,29,29,46,46,46,46,37,28,28,25,25,25,60,56,56,53,53,31,31,43,43,43,41,17,11,0],"gold":86,"neow_bonus":"REMOVE_CARD","is_prod":false,"is_daily":false,"chose_seed":false,"campfire_upgraded":6,"win_rate":0,"timestamp":1566305410,"path_taken":["M","?","M","M","?","R","?","R","T","$","M","E","R","M","R","BOSS","M","$","M","?","M","R","M","R","T","M","M","E","M"],"build_version":"2019-07-17","purchased_purges":1,"victory":false,"max_hp_per_floor":[71,71,71,71,71,71,71,71,71,71,71,71,71,71,71,71,71,71,71,71,71,71,71,71,71,71,71,71,71,71],"card_choices":[{"not_picked":["Leap","Go for the Eyes"],"picked":"White Noise","floor":1.0},{"not_picked":["Storm","FTL"],"picked":"Rebound","floor":3.0},{"not_picked":["Stack","Turbo"],"picked":"Static Discharge","floor":4.0},{"not_picked":["Heatsinks","Static Discharge"],"picked":"Cold Snap","floor":11.0},{"not_picked":["Sunder","Go for the Eyes"],"picked":"Biased Cognition","floor":12.0},{"not_picked":["Barrage","Rebound"],"picked":"Self Repair","floor":14.0},{"not_picked":["Reboot","Machine Learning"],"picked":"Electrodynamics","floor":16.0},{"not_picked":["Sweeping Beam+1","Scrape"],"picked":"BootSequence","floor":18.0},{"not_picked":["Stack","BootSequence"],"picked":"Steam Power+1","floor":20.0},{"not_picked":["Turbo","Blizzard"],"picked":"Glacier","floor":22.0},{"not_picked":["Coolheaded","Consume"],"picked":"Ball Lightning+1","floor":24.0},{"not_picked":["FTL","Sweeping Beam"],"picked":"Defragment","floor":27.0},{"not_picked":["Hologram","Coolheaded"],"picked":"Glacier","floor":28},{"not_picked":["Stack","Meteor Strike"],"picked":"Undo","floor":29}],"player_experience":280491,"relics_obtained":[{"floor":9.0,"key":"Boot"},{"floor":12.0,"key":"Calipers"},{"floor":26.0,"key":"PreservedInsect"},{"floor":29,"key":"Unceasing Top"}],"event_choices":[{"damage_healed":0.0,"max_hp_gain":0.0,"max_hp_loss":0.0,"gold_gain":0.0,"event_name":"Shining Light","player_choice":"Entered Light","floor":2.0,"gold_loss":0.0,"damage_taken":21.0,"cards_upgraded":["Defend_B","Defend_B"]},{"damage_healed":0.0,"max_hp_gain":0.0,"max_hp_loss":0.0,"gold_gain":0.0,"event_name":"World of Goop","player_choice":"Left Gold","floor":5.0,"gold_loss":37.0,"damage_taken":0.0},{"damage_healed":17.0,"max_hp_gain":0.0,"max_hp_loss":0.0,"gold_gain":0.0,"event_name":"The Cleric","player_choice":"Healed","floor":7.0,"gold_loss":35.0,"damage_taken":0.0},{"damage_healed":0.0,"max_hp_gain":0.0,"max_hp_loss":0.0,"gold_gain":0.0,"event_name":"Masked Bandits","player_choice":"Paid Fearfully","floor":21.0,"gold_loss":31.0,"damage_taken":0.0}],"is_beta":false,"boss_relics":[{"not_picked":["Ectoplasm","Eternal Feather"],"picked":"Nuclear Battery"}],"items_purged_floors":[19],"is_endless":false,"potions_floor_spawned":[3,16,22,24,27],"killed_by":"3 Cultists","ascension_level":16}