{"gold_per_floor":[217,217,392,11,11,38,38,56,101,118,118,118,118,134,134,231,231,241,254,20,20,36,36,53,69,69,88,106,125,125,150,150,150],"floor_reached":33,"playtime":10110,"items_purged":["Doubt"],"score":319,"play_id":"9b7e5e96-413f-45e7-9d69-a87bc4a5acd4","local_time":"20181219203649","is_ascension_mode":false,"campfire_choices":[{"data":"Bash","floor":7,"key":"SMITH"},{"data":"Metallicize","floor":11,"key":"SMITH"},{"data":"Evolve","floor":13,"key":"SMITH"},{"data":"Shrug It Off","floor":15,"key":"SMITH"},{"data":"Limit Break","floor":23,"key":"SMITH"},{"floor":30,"key":"REST"},{"floor":32,"key":"REST"}],"neow_cost":"NONE","seed_source_timestamp":10869815936358752,"circlet_count":0,"master_deck":["Strike_R","Strike_R","Strike_R","Strike_R","Defend_R","Defend_R","Defend_R","Defend_R","Bash+1","Evolve+1","Thunderclap+1","Pummel+1","Flex+1","Metallicize+1","Shrug It Off+1","Limit Break+1","Headbutt+1","True Grit+1","Ghostly Armor","Shrug It Off+1","Spot Weakness","Iron Wave+1","Clothesline+1","Reaper+1"],"relics":["Burning Blood","Molten Egg 2","Charon\u0027s Ashes","Black Star","Vajra","Question Card","Calipers","Darkstone Periapt"],"potions_floor_usage":[16,29,31,31],"damage_taken":[{"damage":2,"enemies":"Small Slimes","floor":1,"turns":3},{"damage":26,"enemies":"3 Sentries","floor":6,"turns":7},{"damage":6,"enemies":"Jaw Worm","floor":8,"turns":4},{"damage":5,"enemies":"2 Louse","floor":10,"turns":2},{"damage":0,"enemies":"Large Slime","floor":14,"turns":3},{"damage":0,"enemies":"Slime Boss","floor":16,"turns":8},{"damage":19,"enemies":"2 Thieves","floor":18,"turns":5},{"damage":27,"enemies":"Spheric Guardian","floor":19,"turns":6},{"damage":1,"enemies":"3 Cultists","floor":22,"turns":4},{"damage":22,"enemies":"Sentry and Sphere","floor":24,"turns":5},{"damage":15,"enemies":"Snecko","floor":25,"turns":7},{"damage":17,"enemies":"Snake Plant","floor":27,"turns":7},{"damage":13,"enemies":"Chosen and Byrds","floor":28,"turns":7},{"damage":0,"enemies":"Centurion and Healer","floor":29,"turns":10},{"damage":19,"enemies":"Book of Stabbing","floor":31,"turns":8},{"damage":74,"enemies":"Collector","floor":33,"turns":6}],"seed_played":"-8563330087419586026","potions_obtained":[{"floor":10,"key":"Fire Potion"},{"floor":16,"key":"PowerPotion"},{"floor":18,"key":"LiquidBronze"},{"floor":25,"key":"FairyPotion"},{"floor":29,"key":"EssenceOfSteel"}],"is_trial":false,"path_per_floor":["M","?","?","$","?","E","R","M","T","M","R","?","R","M","R","B",null,"M","M","$","?","M","R","M","M","T","M","M","M","R","E","R","B"],"character_chosen":"IRONCLAD","items_purchased":["Molten Egg 2","Thunderclap+1","Vajra","Ghostly Armor"],"campfire_rested":2,"item_purchase_floors":[4,4,20,20],"current_hp_per_floor":[80,73,73,73,73,53,53,53,53,54,54,54,54,60,60,66,80,67,46,46,46,51,51,35,26,26,15,8,14,38,25,49,0],"gold":150,"neow_bonus":"HUNDRED_GOLD","is_prod":false,"is_daily":false,"chose_seed":false,"campfire_upgraded":5,"win_rate":0,"timestamp":1545277009,"path_taken":["M","?","?","$","?","E","R","M","T","M","R","?","R","M","R","BOSS","M","M","$","?","M","R","?","M","T","M","M","M","R","E","R","BOSS"],"build_version":"2018-12-13","purchased_purges":1,"victory":false,"max_hp_per_floor":[80,80,80,80,80,80,80,80,80,80,80,80,80,80,80,80,80,80,80,80,80,80,80,80,80,80,80,80,80,80,80,80,80],"card_choices":[{"not_picked":["Iron Wave","Anger"],"picked":"Evolve","floor":1},{"not_picked":["Seeing Red","Thunderclap+1"],"picked":"Pummel+1","floor":6},{"not_picked":["Twin Strike+1","Cleave+1"],"picked":"Flex","floor":8},{"not_picked":["Seeing Red","Bloodletting"],"picked":"Metallicize","floor":10},{"not_picked":["Pommel Strike+1","Searing Blow+1"],"picked":"Shrug It Off","floor":14},{"not_picked":["Immolate+1","Double Tap"],"picked":"Limit Break","floor":16},{"not_picked":["Wild Strike+1","Thunderclap+1"],"picked":"Headbutt+1","floor":18},{"not_picked":["Twin Strike+1","Body Slam+1"],"picked":"True Grit+1","floor":19},{"not_picked":["Combust","Armaments"],"picked":"Spot Weakness","floor":22},{"not_picked":["Body Slam+1","Combust","Cleave+1"],"picked":"SKIP","floor":24},{"not_picked":["Rupture","Anger+1"],"picked":"Iron Wave+1","floor":25},{"not_picked":["Perfected Strike+1","Infernal Blade","Twin Strike+1","Clash+1"],"picked":"SKIP","floor":27},{"not_picked":["True Grit","Double Tap","Body Slam+1","Evolve"],"picked":"SKIP","floor":28},{"not_picked":["Body Slam+1","Sword Boomerang+1","Armaments"],"picked":"Clothesline+1","floor":29},{"not_picked":["Body Slam+1","Twin Strike+1","Hemokinesis+1"],"picked":"Reaper+1","floor":31}],"player_experience":1525630,"relics_obtained":[{"floor":6,"key":"Charon\u0027s Ashes"},{"floor":26,"key":"Question Card"},{"floor":31,"key":"Calipers"},{"floor":31,"key":"Darkstone Periapt"}],"event_choices":[{"cards_removed":["Strike_R"],"damage_healed":0,"gold_gain":0,"player_choice":"Card Removal","damage_taken":7,"max_hp_gain":0,"max_hp_loss":0,"event_name":"Golden Wing","floor":2,"gold_loss":0},{"damage_healed":0,"gold_gain":175,"player_choice":"AGREE","damage_taken":0,"max_hp_gain":0,"max_hp_loss":0,"event_name":"Liars Game","floor":3,"gold_loss":0,"cards_obtained":["Doubt"]},{"damage_healed":0,"gold_gain":0,"player_choice":"Leave","damage_taken":0,"max_hp_gain":0,"max_hp_loss":0,"event_name":"The Cleric","floor":5,"gold_loss":0},{"damage_healed":0,"gold_gain":0,"player_choice":"Upgraded","damage_taken":0,"max_hp_gain":0,"max_hp_loss":0,"event_name":"Upgrade Shrine","floor":12,"gold_loss":0,"cards_upgraded":["Flex"]},{"damage_healed":0,"gold_gain":0,"player_choice":"Copied","damage_taken":0,"max_hp_gain":0,"max_hp_loss":0,"event_name":"Duplicator","floor":21,"gold_loss":0,"cards_obtained":["Shrug It Off"]}],"is_beta":false,"boss_relics":[{"not_picked":["Tiny House","Black Blood"],"picked":"Black Star"}],"items_purged_floors":[4],"is_endless":false,"potions_floor_spawned":[10,16,18,25,29],"killed_by":"Collector","ascension_level":0}