{"gold_per_floor":[117,134,150,160,110,110,121,121,121,140,155,155,170,25,25,129,129,141,96,96,96,106,106,117,17,62,62,89,99,14,27,27,130,130,141,155,120,137,69,69,81,99,99,50,50,50,50],"floor_reached":47,"playtime":1740,"items_purged":["Strike_G","Skewer+1"],"score":466,"play_id":"9ab872ba-6e15-4027-86a1-b96b83cfef21","local_time":"20190820092153","is_ascension_mode":false,"campfire_choices":[{"data":"Footwork","floor":6,"key":"SMITH"},{"data":"Calculated Gamble","floor":8,"key":"SMITH"},{"floor":15,"key":"REST"},{"data":"Night Terror","floor":23,"key":"SMITH"},{"data":"Terror","floor":27,"key":"SMITH"},{"floor":32,"key":"REST"},{"floor":40,"key":"REST"},{"floor":45,"key":"REST"}],"neow_cost":"NONE","seed_source_timestamp":443968800588343,"circlet_count":0,"master_deck":["Defend_G","Defend_G","Survivor","Neutralize","Deadly Poison","Calculated Gamble+1","Footwork+1","Deadly Poison","Night Terror+1","Prepared","Corpse Explosion","Malaise","Caltrops+1","Footwork+1","Acrobatics","Backflip","Terror+1","Deflect","Deadly Poison","Distraction","Catalyst","Escape Plan"],"relics":["Runic Pyramid","Happy Flower","Astrolabe","Anchor","Snake Skull","Pantograph","Empty Cage","Bottled Lightning"],"potions_floor_usage":[10,10,28,28,38,47],"damage_taken":[{"damage":5,"enemies":"Small Slimes","floor":1,"turns":4},{"damage":1,"enemies":"Cultist","floor":2,"turns":4},{"damage":0,"enemies":"Jaw Worm","floor":3,"turns":4},{"damage":0,"enemies":"Large Slime","floor":4,"turns":7},{"damage":0,"enemies":"Looter","floor":7,"turns":3},{"damage":10,"enemies":"Exordium Thugs","floor":10,"turns":3},{"damage":10,"enemies":"Exordium Wildlife","floor":11,"turns":6},{"damage":7,"enemies":"Looter","floor":13,"turns":5},{"damage":24,"enemies":"The Guardian","floor":16,"turns":8},{"damage":2,"enemies":"Spheric Guardian","floor":18,"turns":6},{"damage":0,"enemies":"3 Byrds","floor":22,"turns":3},{"damage":2,"enemies":"Snake Plant","floor":24,"turns":5},{"damage":26,"enemies":"Slavers","floor":28,"turns":3},{"damage":16,"enemies":"3 Cultists","floor":29,"turns":4},{"damage":10,"enemies":"Chosen and Byrds","floor":31,"turns":5},{"damage":31,"enemies":"Champ","floor":33,"turns":15},{"damage":14,"enemies":"Orb Walker","floor":35,"turns":6},{"damage":12,"enemies":"3 Darklings","floor":36,"turns":4},{"damage":57,"enemies":"Sphere and 2 Shapes","floor":38,"turns":5},{"damage":20,"enemies":"Spire Growth","floor":41,"turns":7},{"damage":3,"enemies":"Maw","floor":42,"turns":7},{"damage":40,"enemies":"Sphere and 2 Shapes","floor":47,"turns":3}],"seed_played":"-4228289544249884888","potions_obtained":[{"floor":2,"key":"Fire Potion"},{"floor":3,"key":"Poison Potion"},{"floor":7,"key":"Fire Potion"},{"floor":10,"key":"Poison Potion"},{"floor":18,"key":"FairyPotion"},{"floor":29,"key":"Regen Potion"},{"floor":31,"key":"Explosive Potion"},{"floor":38,"key":"EssenceOfSteel"},{"floor":42,"key":"Strength Potion"}],"is_trial":false,"path_per_floor":["M","M","M","M","?","R","M","R","T","M","M","?","M","$","R","B",null,"M","$","?","?","M","R","M","$","T","R","E","M","?","M","R","B",null,"M","M","$","M","$","R","M","M","T","$","R","?","M"],"character_chosen":"THE_SILENT","items_purchased":["Corpse Explosion","Acrobatics","Distraction","Escape Plan","SkillPotion"],"campfire_rested":4,"item_purchase_floors":[14,19,37,39,44],"current_hp_per_floor":[65,64,64,64,64,64,64,64,64,54,44,44,37,37,58,34,70,68,68,68,68,68,68,66,66,66,66,40,24,24,14,35,29,70,56,44,44,14,14,35,15,12,12,12,33,33,0],"gold":50,"neow_bonus":"BOSS_RELIC","is_prod":false,"is_daily":false,"chose_seed":false,"campfire_upgraded":4,"win_rate":0,"timestamp":1566264113,"path_taken":["M","M","M","M","?","R","M","R","T","M","M","?","M","$","R","BOSS","M","$","?","?","M","R","M","$","T","R","E","M","?","M","R","BOSS","M","M","$","M","$","R","M","M","T","$","R","?","M"],"build_version":"2019-07-17","purchased_purges":2,"victory":false,"max_hp_per_floor":[70,70,70,70,70,70,70,70,70,70,70,70,70,70,70,70,70,70,70,70,70,70,70,70,70,70,70,70,70,70,70,70,70,70,70,70,70,70,70,70,70,70,70,70,70,70,70],"card_choices":[{"not_picked":["Dagger Spray","Prepared"],"picked":"Deadly Poison","floor":1},{"not_picked":["Outmaneuver","Dagger Throw"],"picked":"Calculated Gamble","floor":2},{"not_picked":["Dodge and Roll","PiercingWail"],"picked":"Footwork","floor":3},{"not_picked":["Riddle With Holes","Acrobatics"],"picked":"Deadly Poison","floor":4},{"not_picked":["PiercingWail","Heel Hook"],"picked":"Well Laid Plans","floor":7},{"not_picked":["All Out Attack","Quick Slash"],"picked":"Bane","floor":10},{"not_picked":["Slice","Outmaneuver"],"picked":"Night Terror","floor":11},{"not_picked":["Deflect","Outmaneuver"],"picked":"Prepared","floor":13},{"not_picked":["A Thousand Cuts","Wraith Form v2"],"picked":"Malaise","floor":16},{"not_picked":["Flechettes+1","Quick Slash","Underhanded Strike"],"picked":"SKIP","floor":18},{"not_picked":["Endless Agony","Underhanded Strike"],"picked":"Terror","floor":22},{"not_picked":["Underhanded Strike+1","Acrobatics"],"picked":"Deflect","floor":24},{"not_picked":["Setup","Riddle With Holes","Glass Knife"],"picked":"SKIP","floor":28},{"not_picked":["Terror","Endless Agony"],"picked":"Deadly Poison","floor":29},{"not_picked":["Dash","Dagger Spray+1","Outmaneuver"],"picked":"SKIP","floor":31},{"not_picked":["Sucker Punch","Underhanded Strike","All Out Attack"],"picked":"SKIP","floor":35},{"not_picked":["Outmaneuver","Deflect","Sucker Punch+1"],"picked":"SKIP","floor":36},{"not_picked":["Quick Slash+1","Footwork"],"picked":"Catalyst","floor":38},{"not_picked":["Prepared","Expertise+1","Outmaneuver+1"],"picked":"SKIP","floor":41},{"not_picked":["Bane+1","Blade Dance","Dash"],"picked":"SKIP","floor":42}],"player_experience":221780,"relics_obtained":[{"floor":9,"key":"Happy Flower"},{"floor":26,"key":"Anchor"},{"floor":28,"key":"Snake Skull"},{"floor":43,"key":"Bottled Lightning"}],"event_choices":[{"cards_removed":["Strike_G"],"damage_healed":0,"gold_gain":0,"player_choice":"Card Removal","damage_taken":0,"max_hp_gain":0,"max_hp_loss":0,"event_name":"The Cleric","floor":5,"gold_loss":50},{"cards_removed":["Strike_G"],"damage_healed":0,"gold_gain":0,"player_choice":"Offered Basic","damage_taken":0,"max_hp_gain":0,"max_hp_loss":0,"event_name":"Bonfire Elementals","floor":12,"gold_loss":0},{"cards_removed":["Defend_G"],"damage_healed":0,"gold_gain":0,"player_choice":"Elegance","damage_taken":0,"max_hp_gain":0,"max_hp_loss":0,"event_name":"Back to Basics","floor":20,"gold_loss":0},{"damage_healed":0,"gold_gain":0,"player_choice":"Read","damage_taken":0,"max_hp_gain":0,"max_hp_loss":0,"event_name":"The Library","floor":21,"gold_loss":0,"cards_obtained":["Backflip"]},{"damage_healed":0,"gold_gain":0,"player_choice":"Obtained Relic","damage_taken":0,"relics_obtained":["Pantograph"],"max_hp_gain":0,"max_hp_loss":0,"event_name":"Addict","floor":30,"gold_loss":85},{"cards_removed":["Bane"],"damage_healed":0,"gold_gain":0,"player_choice":"Removed Attack","damage_taken":0,"max_hp_gain":0,"max_hp_loss":0,"event_name":"Falling","floor":46,"gold_loss":0}],"is_beta":false,"boss_relics":[{"not_picked":["Eternal Feather","Philosopher\u0027s Stone"],"picked":"Astrolabe"},{"not_picked":["Runic Dome","Coffee Dripper"],"picked":"Empty Cage"}],"items_purged_floors":[14,25],"is_endless":false,"potions_floor_spawned":[2,3,7,10,18,22,29,31,35,38,42],"killed_by":"Sphere and 2 Shapes","ascension_level":0}