{"path_per_floor":["M","?","M","?","?","R","E","M","T","R","E","R","M","M","R","B",null,"M","?","M","?","M","E","R","M","T","R"],"character_chosen":"IRONCLAD","items_purchased":[],"gold_per_floor":[111,186,205,155,155,155,196,219,219,219,259,259,279,295,295,418,418,432,432,447,447,464,489,489,502,502,502,502],"floor_reached":28,"campfire_rested":3,"playtime":2840,"current_hp_per_floor":[80,69,74,74,54,54,33,39,39,63,61,61,58,55,79,57,80,68,68,54,54,55,47,71,59,59,59,0],"items_purged":[],"gold":502,"score":248,"play_id":"14a99adb-c80e-4381-b170-a3f3b0147137","local_time":"20180421134206","is_prod":false,"is_daily":false,"chose_seed":false,"is_ascension_mode":false,"campfire_upgraded":3,"timestamp":1524339726,"path_taken":["M","?","M","?","?","R","E","M","T","R","E","R","M","?","R","BOSS","M","?","M","?","M","E","R","?","T","R","E"],"build_version":"2018-04-19","seed_source_timestamp":1220360632097471,"purchased_purges":0,"victory":false,"master_deck":["Strike_R","Strike_R","Strike_R","Strike_R","Defend_R","Defend_R","Defend_R","Defend_R","Bash+1","Twin Strike","Cleave","Uppercut","Armaments+1","Power Through","Perfected Strike","Metallicize","Offering+1","Perfected Strike+1","Parasite","Disarm","Inflame","Evolve","Ghostly Armor+1"],"max_hp_per_floor":[80,80,80,80,80,80,80,80,80,80,80,80,80,80,80,80,80,80,80,80,80,80,80,80,80,80,80,80],"relics":["Burning Blood","Bloody Idol","Ornamental Fan","Orichalcum","Singing Bowl","Black Star","Darkstone Periapt","Bottled Tornado","The Courier"],"card_choices":[{"not_picked":["Headbutt","Entrench"],"picked":"Twin Strike","floor":1},{"not_picked":["Havoc","Clash"],"picked":"Cleave","floor":3},{"not_picked":["Carnage","Iron Wave"],"picked":"Uppercut","floor":7},{"not_picked":["Anger","Spot Weakness"],"picked":"Armaments","floor":8},{"not_picked":["Intimidate","Rampage"],"picked":"Power Through","floor":11},{"not_picked":["Wild Strike","Inflame"],"picked":"Perfected Strike","floor":13},{"not_picked":["Heavy Blade","Twin Strike"],"picked":"Metallicize","floor":14},{"not_picked":["Exhume","Feed"],"picked":"Offering","floor":16},{"not_picked":["Infernal Blade","Hemokinesis"],"picked":"Perfected Strike","floor":18},{"not_picked":["Headbutt","Sword Boomerang"],"picked":"Disarm","floor":20},{"not_picked":["Flex","Clash"],"picked":"Inflame","floor":22},{"not_picked":["Dual Wield","Corruption"],"picked":"Evolve","floor":23},{"not_picked":["Havoc","Wild Strike"],"picked":"Ghostly Armor","floor":25}],"player_experience":240213,"potions_floor_usage":[14,16,22,23,25,28],"damage_taken":[{"damage":3,"enemies":"Small Slimes","floor":1,"turns":3},{"damage":1,"enemies":"Cultist","floor":3,"turns":3},{"damage":27,"enemies":"3 Sentries","floor":7,"turns":8},{"damage":0,"enemies":"2 Louse","floor":8,"turns":2},{"damage":8,"enemies":"Gremlin Nob","floor":11,"turns":4},{"damage":9,"enemies":"Blue Slaver","floor":13,"turns":3},{"damage":9,"enemies":"Lots of Slimes","floor":14,"turns":3},{"damage":28,"enemies":"Slime Boss","floor":16,"turns":17},{"damage":18,"enemies":"Spheric Guardian","floor":18,"turns":6},{"damage":20,"enemies":"2 Thieves","floor":20,"turns":4},{"damage":10,"enemies":"Centurion and Healer","floor":22,"turns":5},{"damage":34,"enemies":"Book of Stabbing","floor":23,"turns":7},{"damage":23,"enemies":"Snake Plant","floor":25,"turns":4},{"damage":71,"enemies":"Gremlin Leader","floor":28,"turns":8}],"event_choices":[{"event_name":"World of Goop","player_choice":"Gather Gold","floor":2,"damage_taken":0},{"event_name":"The Cleric","player_choice":"Card Removal","floor":4,"damage_taken":0},{"event_name":"Golden Idol","player_choice":"Take Damage","floor":5,"damage_taken":0},{"event_name":"Match and Keep!","player_choice":"1 cards matched","floor":19,"damage_taken":0},{"event_name":"Forgotten Altar","player_choice":"Gave Idol","floor":21,"damage_taken":0}],"boss_relics":[{"not_picked":["Pandora\u0027s Box","Orrery"],"picked":"Black Star"}],"potions_floor_spawned":[3,8,11,16,20,25],"seed_played":"2951328345963711544","killed_by":"Gremlin Leader","ascension_level":0,"is_trial":false}