{"gold_per_floor":[20,20,36,50,67,67,18,18,18,31,31,42,42,55,55,176,176,194,215,230,248,22,22,53,53,53,53,53,76,76],"floor_reached":30,"playtime":3513,"items_purged":[],"score":256,"play_id":"6b264569-b1f2-445a-8227-a00ff1f755b0","local_time":"20181027002240","is_ascension_mode":true,"campfire_choices":[{"data":"Multi-Cast","floor":6,"key":"SMITH"},{"data":"Dualcast","floor":8,"key":"SMITH"},{"data":"Creative AI","floor":11,"key":"SMITH"},{"data":"Seek","floor":15,"key":"SMITH"},{"floor":23,"key":"REST"},{"data":"Double Energy","floor":25,"key":"SMITH"},{"floor":28,"key":"REST"}],"neow_cost":"NO_GOLD","seed_source_timestamp":6220740940569473,"circlet_count":0,"master_deck":["Strike_B","Strike_B","Defend_B","Defend_B","Defend_B","Zap+1","Dualcast+1","Multi-Cast+1","Sweeping Beam","Conserve Battery","Coolheaded","Creative AI+1","Steam","Seek+1","Multi-Cast","Core Surge+1","Fission+1","Sweeping Beam+1","Steam Power","Double Energy+1","Self Repair","All For One","Conserve Battery+1","Turbo"],"relics":["Cracked Core","Question Card","Golden Idol","Astrolabe","Prayer Wheel","Matryoshka","Mummified Hand"],"potions_floor_usage":[16,16,18,24,29],"damage_taken":[{"damage":1,"enemies":"Jaw Worm","floor":1,"turns":3},{"damage":1,"enemies":"Cultist","floor":3,"turns":3},{"damage":4,"enemies":"2 Louse","floor":4,"turns":2},{"damage":0,"enemies":"Large Slime","floor":5,"turns":4},{"damage":0,"enemies":"3 Louse","floor":10,"turns":3},{"damage":6,"enemies":"Lots of Slimes","floor":12,"turns":2},{"damage":4,"enemies":"2 Fungi Beasts","floor":14,"turns":3},{"damage":34,"enemies":"Slime Boss","floor":16,"turns":10},{"damage":3,"enemies":"3 Byrds","floor":18,"turns":4},{"damage":4,"enemies":"Chosen","floor":19,"turns":4},{"damage":13,"enemies":"3 Cultists","floor":20,"turns":5},{"damage":9,"enemies":"Centurion and Healer","floor":21,"turns":7},{"damage":44,"enemies":"Slavers","floor":24,"turns":6},{"damage":18,"enemies":"Chosen and Byrds","floor":29,"turns":8},{"damage":57,"enemies":"Cultist and Chosen","floor":30,"turns":6}],"seed_played":"-4477291983667759512","potions_obtained":[{"floor":3,"key":"Explosive Potion"},{"floor":14,"key":"Regen Potion"},{"floor":16,"key":"Fire Potion"},{"floor":21,"key":"Block Potion"},{"floor":24,"key":"AttackPotion"}],"is_trial":false,"path_per_floor":["M","?","M","M","M","R","$","R","T","M","R","M","?","M","R","B",null,"M","M","M","M","$","R","E","R","T","?","R","M"],"character_chosen":"DEFECT","items_purchased":["Coolheaded","Self Repair","All For One"],"campfire_rested":2,"item_purchase_floors":[7,22,22],"current_hp_per_floor":[74,74,73,69,69,69,69,69,69,69,69,63,45,41,41,22,75,72,68,55,46,46,68,31,31,31,31,53,42,0],"gold":76,"neow_bonus":"THREE_RARE_CARDS","is_prod":false,"is_daily":false,"chose_seed":false,"campfire_upgraded":5,"win_rate":0,"timestamp":1540621360,"path_taken":["M","?","M","M","M","R","$","R","T","M","R","M","?","M","R","BOSS","M","M","M","?","$","R","E","R","T","?","R","M","M"],"build_version":"2018-10-25v2","purchased_purges":0,"victory":false,"max_hp_per_floor":[75,75,75,75,75,75,75,75,75,75,75,75,75,75,75,75,75,75,75,75,75,75,75,75,75,75,75,75,75,75],"card_choices":[{"not_picked":["Amplify","Core Surge"],"picked":"Multi-Cast","floor":0},{"not_picked":["Beam Cell","Gash","Chaos"],"picked":"SKIP","floor":1},{"not_picked":["Cold Snap","Redo"],"picked":"Sweeping Beam","floor":3},{"not_picked":["Leap","Hologram","Redo"],"picked":"SKIP","floor":4},{"not_picked":["Hologram","Streamline"],"picked":"Conserve Battery","floor":5},{"not_picked":["Hello World","Hologram","Chaos"],"picked":"Creative AI","floor":10},{"not_picked":["Streamline","Redo","Stack"],"picked":"Steam","floor":12},{"not_picked":["Stack","Turbo","Coolheaded"],"picked":"Seek","floor":14},{"not_picked":["Buffer","Thunder Strike","Core Surge"],"picked":"Multi-Cast","floor":16},{"not_picked":["Compile Driver","Cold Snap","Streamline"],"picked":"Steam Power","floor":18},{"not_picked":["Ball Lightning+1","Scrape+1","Leap+1"],"picked":"Double Energy","floor":19},{"not_picked":["Blizzard","Steam+1","Sweeping Beam","Redo+1"],"picked":"SKIP","floor":20},{"not_picked":["Hologram","Darkness","Double Energy","Stack"],"picked":"SKIP","floor":21},{"not_picked":["Double Energy","Amplify","Cold Snap"],"picked":"Conserve Battery+1","floor":24},{"not_picked":["Gash","Rebound","Aggregate+1"],"picked":"Turbo","floor":29},{"not_picked":["Compile Driver","Hologram","Chaos+1","Streamline"],"picked":"SKIP","floor":29}],"player_experience":965751,"relics_obtained":[{"floor":9,"key":"Question Card"},{"floor":24,"key":"Prayer Wheel"},{"floor":26,"key":"Matryoshka"}],"event_choices":[{"damage_healed":0,"gold_gain":0,"player_choice":"Upgraded","damage_taken":0,"max_hp_gain":0,"max_hp_loss":0,"event_name":"Upgrade Shrine","floor":2,"gold_loss":0,"cards_upgraded":["Zap"]},{"damage_healed":0,"gold_gain":0,"player_choice":"Take Damage","damage_taken":18,"relics_obtained":["Golden Idol"],"max_hp_gain":0,"max_hp_loss":0,"event_name":"Golden Idol","floor":13,"gold_loss":0},{"damage_healed":0,"gold_gain":0,"player_choice":"Opened","damage_taken":0,"relics_obtained":["Mummified Hand"],"max_hp_gain":0,"max_hp_loss":0,"event_name":"The Mausoleum","floor":27,"gold_loss":0}],"is_beta":false,"boss_relics":[{"not_picked":["Empty Cage","Nuclear Battery"],"picked":"Astrolabe"}],"items_purged_floors":[],"is_endless":false,"potions_floor_spawned":[3,14,16,21,24],"killed_by":"Cultist and Chosen","ascension_level":1}