{"gold_per_floor":[119,134,151,151,29,29,29,29,54,54,73,86,120,120,120,120],"floor_reached":16,"playtime":1772,"items_purged":["Strike_G"],"score":210,"play_id":"e67ad8a6-bf88-4ecf-af0a-ff4899fee02c","local_time":"20190730210035","is_ascension_mode":true,"campfire_choices":[{"data":"Flechettes","floor":6,"key":"SMITH"},{"data":"Wraith Form v2","floor":8,"key":"SMITH"},{"data":"Neutralize","floor":10,"key":"SMITH"},{"data":"Leg Sweep","floor":15,"key":"SMITH"}],"neow_cost":"NONE","seed_source_timestamp":0,"circlet_count":0,"master_deck":["Strike_G","Strike_G","Strike_G","Strike_G","Defend_G","Defend_G","Defend_G","Defend_G","Defend_G","Survivor","Neutralize+1","Wraith Form v2+1","PiercingWail","Flechettes+1","Adrenaline","Deflect","Sucker Punch","Leg Sweep+1"],"special_seed":0,"relics":["Ring of the Snake","Golden Idol","Tingsha","Potion Belt","Smiling Mask","Centennial Puzzle"],"potions_floor_usage":[13,16],"damage_taken":[{"damage":2,"enemies":"Jaw Worm","floor":1,"turns":7},{"damage":0,"enemies":"2 Louse","floor":2,"turns":4},{"damage":4,"enemies":"Cultist","floor":3,"turns":6},{"damage":1,"enemies":"2 Fungi Beasts","floor":11,"turns":5},{"damage":1,"enemies":"Exordium Wildlife","floor":12,"turns":4},{"damage":3,"enemies":"Lagavulin","floor":13,"turns":5},{"damage":54,"enemies":"Hexaghost","floor":16,"turns":18}],"seed_played":"5880111900356947086","potions_obtained":[{"floor":2,"key":"GhostInAJar"},{"floor":12,"key":"PowerPotion"}],"is_trial":false,"path_per_floor":["M","M","M","?","$","R","?","R","T","R","M","M","E","T","R","B"],"character_chosen":"THE_SILENT","items_purchased":["Deflect"],"campfire_rested":0,"item_purchase_floors":[5],"current_hp_per_floor":[61,61,57,57,57,57,54,54,54,54,53,52,49,49,49,0],"gold":120,"neow_bonus":"ONE_RANDOM_RARE_CARD","is_prod":false,"is_daily":false,"chose_seed":false,"campfire_upgraded":4,"win_rate":0,"timestamp":1564542035,"path_taken":["M","M","M","?","$","R","?","R","T","R","M","M","E","?","R","BOSS"],"build_version":"2019-07-17","purchased_purges":1,"victory":false,"max_hp_per_floor":[70,70,70,65,65,65,65,65,65,65,65,65,65,65,65,65],"card_choices":[{"not_picked":["Underhanded Strike","Acrobatics"],"picked":"PiercingWail","floor":1},{"not_picked":["Backstab","Slice"],"picked":"Flechettes","floor":2},{"not_picked":["Bane","Poisoned Stab"],"picked":"Adrenaline","floor":3},{"not_picked":["PiercingWail","Reflex","Bane"],"picked":"SKIP","floor":11},{"not_picked":["Dodge and Roll","Outmaneuver"],"picked":"Sucker Punch","floor":12},{"not_picked":["Catalyst","A Thousand Cuts"],"picked":"Leg Sweep","floor":13}],"player_experience":2038774,"relics_obtained":[{"floor":9,"key":"Potion Belt"},{"floor":13,"key":"Smiling Mask"},{"floor":14,"key":"Centennial Puzzle"}],"event_choices":[{"damage_healed":0,"gold_gain":0,"player_choice":"Lose Max HP","damage_taken":0,"relics_obtained":["Golden Idol"],"max_hp_gain":0,"max_hp_loss":5,"event_name":"Golden Idol","floor":4,"gold_loss":0},{"damage_healed":0,"gold_gain":0,"player_choice":"Success","damage_taken":3,"relics_obtained":["Tingsha"],"max_hp_gain":0,"max_hp_loss":0,"event_name":"Scrap Ooze","floor":7,"gold_loss":0}],"is_beta":false,"boss_relics":[],"items_purged_floors":[5],"is_endless":false,"potions_floor_spawned":[2,12],"killed_by":"Hexaghost","ascension_level":8}