{"gold_per_floor":[113,38,38,49,49,49,69,69,140,40,40,54,54,79,79,176,176,190,206,217,230,140,140,159,159,159,36,111,61,78,93,93,195,195,209,228,178,192,210,210,227,240,265,296,396,424,62,73,73,73],"floor_reached":51,"playtime":2108,"items_purged":["Compile Driver","Turbo","Turbo","Conserve Battery","Leap+1","Reprogram+1"],"score":1059,"play_id":"a4f51e71-f86b-4563-8639-be82e3993427","local_time":"20190412201115","daily_mods":["Draft","Vintage"],"is_ascension_mode":false,"campfire_choices":[{"data":"Gash","floor":6,"key":"SMITH"},{"data":"Beam Cell","floor":11,"key":"SMITH"},{"data":"Scrape","floor":13,"key":"SMITH"},{"data":"Steam","floor":15,"key":"SMITH"},{"data":"Chill","floor":23,"key":"SMITH"},{"data":"Reprogram","floor":25,"key":"SMITH"},{"data":"Leap","floor":32,"key":"SMITH"},{"floor":40,"key":"REST"},{"floor":49,"key":"REST"}],"neow_cost":"","seed_source_timestamp":124315757941984,"circlet_count":0,"master_deck":["Beam Cell+1","Chill+1","Scrape+1","Steam+1","Beam Cell+1","Gash+1","Seek+1","BootSequence+1","Fission+1","FTL+1"],"relics":["Unceasing Top","DataDisk","Vajra","Odd Mushroom","Pantograph","Molten Egg 2","Toxic Egg 2","Lizard Tail","Regal Pillow","Letter Opener","Smiling Mask","Lantern","Question Card","Meat on the Bone","Blue Candle","Pocketwatch","Whetstone","Fusion Hammer","Bag of Marbles","Frozen Egg 2","Gremlin Horn","Centennial Puzzle","Symbiotic Virus","Bottled Flame","Omamori","Potion Belt","Incense Burner","Cables","FossilizedHelix","Mummified Hand"],"potions_floor_usage":[],"damage_taken":[{"damage":0,"enemies":"2 Louse","floor":1,"turns":1},{"damage":0,"enemies":"Small Slimes","floor":4,"turns":1},{"damage":0,"enemies":"The Mushroom Lair","floor":7,"turns":3},{"damage":0,"enemies":"Cultist","floor":12,"turns":1},{"damage":0,"enemies":"3 Sentries","floor":14,"turns":4},{"damage":0,"enemies":"Hexaghost","floor":16,"turns":2},{"damage":0,"enemies":"Spheric Guardian","floor":18,"turns":2},{"damage":0,"enemies":"Chosen","floor":19,"turns":2},{"damage":0,"enemies":"Shelled Parasite and Fungi","floor":20,"turns":1},{"damage":0,"enemies":"Centurion and Healer","floor":21,"turns":2},{"damage":0,"enemies":"Snecko","floor":24,"turns":1},{"damage":0,"enemies":"Cultist and Chosen","floor":30,"turns":1},{"damage":0,"enemies":"Sentry and Sphere","floor":31,"turns":1},{"damage":0,"enemies":"Automaton","floor":33,"turns":2},{"damage":0,"enemies":"3 Shapes","floor":35,"turns":1},{"damage":0,"enemies":"3 Darklings","floor":36,"turns":1},{"damage":16,"enemies":"4 Shapes","floor":38,"turns":2},{"damage":0,"enemies":"Jaw Worm Horde","floor":39,"turns":1},{"damage":0,"enemies":"3 Darklings","floor":41,"turns":2},{"damage":0,"enemies":"Spire Growth","floor":42,"turns":1},{"damage":0,"enemies":"Reptomancer","floor":44,"turns":1},{"damage":0,"enemies":"Mind Bloom Boss Battle","floor":45,"turns":1},{"damage":0,"enemies":"Giant Head","floor":46,"turns":1},{"damage":0,"enemies":"Maw","floor":48,"turns":1},{"damage":0,"enemies":"Donu and Deca","floor":50,"turns":1}],"seed_played":"-530594284648981213","potions_obtained":[{"floor":1,"key":"Regen Potion"},{"floor":8,"key":"EssenceOfSteel"},{"floor":8,"key":"Explosive Potion"},{"floor":44,"key":"Swift Potion"},{"floor":45,"key":"EssenceOfSteel"}],"is_trial":true,"path_per_floor":["M","$","?","M","?","R","?","?","T","$","R","M","R","E","R","B",null,"M","M","M","M","?","R","M","R","T","$","T","$","M","M","R","B",null,"M","M","$","M","M","R","M","M","T","E","?","E","$","M","R","B",null],"character_chosen":"DEFECT","items_purchased":["BootSequence+1","FossilizedHelix"],"campfire_rested":2,"item_purchase_floors":[27,47],"current_hp_per_floor":[75,75,68,68,68,68,68,68,68,68,68,68,68,68,68,75,75,75,75,75,75,75,75,75,75,75,75,75,75,75,75,75,75,75,75,75,75,59,59,75,75,75,75,75,75,75,75,75,75,75],"gold":73,"neow_bonus":"","is_prod":false,"is_daily":false,"chose_seed":false,"campfire_upgraded":7,"win_rate":0.0,"timestamp":1555071075,"path_taken":["M","$","?","M","?","R","?","?","T","$","R","M","R","E","R","BOSS","M","M","M","M","?","R","M","R","T","$","?","$","M","?","R","BOSS","M","M","$","M","M","R","M","M","T","E","?","E","$","M","R","BOSS"],"build_version":"2019-01-23","purchased_purges":6,"victory":true,"max_hp_per_floor":[75,75,75,75,75,75,75,75,75,75,75,75,75,75,75,75,75,75,75,75,75,75,75,75,75,75,75,75,75,75,75,75,75,75,75,75,75,75,75,75,75,75,75,75,75,75,75,75,75,75],"card_choices":[{"not_picked":["Go for the Eyes","Cold Snap"],"picked":"Beam Cell","floor":0},{"not_picked":["Melter","Reinforced Body"],"picked":"Chill","floor":0},{"not_picked":["Darkness","Compile Driver"],"picked":"Coolheaded","floor":0},{"not_picked":["Sweeping Beam","Fusion"],"picked":"Compile Driver","floor":0},{"not_picked":["Compile Driver","Coolheaded"],"picked":"Leap","floor":0},{"not_picked":["Streamline","Cold Snap"],"picked":"Scrape","floor":0},{"not_picked":["Compile Driver","Cold Snap"],"picked":"Conserve Battery","floor":0},{"not_picked":["Sweeping Beam","Blizzard"],"picked":"Turbo","floor":0},{"not_picked":["Loop","Doom and Gloom"],"picked":"Steam","floor":0},{"not_picked":["Hologram","Turbo"],"picked":"Beam Cell","floor":0},{"not_picked":["Hello World","Melter"],"picked":"Gash","floor":0},{"not_picked":["Compile Driver","Cold Snap"],"picked":"Turbo","floor":0},{"not_picked":["Fusion","Static Discharge"],"picked":"Ball Lightning","floor":0},{"not_picked":["Barrage","Melter"],"picked":"Redo","floor":0},{"not_picked":["Chaos","Steam"],"picked":"Reprogram","floor":0},{"not_picked":["Scrape+1","Barrage+1","Ball Lightning+1"],"picked":"SKIP","floor":14},{"not_picked":["Reboot+1","All For One+1"],"picked":"Seek+1","floor":16},{"not_picked":["Hyperbeam+1","All For One+1","Reboot+1"],"picked":"Fission+1","floor":33},{"not_picked":["Undo+1","Darkness+1","Rip and Tear+1","Fusion+1"],"picked":"SKIP","floor":44},{"not_picked":["Genetic Algorithm+1","Reprogram+1","All For One+1"],"picked":"FTL+1","floor":46}],"player_experience":57371,"relics_obtained":[{"floor":1,"key":"DataDisk"},{"floor":4,"key":"Vajra"},{"floor":7,"key":"Odd Mushroom"},{"floor":9,"key":"Pantograph"},{"floor":12,"key":"Molten Egg 2"},{"floor":14,"key":"Toxic Egg 2"},{"floor":18,"key":"Regal Pillow"},{"floor":19,"key":"Letter Opener"},{"floor":20,"key":"Smiling Mask"},{"floor":21,"key":"Lantern"},{"floor":24,"key":"Question Card"},{"floor":26,"key":"Meat on the Bone"},{"floor":28,"key":"Blue Candle"},{"floor":30,"key":"Pocketwatch"},{"floor":31,"key":"Whetstone"},{"floor":35,"key":"Bag of Marbles"},{"floor":36,"key":"Frozen Egg 2"},{"floor":38,"key":"Gremlin Horn"},{"floor":39,"key":"Centennial Puzzle"},{"floor":41,"key":"Symbiotic Virus"},{"floor":42,"key":"Bottled Flame"},{"floor":43,"key":"Omamori"},{"floor":44,"key":"Potion Belt"},{"floor":45,"key":"Incense Burner"},{"floor":46,"key":"Cables"},{"floor":48,"key":"Mummified Hand"}],"event_choices":[{"cards_removed":["Redo"],"damage_healed":0,"gold_gain":0,"player_choice":"Card Removal","damage_taken":7,"max_hp_gain":0,"max_hp_loss":0,"event_name":"Golden Wing","floor":3,"gold_loss":0},{"cards_removed":["Coolheaded"],"damage_healed":0,"gold_gain":0,"player_choice":"Forget","damage_taken":0,"max_hp_gain":0,"max_hp_loss":0,"event_name":"Living Wall","floor":5,"gold_loss":0},{"damage_healed":0,"gold_gain":0,"player_choice":"Fought Mushrooms","damage_taken":0,"max_hp_gain":0,"max_hp_loss":0,"event_name":"Mushrooms","floor":7,"gold_loss":0},{"damage_healed":0,"gold_gain":0,"player_choice":"Got Potions","damage_taken":0,"max_hp_gain":0,"max_hp_loss":0,"event_name":"Lab","floor":8,"gold_loss":0},{"cards_removed":["Ball Lightning"],"damage_healed":0,"gold_gain":0,"player_choice":"Upgrade and Remove","damage_taken":0,"max_hp_gain":0,"max_hp_loss":0,"event_name":"Designer","floor":22,"gold_loss":90,"cards_upgraded":["Beam Cell"]},{"damage_healed":0,"gold_gain":0,"player_choice":"Fight","damage_taken":0,"max_hp_gain":0,"max_hp_loss":0,"event_name":"MindBloom","floor":45,"gold_loss":0}],"is_beta":false,"boss_relics":[{"not_picked":["Black Star","Runic Pyramid"],"picked":"Lizard Tail"},{"not_picked":["Cursed Key","Astrolabe"],"picked":"Fusion Hammer"}],"items_purged_floors":[2,10,27,29,37,47],"is_endless":false,"potions_floor_spawned":[1,12,14,18,24,31,33,38,41,44,45],"ascension_level":0}