{"gold_per_floor":[12,12,12,22,36,67,67,79,79,90,118,118,130,150,150,246,246,260,276,289,68,68,68,68,88,156,156,171,185,185,185,185,288,338,351,166,166,177,155,155,188,188,214,230,230,0,17,49,49,49],"floor_reached":50,"playtime":11135,"items_purged":["Strike_R"],"score":720,"play_id":"632d768d-5a59-4748-b4a9-10cbb73a9647","local_time":"20190803220242","is_ascension_mode":true,"campfire_choices":[{"data":"Immolate","floor":7.0,"key":"SMITH"},{"data":"Bash","floor":15.0,"key":"SMITH"},{"data":"Double Tap","floor":23.0,"key":"SMITH"},{"data":"Clothesline","floor":27.0,"key":"SMITH"},{"data":"Shockwave","floor":30.0,"key":"SMITH"},{"floor":32.0,"key":"REST"},{"data":"Rupture","floor":40.0,"key":"SMITH"},{"floor":42.0,"key":"REST"},{"floor":49,"key":"REST"}],"neow_cost":"NO_GOLD","seed_source_timestamp":0,"circlet_count":0,"master_deck":["Strike_R+1","Strike_R+1","Defend_R+1","Defend_R+1","Defend_R+1","Bash+1","Cleave+1","Shockwave+1","Immolate+1","Intimidate","Dropkick","Headbutt","Seeing Red","Shrug It Off","Iron Wave","Double Tap+1","Bloodletting","Rupture+1","Barricade+1","Clothesline+1","Shrug It Off+1","Brutality","Blood for Blood+1","Feel No Pain","Uppercut+1","Shrug It Off","True Grit+1","Combust+1"],"special_seed":0,"relics":["Burning Blood","Kunai","Ornamental Fan","Shuriken","Snecko Eye","Bottled Flame","Self Forming Clay","Tiny House","Pen Nib","Sundial","Bag of Preparation","Red Mask","Frozen Egg 2"],"potions_floor_usage":[],"damage_taken":[{"damage":12.0,"enemies":"Small Slimes","floor":1.0,"turns":4.0},{"damage":1.0,"enemies":"Cultist","floor":4.0,"turns":3.0},{"damage":9.0,"enemies":"Jaw Worm","floor":5.0,"turns":3.0},{"damage":15.0,"enemies":"Gremlin Nob","floor":6.0,"turns":4.0},{"damage":0.0,"enemies":"Lots of Slimes","floor":8.0,"turns":2.0},{"damage":7.0,"enemies":"Red Slaver","floor":10.0,"turns":3.0},{"damage":11.0,"enemies":"Lagavulin","floor":11.0,"turns":4.0},{"damage":1.0,"enemies":"Large Slime","floor":13.0,"turns":3.0},{"damage":0.0,"enemies":"Exordium Thugs","floor":14.0,"turns":1.0},{"damage":16.0,"enemies":"Slime Boss","floor":16.0,"turns":6.0},{"damage":10.0,"enemies":"Shell Parasite","floor":18.0,"turns":2.0},{"damage":0.0,"enemies":"Chosen","floor":19.0,"turns":5.0},{"damage":0.0,"enemies":"3 Cultists","floor":20.0,"turns":2.0},{"damage":3.0,"enemies":"Centurion and Healer","floor":25.0,"turns":3.0},{"damage":24.0,"enemies":"Shelled Parasite and Fungi","floor":28.0,"turns":5.0},{"damage":11.0,"enemies":"Cultist and Chosen","floor":29.0,"turns":2.0},{"damage":26.0,"enemies":"Collector","floor":33.0,"turns":9.0},{"damage":18.0,"enemies":"3 Shapes","floor":35.0,"turns":4.0},{"damage":23.0,"enemies":"Orb Walker","floor":38.0,"turns":4.0},{"damage":26.0,"enemies":"Nemesis","floor":41.0,"turns":7.0},{"damage":30.0,"enemies":"3 Darklings","floor":44.0,"turns":4.0},{"damage":33.0,"enemies":"Maw","floor":47.0,"turns":5.0},{"damage":42.0,"enemies":"Reptomancer","floor":48.0,"turns":5.0},{"damage":49,"enemies":"Time Eater","floor":50,"turns":4}],"seed_played":"-4457281003970992597","potions_obtained":[{"floor":5.0,"key":"SpeedPotion"},{"floor":10.0,"key":"AttackPotion"},{"floor":11.0,"key":"Explosive Potion"},{"floor":13.0,"key":"Swift Potion"},{"floor":16.0,"key":"Explosive Potion"},{"floor":18.0,"key":"LiquidBronze"},{"floor":19.0,"key":"EssenceOfSteel"},{"floor":28.0,"key":"EntropicBrew"},{"floor":34.0,"key":"Fruit Juice"},{"floor":41.0,"key":"Fire Potion"},{"floor":47.0,"key":"Explosive Potion"}],"is_trial":false,"path_per_floor":["M","?","$","M","M","E","R","M","T","M","E","?","M","M","R","B",null,"M","M","M","$","T","R","$","M","T","R","M","M","R","?","R","B",null,"M","$","?","M","$","R","E","R","T","M","?","?","M","E","R","B"],"character_chosen":"IRONCLAD","items_purchased":["Barricade","Feel No Pain","Pen Nib","Shrug It Off"],"campfire_rested":3,"item_purchase_floors":[21,36,36,39],"current_hp_per_floor":[66,66,66,71,68,59,59,65,65,64,59,59,64,70,70,60,75,71,77,80,80,80,80,80,80,80,80,62,57,57,57,80,60,80,73,73,73,56,56,56,36,63,63,39,79,79,52,16,39,0],"gold":49,"neow_bonus":"REMOVE_TWO","is_prod":false,"is_daily":false,"chose_seed":false,"campfire_upgraded":6,"win_rate":0,"timestamp":1564891362,"path_taken":["M","?","$","?","M","E","R","M","T","M","E","?","M","M","R","BOSS","M","M","M","$","?","R","$","M","T","R","?","M","R","?","R","BOSS","M","$","?","M","$","R","E","R","T","M","?","?","M","E","R","BOSS"],"build_version":"2019-07-17","purchased_purges":1,"victory":false,"max_hp_per_floor":[80,80,80,80,80,80,80,80,80,80,80,80,80,80,80,80,80,80,80,80,80,80,80,80,80,80,80,80,80,80,80,80,80,85,90,90,90,90,90,90,90,90,90,90,79,79,79,79,79,79],"card_choices":[{"not_picked":["Thunderclap","Wild Strike"],"picked":"Cleave","floor":1.0},{"not_picked":["Dual Wield","Pummel"],"picked":"Shockwave","floor":4.0},{"not_picked":["Pommel Strike","Shockwave"],"picked":"Immolate","floor":5.0},{"not_picked":["Pummel","Reckless Charge"],"picked":"Intimidate","floor":6.0},{"not_picked":["Clothesline","Body Slam"],"picked":"Dropkick","floor":8.0},{"not_picked":["Rampage","Dual Wield"],"picked":"Headbutt","floor":10.0},{"not_picked":["Power Through","Intimidate"],"picked":"Seeing Red","floor":11.0},{"not_picked":["Sword Boomerang","Pommel Strike"],"picked":"Shrug It Off","floor":13.0},{"not_picked":["Sever Soul","Pommel Strike"],"picked":"Iron Wave","floor":14.0},{"not_picked":["Berserk","Offering"],"picked":"Double Tap","floor":16.0},{"not_picked":["Wild Strike+1","Armaments","Infernal Blade"],"picked":"SKIP","floor":18.0},{"not_picked":["Flex+1","Cleave"],"picked":"Bloodletting","floor":19.0},{"not_picked":["Heavy Blade","Armaments"],"picked":"Rupture","floor":20.0},{"not_picked":["Inflame+1","Iron Wave"],"picked":"Clothesline","floor":25.0},{"not_picked":["Rampage","Clothesline"],"picked":"Shrug It Off+1","floor":28.0},{"not_picked":["Infernal Blade","Sword Boomerang","Sentinel"],"picked":"SKIP","floor":29.0},{"not_picked":["Exhume","Fiend Fire"],"picked":"Brutality","floor":33.0},{"not_picked":["Thunderclap+1","Cleave+1"],"picked":"Blood for Blood+1","floor":35.0},{"not_picked":["Searing Blow+1","Havoc"],"picked":"Uppercut+1","floor":38.0},{"not_picked":["Shrug It Off+1","Intimidate"],"picked":"True Grit+1","floor":41.0},{"not_picked":["Barricade","Thunderclap+1"],"picked":"Combust+1","floor":44.0},{"not_picked":["Infernal Blade","Carnage+1","Warcry+1"],"picked":"SKIP","floor":47.0},{"not_picked":["Carnage+1","Feel No Pain","Intimidate"],"picked":"SKIP","floor":48.0}],"player_experience":2091571,"relics_obtained":[{"floor":6.0,"key":"Kunai"},{"floor":9.0,"key":"Ornamental Fan"},{"floor":11.0,"key":"Shuriken"},{"floor":22.0,"key":"Bottled Flame"},{"floor":26.0,"key":"Self Forming Clay"},{"floor":41.0,"key":"Sundial"},{"floor":43.0,"key":"Bag of Preparation"},{"floor":48.0,"key":"Frozen Egg 2"}],"event_choices":[{"damage_healed":0.0,"max_hp_gain":0.0,"max_hp_loss":0.0,"gold_gain":0.0,"event_name":"Upgrade Shrine","player_choice":"Upgraded","floor":2.0,"gold_loss":0.0,"damage_taken":0.0,"cards_upgraded":["Cleave"]},{"damage_healed":0.0,"max_hp_gain":0.0,"max_hp_loss":0.0,"gold_gain":0.0,"cards_transformed":["Strike_R"],"event_name":"Transmorgrifier","player_choice":"Transformed","floor":12.0,"gold_loss":0.0,"damage_taken":0.0,"cards_obtained":["Flex"]},{"damage_healed":0.0,"max_hp_gain":0.0,"max_hp_loss":0.0,"gold_gain":0.0,"event_name":"Back to Basics","player_choice":"Simplicity","floor":31.0,"gold_loss":0.0,"damage_taken":0.0,"cards_upgraded":["Strike_R","Strike_R","Defend_R","Defend_R","Defend_R"]},{"cards_removed":["Flex"],"damage_healed":0.0,"max_hp_gain":0.0,"max_hp_loss":0.0,"gold_gain":0.0,"event_name":"Falling","player_choice":"Removed Skill","floor":37.0,"gold_loss":0.0,"damage_taken":0.0},{"damage_healed":79.0,"max_hp_gain":0.0,"max_hp_loss":11.0,"gold_gain":0.0,"event_name":"The Moai Head","player_choice":"Heal","floor":45.0,"gold_loss":0.0,"damage_taken":0.0},{"damage_healed":0.0,"max_hp_gain":0.0,"max_hp_loss":0.0,"gold_gain":0.0,"event_name":"Tomb of Lord Red Mask","player_choice":"Paid","floor":46.0,"gold_loss":230.0,"damage_taken":0.0,"relics_obtained":["Red Mask"]}],"is_beta":false,"boss_relics":[{"not_picked":["Black Blood","Eternal Feather"],"picked":"Snecko Eye"},{"not_picked":["Lizard Tail","Calling Bell"],"picked":"Tiny House"}],"items_purged_floors":[21],"is_endless":false,"potions_floor_spawned":[5,10,11,13,16,18,19,28,41,47],"killed_by":"Time Eater","ascension_level":8}