{"gold_per_floor":[118,135,147,66,66,66,100,100,125,125,137,165,175,191,191,291,291,261,293,165,165,177,177],"floor_reached":23,"playtime":16260,"items_purged":["Injury"],"score":201,"play_id":"20491daa-e1f5-4432-86db-99323920e2b8","local_time":"20181122172914","is_ascension_mode":false,"campfire_choices":[{"data":"Footwork","floor":6.0,"key":"SMITH"},{"data":"Neutralize","floor":8.0,"key":"SMITH"},{"data":"Leg Sweep","floor":10.0,"key":"SMITH"},{"floor":15.0,"key":"REST"},{"floor":23,"key":"REST"}],"neow_cost":"CURSE","seed_source_timestamp":0,"circlet_count":0,"master_deck":["Defend_G","Defend_G","Defend_G","Defend_G","Defend_G+1","Strike_G","Strike_G","Strike_G","Strike_G","Survivor+1","Neutralize+1","Leg Sweep+1","Dagger Spray","Quick Slash","Footwork+1","Terror","Backflip","Dodge and Roll","Sucker Punch","Phantasmal Killer","Prepared+1","Quick Slash"],"special_seed":0,"relics":["Ring of the Snake","Pocketwatch","War Paint","Bottled Tornado","HoveringKite","Red Mask","MutagenicStrength"],"potions_floor_usage":[],"damage_taken":[{"damage":0.0,"enemies":"2 Louse","floor":1.0,"turns":3.0},{"damage":1.0,"enemies":"Cultist","floor":2.0,"turns":5.0},{"damage":0.0,"enemies":"Small Slimes","floor":3.0,"turns":4.0},{"damage":10.0,"enemies":"Gremlin Nob","floor":7.0,"turns":4.0},{"damage":0.0,"enemies":"Blue Slaver","floor":11.0,"turns":4.0},{"damage":18.0,"enemies":"Lagavulin","floor":12.0,"turns":6.0},{"damage":3.0,"enemies":"Looter","floor":13.0,"turns":3.0},{"damage":0.0,"enemies":"2 Fungi Beasts","floor":14.0,"turns":2.0},{"damage":8.0,"enemies":"The Guardian","floor":16.0,"turns":14.0},{"damage":15,"enemies":"2 Thieves","floor":18,"turns":5},{"damage":45,"enemies":"Masked Bandits","floor":19,"turns":8},{"damage":6,"enemies":"Spheric Guardian","floor":22,"turns":5}],"seed_played":"-6178805863494265407","potions_obtained":[{"floor":3.0,"key":"Poison Potion"},{"floor":11.0,"key":"Explosive Potion"},{"floor":12.0,"key":"PowerPotion"},{"floor":14.0,"key":"LiquidBronze"},{"floor":16.0,"key":"LiquidBronze"},{"floor":19,"key":"PowerPotion"}],"is_trial":false,"path_per_floor":["M","M","M","$","?","R","E","R","T","R","M","E","M","M","R","B",null,"M","?","$","?","M","R"],"character_chosen":"THE_SILENT","items_purchased":["Footwork","Quick Slash"],"campfire_rested":2,"item_purchase_floors":[4,20],"current_hp_per_floor":[70,69,69,69,69,69,59,59,59,59,59,41,38,38,59,51,70,55,10,10,10,4,25],"gold":177,"neow_bonus":"ONE_RARE_RELIC","is_prod":false,"is_daily":false,"chose_seed":false,"campfire_upgraded":3,"win_rate":0,"timestamp":1542932954,"path_taken":["M","M","M","$","?","R","E","R","T","R","?","E","M","M","R","BOSS","M","?","$","?","M","R"],"build_version":"2018-11-15","purchased_purges":1,"victory":false,"max_hp_per_floor":[70,70,70,70,70,70,70,70,70,70,70,70,70,70,70,70,70,70,70,70,70,70,70],"card_choices":[{"not_picked":["Sucker Punch","Poisoned Stab"],"picked":"Leg Sweep","floor":1.0},{"not_picked":["Cloak And Dagger","Dagger Throw"],"picked":"Dagger Spray","floor":2.0},{"not_picked":["Crippling Poison","Slice"],"picked":"Quick Slash","floor":3.0},{"not_picked":["Flying Knee","Phantasmal Killer"],"picked":"Backflip","floor":7.0},{"not_picked":["Prepared","Deflect"],"picked":"Dodge and Roll","floor":11.0},{"not_picked":["Cloak And Dagger","Tactician","Dagger Spray"],"picked":"SKIP","floor":12.0},{"not_picked":["Distraction","Expertise"],"picked":"Sucker Punch","floor":13.0},{"not_picked":["Reflex","Accuracy","Poisoned Stab"],"picked":"SKIP","floor":14.0},{"not_picked":["Malaise","Burst"],"picked":"Phantasmal Killer","floor":16.0},{"not_picked":["Bouncing Flask","Outmaneuver","Caltrops"],"picked":"SKIP","floor":18},{"not_picked":["Poisoned Stab","Dodge and Roll"],"picked":"Prepared+1","floor":19},{"not_picked":["Underhanded Strike+1","Sucker Punch","Dodge and Roll"],"picked":"SKIP","floor":22}],"player_experience":1288021,"relics_obtained":[{"floor":7.0,"key":"War Paint"},{"floor":12.0,"key":"Bottled Tornado"},{"floor":19,"key":"Red Mask"}],"event_choices":[{"damage_healed":0.0,"max_hp_gain":0.0,"max_hp_loss":0.0,"gold_gain":0.0,"cards_transformed":["Strike_G"],"event_name":"Transmorgrifier","player_choice":"Transformed","floor":5.0,"gold_loss":0.0,"damage_taken":0.0,"cards_obtained":["Terror"]},{"damage_healed":0,"gold_gain":0,"player_choice":"Fought Bandits","damage_taken":0,"max_hp_gain":0,"max_hp_loss":0,"event_name":"Masked Bandits","floor":19,"gold_loss":0},{"damage_healed":0,"gold_gain":0,"player_choice":"Inject Mutagens","damage_taken":0,"relics_obtained":["MutagenicStrength"],"max_hp_gain":0,"max_hp_loss":0,"event_name":"Drug Dealer","floor":21,"gold_loss":0}],"is_beta":false,"boss_relics":[{"not_picked":["Black Star","Eternal Feather"],"picked":"HoveringKite"}],"items_purged_floors":[20],"is_endless":false,"potions_floor_spawned":[3,11,12,14,16,19],"ascension_level":0}