{"gold_per_floor":[115,115,129,145,145,145,165,199,199,199,220,239,255,594,594,722,722,717,738,759,780,47,47,87,106,106,106,106,106,146,165,165,290,290,313,313,24,49,63,98,98,121,121,121,121],"floor_reached":46,"playtime":5340,"items_purged":["Strike_B"],"score":835,"play_id":"7a00484e-28ea-4e9f-a232-71dacf1bf82f","local_time":"20181125153217","is_ascension_mode":true,"campfire_choices":[{"data":"Cold Snap","floor":6,"key":"SMITH"},{"floor":10,"key":"REST"},{"data":"Zap","floor":15,"key":"SMITH"},{"data":"Creative AI","floor":23,"key":"SMITH"},{"data":"Ball Lightning","floor":27,"key":"SMITH"},{"data":"Self Repair","floor":32,"key":"SMITH"},{"data":"Glacier","floor":41,"key":"SMITH"}],"neow_cost":"TEN_PERCENT_HP_LOSS","seed_source_timestamp":321393395570280,"circlet_count":0,"master_deck":["Strike_B","Defend_B","Defend_B","Zap+1","Dualcast","Cold Snap+1","Steam","Skim","Leap","Self Repair+1","Glacier","Glacier+1","Compile Driver","Genetic Algorithm","Creative AI+1","Sunder+1","Ball Lightning","Ball Lightning","Ball Lightning+1","Rebound","Conserve Battery+1","Seek","Chill+1","Compile Driver+1","Consume+1","FTL","Go for the Eyes+1"],"relics":["Cracked Core","Emotion Chip","Golden Idol","Happy Flower","Meat on the Bone","Old Coin","Nuclear Battery","Frozen Eye","Mercury Hourglass","PreservedInsect","Dodecahedron","Boot","Enchiridion","Bag of Marbles","Art of War","Astrolabe","Mummified Hand","Shuriken","FossilizedHelix"],"potions_floor_usage":[13,14,16,25,33,33,33,45,45],"damage_taken":[{"damage":14,"enemies":"2 Louse","floor":1,"turns":3},{"damage":5,"enemies":"Jaw Worm","floor":3,"turns":2},{"damage":0,"enemies":"Cultist","floor":4,"turns":4},{"damage":5,"enemies":"Looter","floor":7,"turns":3},{"damage":18,"enemies":"Lagavulin","floor":8,"turns":8},{"damage":0,"enemies":"Blue Slaver","floor":11,"turns":4},{"damage":5,"enemies":"3 Louse","floor":12,"turns":3},{"damage":4,"enemies":"Red Slaver","floor":13,"turns":4},{"damage":8,"enemies":"3 Sentries","floor":14,"turns":12},{"damage":40,"enemies":"Slime Boss","floor":16,"turns":15},{"damage":5,"enemies":"2 Thieves","floor":18,"turns":4},{"damage":0,"enemies":"Spheric Guardian","floor":19,"turns":3},{"damage":3,"enemies":"Snecko","floor":20,"turns":5},{"damage":12,"enemies":"Chosen and Byrds","floor":21,"turns":6},{"damage":21,"enemies":"Book of Stabbing","floor":24,"turns":7},{"damage":16,"enemies":"Centurion and Healer","floor":25,"turns":5},{"damage":0,"enemies":"Slavers","floor":30,"turns":5},{"damage":0,"enemies":"Snecko","floor":31,"turns":4},{"damage":20,"enemies":"Collector","floor":33,"turns":10},{"damage":0,"enemies":"Orb Walker","floor":35,"turns":2},{"damage":0,"enemies":"3 Darklings","floor":38,"turns":6},{"damage":0,"enemies":"4 Shapes","floor":39,"turns":4},{"damage":0,"enemies":"Nemesis","floor":40,"turns":5},{"damage":1,"enemies":"Jaw Worm Horde","floor":42,"turns":4},{"damage":72,"enemies":"Donu and Deca","floor":45,"turns":11}],"seed_played":"1350989258248531165","potions_obtained":[{"floor":4,"key":"Dexterity Potion"},{"floor":7,"key":"Ancient Potion"},{"floor":11,"key":"Strength Potion"},{"floor":14,"key":"Fire Potion"},{"floor":16,"key":"Ancient Potion"},{"floor":18,"key":"EssenceOfSteel"},{"floor":24,"key":"FocusPotion"},{"floor":25,"key":"SpeedPotion"},{"floor":35,"key":"Regen Potion"},{"floor":42,"key":"Block Potion"}],"is_trial":false,"path_per_floor":["M","?","M","M","?","R","M","E","T","R","M","M","M","E","R","B",null,"M","M","M","M","$","R","E","M","T","R","?","?","E","M","R","B",null,"M","?","$","M","M","E","R","M","T","?","B",null],"character_chosen":"DEFECT","items_purchased":["Frozen Eye","Mercury Hourglass","PreservedInsect","Ball Lightning","Mummified Hand","FTL"],"campfire_rested":1,"item_purchase_floors":[22,22,22,22,37,37],"current_hp_per_floor":[54,37,32,32,32,32,27,9,9,29,48,50,53,52,52,24,68,63,68,68,63,63,63,49,52,52,52,36,36,43,43,43,45,68,68,68,68,68,68,68,68,68,68,68,32],"gold":121,"neow_bonus":"ONE_RARE_RELIC","is_prod":false,"is_daily":false,"chose_seed":false,"campfire_upgraded":6,"win_rate":0,"timestamp":1543181537,"path_taken":["M","?","M","M","?","R","?","E","T","R","M","M","M","E","R","BOSS","M","M","?","M","$","R","E","M","T","R","?","?","E","M","R","BOSS","M","?","$","M","M","E","R","M","T","?","BOSS"],"build_version":"2018-11-15","purchased_purges":1,"victory":true,"max_hp_per_floor":[68,68,68,68,68,68,68,68,68,68,68,68,68,68,68,68,68,68,68,68,68,68,68,68,68,68,68,68,68,68,68,68,68,68,68,68,68,68,68,68,68,68,68,68,68],"card_choices":[{"not_picked":["Rebound","Sweeping Beam"],"picked":"Cold Snap","floor":1},{"not_picked":["Scrape","Sweeping Beam"],"picked":"Steam","floor":3},{"not_picked":["Redo","Storm"],"picked":"Skim","floor":4},{"not_picked":["Rebound","Steam Power"],"picked":"Leap","floor":7},{"not_picked":["Go for the Eyes","Sweeping Beam"],"picked":"Self Repair","floor":8},{"not_picked":["Rebound","Leap"],"picked":"Glacier","floor":11},{"not_picked":["Double Energy","Doom and Gloom"],"picked":"Glacier","floor":12},{"not_picked":["Chaos","Beam Cell"],"picked":"Compile Driver","floor":13},{"not_picked":["All For One","Tempest"],"picked":"Genetic Algorithm","floor":14},{"not_picked":["Thunder Strike","Fission"],"picked":"Creative AI","floor":16},{"not_picked":["Loop","Cold Snap"],"picked":"Sunder+1","floor":18},{"not_picked":["Reinforced Body+1","Gash+1"],"picked":"Ball Lightning","floor":19},{"not_picked":["FTL","Force Field"],"picked":"Ball Lightning","floor":20},{"not_picked":["Melter","Turbo","Redo"],"picked":"SKIP","floor":21},{"not_picked":["Streamline","Darkness"],"picked":"Rebound","floor":24},{"not_picked":["Reinforced Body","Sweeping Beam+1"],"picked":"Conserve Battery+1","floor":25},{"not_picked":["Rebound+1","Go for the Eyes","Leap+1"],"picked":"SKIP","floor":30},{"not_picked":["Coolheaded","Stack","Skim"],"picked":"SKIP","floor":31},{"not_picked":["Amplify","Machine Learning"],"picked":"Seek","floor":33},{"not_picked":["Glacier","Ball Lightning","Hologram"],"picked":"SKIP","floor":35},{"not_picked":["Cold Snap","Ball Lightning+1"],"picked":"Go for the Eyes+1","floor":38},{"not_picked":["Sweeping Beam","Streamline+1","Storm+1"],"picked":"SKIP","floor":39},{"not_picked":["Recycle","Rainbow","Genetic Algorithm"],"picked":"SKIP","floor":40},{"not_picked":["Sunder+1","Auto Shields","Beam Cell+1"],"picked":"SKIP","floor":42}],"player_experience":300567,"relics_obtained":[{"floor":8,"key":"Happy Flower"},{"floor":9,"key":"Meat on the Bone"},{"floor":14,"key":"Old Coin"},{"floor":24,"key":"Dodecahedron"},{"floor":26,"key":"Boot"},{"floor":28,"key":"Enchiridion"},{"floor":30,"key":"Art of War"},{"floor":40,"key":"Shuriken"},{"floor":43,"key":"FossilizedHelix"}],"event_choices":[{"damage_healed":0,"gold_gain":0,"player_choice":"Take Damage","damage_taken":17,"relics_obtained":["Golden Idol"],"max_hp_gain":0,"max_hp_loss":0,"event_name":"Golden Idol","floor":2,"gold_loss":0},{"cards_removed":["Strike_B"],"damage_healed":0,"gold_gain":0,"player_choice":"Forget","damage_taken":0,"max_hp_gain":0,"max_hp_loss":0,"event_name":"Living Wall","floor":5,"gold_loss":0},{"damage_healed":0,"gold_gain":0,"player_choice":"Obtained Book","damage_taken":16,"max_hp_gain":0,"max_hp_loss":0,"event_name":"Cursed Tome","floor":28,"gold_loss":0},{"damage_healed":0,"gold_gain":0,"player_choice":"Opened","damage_taken":0,"relics_obtained":["Bag of Marbles"],"max_hp_gain":0,"max_hp_loss":0,"event_name":"The Mausoleum","floor":29,"gold_loss":0},{"damage_healed":0,"gold_gain":0,"player_choice":"Ignored","damage_taken":0,"max_hp_gain":0,"max_hp_loss":0,"event_name":"Tomb of Lord Red Mask","floor":36,"gold_loss":0},{"damage_healed":0,"gold_gain":0,"player_choice":"Took Portal","damage_taken":0,"max_hp_gain":0,"max_hp_loss":0,"event_name":"SecretPortal","floor":44,"gold_loss":0}],"is_beta":false,"boss_relics":[{"not_picked":["Tiny House","Orrery"],"picked":"Nuclear Battery"},{"not_picked":["White Beast Statue","Calling Bell"],"picked":"Astrolabe"}],"items_purged_floors":[22],"is_endless":false,"potions_floor_spawned":[4,7,11,12,14,16,18,24,25,30,35,42],"ascension_level":3}