{"gold_per_floor":[114,129,144,144,73,73,103,118,118,133,148,163,163,178,178,278,278,293,308,308,323,338,338],"floor_reached":23,"playtime":1468,"items_purged":[],"score":199,"play_id":"39c23ee1-47f5-42e9-b7e9-85a7d6ffe5fe","local_time":"20190411185720","daily_mods":["Draft","Uncertain Future","Binary"],"is_ascension_mode":false,"campfire_choices":[{"data":"Noxious Fumes","floor":6,"key":"SMITH"},{"floor":15,"key":"REST"}],"neow_cost":"","seed_source_timestamp":0,"circlet_count":0,"master_deck":["Backflip","Deflect","Deadly Poison","Tactician","Backflip","Outmaneuver","Dodge and Roll","Acrobatics","Prepared","Deadly Poison","Catalyst","Bane","Blur","Caltrops+1","Poisoned Stab","Noxious Fumes+1","Poisoned Stab","Escape Plan","Bouncing Flask","Deflect","Flying Knee","After Image","Slice"],"special_seed":17997,"relics":["Ring of the Snake","FaceOfCleric","Shovel","Runic Pyramid"],"potions_floor_usage":[11,12,16,23,23],"damage_taken":[{"damage":0,"enemies":"Cultist","floor":1,"turns":3},{"damage":4,"enemies":"Jaw Worm","floor":2,"turns":3},{"damage":2,"enemies":"2 Louse","floor":3,"turns":3},{"damage":11,"enemies":"3 Sentries","floor":7,"turns":7},{"damage":1,"enemies":"Blue Slaver","floor":8,"turns":4},{"damage":23,"enemies":"Gremlin Gang","floor":10,"turns":4},{"damage":5,"enemies":"2 Fungi Beasts","floor":11,"turns":4},{"damage":15,"enemies":"Exordium Thugs","floor":12,"turns":4},{"damage":0,"enemies":"3 Louse","floor":14,"turns":3},{"damage":19,"enemies":"Hexaghost","floor":16,"turns":7},{"damage":36,"enemies":"2 Thieves","floor":18,"turns":5},{"damage":0,"enemies":"Chosen","floor":19,"turns":4},{"damage":15,"enemies":"Shelled Parasite and Fungi","floor":21,"turns":6},{"damage":11,"enemies":"Snecko","floor":22,"turns":4},{"damage":27,"enemies":"Slavers","floor":23,"turns":1}],"seed_played":"6366022716300994326","potions_obtained":[{"floor":7,"key":"Swift Potion"},{"floor":10,"key":"Poison Potion"},{"floor":11,"key":"Ancient Potion"},{"floor":16,"key":"Dexterity Potion"},{"floor":19,"key":"LiquidBronze"},{"floor":22,"key":"PowerPotion"}],"is_trial":false,"path_per_floor":["M","M","M","?","$","R","E","M","T","M","M","M","?","M","R","B",null,"M","M","?","M","M","E"],"character_chosen":"THE_SILENT","items_purchased":["Noxious Fumes"],"campfire_rested":1,"item_purchase_floors":[5],"current_hp_per_floor":[70,66,64,64,64,64,54,54,54,32,28,14,14,15,37,19,77,42,43,43,29,19,0],"gold":338,"neow_bonus":"","is_prod":false,"is_daily":true,"chose_seed":false,"campfire_upgraded":1,"win_rate":0.0,"timestamp":1554980240,"path_taken":["M","M","M","?","$","R","E","M","T","M","?","M","?","M","R","BOSS","M","?","?","M","M","E"],"build_version":"2019-01-23","purchased_purges":0,"victory":false,"max_hp_per_floor":[70,70,70,70,70,70,71,72,72,73,74,75,75,76,76,77,77,78,79,79,80,81,81],"card_choices":[{"not_picked":["Underhanded Strike","Prepared"],"picked":"Backflip","floor":0},{"not_picked":["Outmaneuver","Sucker Punch"],"picked":"Deflect","floor":0},{"not_picked":["Outmaneuver","PiercingWail"],"picked":"Deadly Poison","floor":0},{"not_picked":["Dagger Throw","Reflex"],"picked":"Tactician","floor":0},{"not_picked":["Dodge and Roll","Sucker Punch"],"picked":"Backflip","floor":0},{"not_picked":["Cloak And Dagger","Quick Slash"],"picked":"Outmaneuver","floor":0},{"not_picked":["Backflip","Heel Hook"],"picked":"Dodge and Roll","floor":0},{"not_picked":["Sucker Punch","Underhanded Strike"],"picked":"Acrobatics","floor":0},{"not_picked":["Cloak And Dagger","Bane"],"picked":"Prepared","floor":0},{"not_picked":["Dagger Throw","Sucker Punch"],"picked":"Prepared","floor":0},{"not_picked":["Quick Slash","Dash"],"picked":"Deadly Poison","floor":0},{"not_picked":["Heel Hook","PiercingWail"],"picked":"Catalyst","floor":0},{"not_picked":["Reflex","Quick Slash"],"picked":"Bane","floor":0},{"not_picked":["Well Laid Plans","Blade Dance"],"picked":"Blur","floor":0},{"not_picked":["Underhanded Strike","Prepared"],"picked":"Caltrops","floor":0},{"not_picked":["Terror","Blade Dance"],"picked":"SKIP","floor":1},{"not_picked":["Dodge and Roll"],"picked":"Poisoned Stab","floor":2},{"not_picked":["Predator","Setup"],"picked":"SKIP","floor":3},{"not_picked":["All Out Attack"],"picked":"Poisoned Stab","floor":7},{"not_picked":["Caltrops","Deadly Poison"],"picked":"SKIP","floor":8},{"not_picked":["Finisher"],"picked":"Escape Plan","floor":10},{"not_picked":["Finisher","Underhanded Strike"],"picked":"SKIP","floor":11},{"not_picked":["Calculated Gamble"],"picked":"Bouncing Flask","floor":12},{"not_picked":["Blade Dance"],"picked":"Flying Knee","floor":14},{"not_picked":["Grand Finale"],"picked":"After Image","floor":16},{"not_picked":["Masterful Stab"],"picked":"Slice","floor":18},{"not_picked":["Riddle With Holes","Acrobatics"],"picked":"SKIP","floor":19},{"not_picked":["Bane","Dodge and Roll+1"],"picked":"SKIP","floor":21},{"not_picked":["Prepared","Finisher"],"picked":"SKIP","floor":22}],"player_experience":30111,"relics_obtained":[{"floor":7,"key":"Shovel"}],"event_choices":[{"damage_healed":0,"gold_gain":0,"player_choice":"Trade","damage_taken":0,"relics_obtained":["FaceOfCleric"],"max_hp_gain":0,"max_hp_loss":0,"event_name":"FaceTrader","floor":4,"gold_loss":0},{"damage_healed":0,"gold_gain":0,"cards_transformed":["Prepared"],"player_choice":"Transformed","damage_taken":0,"max_hp_gain":0,"max_hp_loss":0,"event_name":"Transmorgrifier","floor":13,"gold_loss":0,"cards_obtained":["Deflect"]},{"damage_healed":0,"gold_gain":0,"player_choice":"Upgraded","damage_taken":0,"max_hp_gain":0,"max_hp_loss":0,"event_name":"Upgrade Shrine","floor":20,"gold_loss":0,"cards_upgraded":["Caltrops"]}],"is_beta":false,"boss_relics":[{"not_picked":["WristBlade","Snecko Eye"],"picked":"Runic Pyramid"}],"items_purged_floors":[],"is_endless":false,"potions_floor_spawned":[7,10,11,16,19,22],"killed_by":"Slavers","ascension_level":0}