{"gold_per_floor":[116,116,41,53,69,69,69,89,89,120,120,40,40,54,54,152,152,167,181,181,195,95,95,108,121,121,121,86,86,99,118,118,217,217,231,506,141,157,7,7],"floor_reached":40,"playtime":11955,"items_purged":["Doubt","Strike_R","Regret","Strike_R"],"score":388,"play_id":"92ceceaa-3bc7-4532-8306-dc4756f06a5d","local_time":"20181120231524","is_ascension_mode":false,"campfire_choices":[{"data":"Trip","floor":6,"key":"SMITH"},{"floor":11,"key":"REST"},{"data":"Clothesline","floor":13,"key":"SMITH"},{"data":"Shockwave","floor":15,"key":"SMITH"},{"floor":23,"key":"REST"},{"floor":27,"key":"REST"},{"data":"Inflame","floor":29,"key":"SMITH"},{"data":"Discovery","floor":32,"key":"SMITH"}],"neow_cost":"CURSE","seed_source_timestamp":8371839210749002,"circlet_count":0,"master_deck":["Strike_R","Strike_R","Defend_R","Defend_R","Defend_R","Defend_R","Bash","Trip+1","Discovery+1","Shrug It Off","Disarm","Shockwave+1","Clothesline+1","Whirlwind","Reaper","Warcry+1","Shrug It Off","Armaments+1","Inflame+1","Shrug It Off+1","Corruption+1","Feed+1","Sentinel+1","Body Slam+1","Master of Strategy"],"relics":["Black Blood","Gremlin Horn","Regal Pillow","Molten Egg 2","Sozu"],"potions_floor_usage":[10,16,18,18,19,24,33,33,33],"damage_taken":[{"damage":5,"enemies":"Small Slimes","floor":1,"turns":3},{"damage":0,"enemies":"Jaw Worm","floor":4,"turns":5},{"damage":0,"enemies":"Cultist","floor":5,"turns":3},{"damage":15,"enemies":"Exordium Thugs","floor":8,"turns":6},{"damage":37,"enemies":"3 Sentries","floor":10,"turns":9},{"damage":3,"enemies":"Looter","floor":14,"turns":3},{"damage":71,"enemies":"Hexaghost","floor":16,"turns":14},{"damage":20,"enemies":"2 Thieves","floor":18,"turns":2},{"damage":14,"enemies":"Chosen","floor":19,"turns":7},{"damage":52,"enemies":"Centurion and Healer","floor":21,"turns":11},{"damage":27,"enemies":"Snake Plant","floor":24,"turns":6},{"damage":51,"enemies":"3 Cultists","floor":25,"turns":7},{"damage":35,"enemies":"Shelled Parasite and Fungi","floor":30,"turns":10},{"damage":16,"enemies":"Snake Plant","floor":31,"turns":6},{"damage":58,"enemies":"Collector","floor":33,"turns":12},{"damage":36,"enemies":"3 Darklings","floor":35,"turns":5},{"damage":31,"enemies":"3 Shapes","floor":38,"turns":10},{"damage":84,"enemies":"Nemesis","floor":40,"turns":14}],"seed_played":"-5377209110795405714","potions_obtained":[{"floor":1,"key":"SteroidPotion"},{"floor":14,"key":"Fire Potion"},{"floor":16,"key":"EntropicBrew"},{"floor":18,"key":"SkillPotion"},{"floor":20,"key":"PowerPotion"},{"floor":24,"key":"GamblersBrew"},{"floor":31,"key":"PowerPotion"}],"is_trial":false,"path_per_floor":["M","?","$","M","M","R","?","M","T","E","R","$","R","M","R","B",null,"M","M","?","M","$","R","M","M","T","R","$","R","M","M","R","B",null,"M","?","$","M","$","E"],"character_chosen":"IRONCLAD","items_purchased":["Whirlwind","Inflame","Body Slam+1","Master of Strategy"],"campfire_rested":3,"item_purchase_floors":[12,28,37,37],"current_hp_per_floor":[80,68,68,74,80,80,73,64,64,33,72,72,72,75,75,10,80,70,66,66,30,30,69,52,26,26,65,65,65,57,58,58,27,80,80,80,80,77,77,0],"gold":7,"neow_bonus":"RANDOM_COLORLESS_2","is_prod":false,"is_daily":false,"chose_seed":false,"campfire_upgraded":5,"win_rate":0,"timestamp":1542780924,"path_taken":["M","?","$","M","M","R","?","M","T","E","R","?","R","M","R","BOSS","M","M","?","M","$","R","M","M","T","R","$","R","M","M","R","BOSS","M","?","$","M","$","E"],"build_version":"2018-11-15","purchased_purges":4,"victory":false,"max_hp_per_floor":[80,80,80,80,80,80,80,80,80,80,80,80,80,80,80,80,80,80,80,80,80,80,80,80,80,80,80,80,80,80,80,80,80,80,80,80,80,84,84,84],"card_choices":[{"not_picked":["Spot Weakness","Warcry"],"picked":"Shrug It Off","floor":1},{"not_picked":["Sword Boomerang","Heavy Blade","Cleave"],"picked":"SKIP","floor":4},{"not_picked":["Wild Strike","Bloodletting"],"picked":"Disarm","floor":5},{"not_picked":["Twin Strike","Fire Breathing"],"picked":"Shockwave","floor":8},{"not_picked":["Corruption","Immolate"],"picked":"Clothesline","floor":10},{"not_picked":["Warcry","Twin Strike","Flex"],"picked":"SKIP","floor":14},{"not_picked":["Feed","Juggernaut"],"picked":"Reaper","floor":16},{"not_picked":["Twin Strike","Second Wind"],"picked":"Warcry+1","floor":18},{"not_picked":["Pommel Strike+1","Twin Strike","Power Through"],"picked":"SKIP","floor":19},{"not_picked":["Ghostly Armor+1","Headbutt"],"picked":"Shrug It Off","floor":21},{"not_picked":["Flex","Rampage"],"picked":"Armaments+1","floor":24},{"not_picked":["Headbutt","Perfected Strike","Berserk"],"picked":"SKIP","floor":25},{"not_picked":["Cleave+1","Anger+1"],"picked":"Shrug It Off+1","floor":30},{"not_picked":["Reckless Charge+1","Armaments"],"picked":"Corruption+1","floor":31},{"not_picked":["Offering","Immolate+1"],"picked":"Feed+1","floor":33},{"not_picked":["Combust","Shrug It Off"],"picked":"Sentinel+1","floor":35},{"not_picked":["Rupture+1","Corruption+1","Clash+1"],"picked":"SKIP","floor":38}],"player_experience":1266811,"relics_obtained":[{"floor":10,"key":"Regal Pillow"},{"floor":26,"key":"Molten Egg 2"}],"event_choices":[{"damage_healed":0,"gold_gain":0,"player_choice":"Success","damage_taken":12,"relics_obtained":["Gremlin Horn"],"max_hp_gain":0,"max_hp_loss":0,"event_name":"Scrap Ooze","floor":2,"gold_loss":0},{"cards_removed":["Strike_R"],"damage_healed":0,"gold_gain":0,"player_choice":"Card Removal","damage_taken":7,"max_hp_gain":0,"max_hp_loss":0,"event_name":"Golden Wing","floor":7,"gold_loss":0},{"damage_healed":0,"gold_gain":0,"player_choice":"Got Potions","damage_taken":0,"max_hp_gain":0,"max_hp_loss":0,"event_name":"Lab","floor":20,"gold_loss":0},{"damage_healed":0,"gold_gain":275,"player_choice":"Desecrate","damage_taken":0,"max_hp_gain":0,"max_hp_loss":0,"event_name":"Golden Shrine","floor":36,"gold_loss":0,"cards_obtained":["Regret"]}],"is_beta":false,"boss_relics":[{"not_picked":["Pandora\u0027s Box","Velvet Choker"],"picked":"Black Blood"},{"not_picked":["Black Star","Runic Pyramid"],"picked":"Sozu"}],"items_purged_floors":[3,22,37,39],"is_endless":false,"potions_floor_spawned":[1,14,16,18,24,31,35],"killed_by":"Nemesis","ascension_level":0}