{"gold_per_floor":[110,110,60,30,46,76,89,120,190,190,205,222,222,252,252,347,347,358,358,369,386,60,60,60,60,60,60,60,70,70,84,84,84],"floor_reached":33,"playtime":1204,"items_purged":["Strike_B"],"score":305,"play_id":"b1be9f62-6590-429e-9590-994e129467f3","local_time":"20190418184921","is_ascension_mode":true,"campfire_choices":[{"data":"Zap","floor":10,"key":"SMITH"},{"data":"Ball Lightning","floor":13,"key":"SMITH"},{"data":"Buffer","floor":15,"key":"SMITH"},{"data":"Loop","floor":23,"key":"SMITH"},{"data":"Machine Learning","floor":25,"key":"SMITH"},{"data":"Capacitor","floor":27,"key":"SMITH"},{"data":"Melter","floor":30,"key":"SMITH"},{"data":"Streamline","floor":32,"key":"SMITH"}],"neow_cost":"NONE","seed_source_timestamp":201490573354260,"circlet_count":0,"master_deck":["Strike_B+1","Strike_B+1","Defend_B+1","Defend_B+1","Defend_B+1","Defend_B+1","Zap+1","Dualcast","Capacitor+1","Conserve Battery","Conserve Battery","Ball Lightning+1","Cold Snap","Rebound","Buffer+1","Machine Learning+1","Streamline+1","Force Field","Melter+1","FTL","Loop+1","Madness","FTL+1","Gash+1"],"relics":["Cracked Core","NeowsBlessing","WingedGreaves","Anchor","Vajra","Meat on the Bone","Strawberry","Runic Pyramid","MutagenicStrength","Sundial"],"potions_floor_usage":[14,16,18],"damage_taken":[{"damage":0,"enemies":"Cultist","floor":1,"turns":1},{"damage":0,"enemies":"Small Slimes","floor":5,"turns":1},{"damage":0,"enemies":"3 Sentries","floor":6,"turns":2},{"damage":0,"enemies":"2 Louse","floor":7,"turns":3},{"damage":12,"enemies":"Lagavulin","floor":8,"turns":8},{"damage":8,"enemies":"Exordium Wildlife","floor":11,"turns":5},{"damage":0,"enemies":"Red Slaver","floor":12,"turns":3},{"damage":20,"enemies":"3 Sentries","floor":14,"turns":5},{"damage":25,"enemies":"Slime Boss","floor":16,"turns":14},{"damage":3,"enemies":"3 Byrds","floor":18,"turns":5},{"damage":18,"enemies":"Shell Parasite","floor":20,"turns":6},{"damage":13,"enemies":"Cultist and Chosen","floor":21,"turns":7},{"damage":1,"enemies":"Snake Plant","floor":29,"turns":5},{"damage":1,"enemies":"Sentry and Sphere","floor":31,"turns":4},{"damage":77,"enemies":"Automaton","floor":33,"turns":6}],"seed_played":"7359227357739484729","potions_obtained":[{"floor":1,"key":"Ancient Potion"},{"floor":4,"key":"Energy Potion"},{"floor":4,"key":"Regen Potion"},{"floor":14,"key":"Dexterity Potion"}],"is_trial":false,"path_per_floor":["M","?","?","?","M","E","M","E","T","R","M","M","R","E","R","B",null,"M","?","M","M","$","R","$","R","T","R","?","M","R","M","R","B"],"character_chosen":"DEFECT","items_purchased":["FTL","Loop","Madness"],"campfire_rested":0,"item_purchase_floors":[22,22,22],"current_hp_per_floor":[75,68,68,68,68,68,68,56,56,56,48,48,48,47,47,34,82,79,79,61,48,48,48,48,48,48,48,48,47,47,46,46,0],"gold":84,"neow_bonus":"THREE_ENEMY_KILL","is_prod":false,"is_daily":false,"chose_seed":false,"campfire_upgraded":8,"win_rate":0,"timestamp":1555584561,"path_taken":["M","?","?","?","M","E","M","E","T","R","M","?","R","E","R","BOSS","M","?","M","M","$","R","$","R","T","R","?","M","R","M","R","BOSS"],"build_version":"2019-01-23","purchased_purges":1,"victory":false,"max_hp_per_floor":[75,75,75,75,75,75,75,75,75,75,75,75,75,82,82,82,82,82,82,82,82,82,82,82,82,82,82,82,82,82,82,82,82],"card_choices":[{"not_picked":["Compile Driver","Stack"],"picked":"Capacitor","floor":1},{"not_picked":["Hologram","Undo"],"picked":"Conserve Battery","floor":5},{"not_picked":["Consume","Rebound"],"picked":"Conserve Battery","floor":6},{"not_picked":["Redo","Compile Driver"],"picked":"Ball Lightning","floor":7},{"not_picked":["Meteor Strike","Hyperbeam"],"picked":"Cold Snap","floor":8},{"not_picked":["Recycle","Consume"],"picked":"Rebound","floor":11},{"not_picked":["Steam","Redo","Sweeping Beam"],"picked":"SKIP","floor":12},{"not_picked":["Compile Driver","Gash"],"picked":"Buffer","floor":14},{"not_picked":["Meteor Strike","Rainbow"],"picked":"Machine Learning","floor":16},{"not_picked":["Coolheaded","Stack+1"],"picked":"Streamline","floor":18},{"not_picked":["Blizzard","Gash+1"],"picked":"Force Field","floor":20},{"not_picked":["Sweeping Beam","Ball Lightning"],"picked":"Melter","floor":21},{"not_picked":["Compile Driver","Hologram"],"picked":"FTL+1","floor":29},{"not_picked":["Reinforced Body","Turbo"],"picked":"Gash+1","floor":31}],"player_experience":69161,"relics_obtained":[{"floor":6,"key":"Anchor"},{"floor":8,"key":"Vajra"},{"floor":9,"key":"Meat on the Bone"},{"floor":14,"key":"Strawberry"},{"floor":26,"key":"Sundial"}],"event_choices":[{"damage_healed":0,"gold_gain":0,"player_choice":"Success","damage_taken":7,"relics_obtained":["WingedGreaves"],"max_hp_gain":0,"max_hp_loss":0,"event_name":"Scrap Ooze","floor":2,"gold_loss":0},{"cards_removed":["Strike_B"],"damage_healed":0,"gold_gain":0,"player_choice":"Card Removal","damage_taken":0,"max_hp_gain":0,"max_hp_loss":0,"event_name":"The Cleric","floor":3,"gold_loss":50},{"damage_healed":0,"gold_gain":0,"player_choice":"Bought 2 Potions","damage_taken":0,"max_hp_gain":0,"max_hp_loss":0,"event_name":"The Woman in Blue","floor":4,"gold_loss":0},{"damage_healed":0,"gold_gain":0,"player_choice":"Inject Mutagens","damage_taken":0,"relics_obtained":["MutagenicStrength"],"max_hp_gain":0,"max_hp_loss":0,"event_name":"Drug Dealer","floor":19,"gold_loss":0},{"damage_healed":0,"gold_gain":0,"player_choice":"Simplicity","damage_taken":0,"max_hp_gain":0,"max_hp_loss":0,"event_name":"Back to Basics","floor":28,"gold_loss":0,"cards_upgraded":["Strike_B","Strike_B","Defend_B","Defend_B","Defend_B","Defend_B"]}],"is_beta":false,"boss_relics":[{"not_picked":["Sozu","Velvet Choker"],"picked":"Runic Pyramid"}],"items_purged_floors":[22],"is_endless":false,"potions_floor_spawned":[1,5,11,14],"killed_by":"Automaton","ascension_level":1}