{"gold_per_floor":[122,209,221,251,263,275,302,314,326,352,381,190,209,221,221,325,325,342,342,352,174,174,174,174],"floor_reached":24,"playtime":772,"items_purged":["Strike_G"],"score":188,"play_id":"f6479e67-293b-4b1b-b64d-d40c2f8d488e","local_time":"20190820064603","is_ascension_mode":false,"campfire_choices":[{"data":"Predator","floor":6,"key":"SMITH"},{"data":"Slice","floor":8,"key":"SMITH"},{"floor":15,"key":"REST"},{"floor":23,"key":"REST"}],"neow_cost":"NONE","seed_source_timestamp":435584943001997,"circlet_count":0,"master_deck":["Strike_G","Strike_G","Strike_G","Defend_G","Defend_G","Defend_G","Defend_G","Defend_G","Survivor","Neutralize","Prepared","Predator+1","Slice+1","Well Laid Plans","Bane","Deadly Poison","Noxious Fumes","Bane","Acrobatics","Footwork","Panache","Writhe"],"relics":["Ring of the Snake","MawBank","Bottled Flame","Philosopher\u0027s Stone","PreservedInsect"],"potions_floor_usage":[13,16],"damage_taken":[{"damage":0,"enemies":"2 Louse","floor":1,"turns":4},{"damage":0,"enemies":"Small Slimes","floor":4,"turns":3},{"damage":0,"enemies":"Jaw Worm","floor":7,"turns":3},{"damage":1,"enemies":"Red Slaver","floor":10,"turns":4},{"damage":6,"enemies":"Exordium Thugs","floor":11,"turns":4},{"damage":0,"enemies":"2 Fungi Beasts","floor":13,"turns":3},{"damage":4,"enemies":"3 Louse","floor":14,"turns":2},{"damage":33,"enemies":"The Guardian","floor":16,"turns":12},{"damage":19,"enemies":"Shell Parasite","floor":18,"turns":7},{"damage":23,"enemies":"3 Byrds","floor":20,"turns":5},{"damage":55,"enemies":"Gremlin Leader","floor":24,"turns":3}],"seed_played":"2849353668621927167","potions_obtained":[{"floor":4,"key":"Ancient Potion"},{"floor":11,"key":"GhostInAJar"},{"floor":14,"key":"Swift Potion"},{"floor":20,"key":"Strength Potion"}],"is_trial":false,"path_per_floor":["M","?","?","M","$","R","M","R","T","M","M","$","M","M","R","B",null,"M","?","M","$","?","R","E"],"character_chosen":"THE_SILENT","items_purchased":["Deadly Poison","Noxious Fumes","Panache"],"campfire_rested":2,"item_purchase_floors":[12,12,21],"current_hp_per_floor":[70,59,59,59,59,59,59,59,59,58,52,52,52,48,69,36,70,51,51,28,28,28,49,0],"gold":174,"neow_bonus":"RANDOM_COMMON_RELIC","is_prod":false,"is_daily":false,"chose_seed":false,"campfire_upgraded":2,"win_rate":0,"timestamp":1566254763,"path_taken":["M","?","?","M","?","R","M","R","T","M","?","$","M","M","R","BOSS","M","?","M","$","?","R","E"],"build_version":"2019-07-17","purchased_purges":1,"victory":false,"max_hp_per_floor":[70,70,70,70,70,70,70,70,70,70,70,70,70,70,70,70,70,70,70,70,70,70,70,70],"card_choices":[{"not_picked":["Flying Knee","Acrobatics"],"picked":"Prepared","floor":1},{"not_picked":["Sucker Punch","Tactician"],"picked":"Predator","floor":4},{"not_picked":["Quick Slash","Concentrate"],"picked":"Slice","floor":7},{"not_picked":["Cloak And Dagger","Bane"],"picked":"Well Laid Plans","floor":10},{"not_picked":["Accuracy","Underhanded Strike"],"picked":"Bane","floor":11},{"not_picked":["Venomology","Well Laid Plans"],"picked":"Bane","floor":13},{"not_picked":["Bane","Prepared"],"picked":"Acrobatics","floor":14},{"not_picked":["Blade Dance","Dodge and Roll"],"picked":"Footwork","floor":18},{"not_picked":["All Out Attack+1","Flying Knee+1","Dodge and Roll"],"picked":"SKIP","floor":20}],"player_experience":216150,"relics_obtained":[{"floor":9,"key":"Bottled Flame"}],"event_choices":[{"damage_healed":0,"gold_gain":75,"player_choice":"Gather Gold","damage_taken":11,"max_hp_gain":0,"max_hp_loss":0,"event_name":"World of Goop","floor":2,"gold_loss":0},{"damage_healed":0,"gold_gain":0,"player_choice":"Ignored","damage_taken":0,"max_hp_gain":0,"max_hp_loss":0,"event_name":"Golden Wing","floor":3,"gold_loss":0},{"cards_removed":["Strike_G"],"damage_healed":0,"gold_gain":0,"player_choice":"Elegance","damage_taken":0,"max_hp_gain":0,"max_hp_loss":0,"event_name":"Back to Basics","floor":19,"gold_loss":0},{"damage_healed":0,"gold_gain":0,"player_choice":"Opened","damage_taken":0,"relics_obtained":["PreservedInsect"],"max_hp_gain":0,"max_hp_loss":0,"event_name":"The Mausoleum","floor":22,"gold_loss":0,"cards_obtained":["Writhe"]}],"is_beta":false,"boss_relics":[{"not_picked":["Coffee Dripper","Snecko Eye"],"picked":"Philosopher\u0027s Stone"}],"items_purged_floors":[12],"is_endless":false,"potions_floor_spawned":[4,11,14,20],"killed_by":"Gremlin Leader","ascension_level":0}