{"gold_per_floor":[118,133,47,47,60,60,60,123,123,123,19,35,35,58,58,58],"floor_reached":16,"playtime":390,"items_purged":[],"score":90,"play_id":"41f2223d-5354-43dc-aae0-463e196da89d","local_time":"20190812123245","is_ascension_mode":false,"campfire_choices":[{"data":"Well Laid Plans","floor":7,"key":"SMITH"},{"floor":13,"key":"REST"},{"floor":15,"key":"REST"}],"neow_cost":"NONE","seed_source_timestamp":630351547921086,"circlet_count":0,"master_deck":["Strike_G","Strike_G","Strike_G","Strike_G","Defend_G","Defend_G","Defend_G","Defend_G","Defend_G","Survivor","Neutralize","Acrobatics","Backflip","Caltrops","Cloak And Dagger","Terror","Deflect","Well Laid Plans+1","Cloak And Dagger","Dash","Slice","Noxious Fumes","Backflip","Quick Slash"],"relics":["Orrery","Oddly Smooth Stone","Matryoshka","Golden Idol"],"potions_floor_usage":[14],"damage_taken":[{"damage":0,"enemies":"Cultist","floor":1,"turns":5},{"damage":5,"enemies":"Small Slimes","floor":2,"turns":3},{"damage":0,"enemies":"Jaw Worm","floor":5,"turns":7},{"damage":34,"enemies":"Gremlin Nob","floor":8,"turns":6},{"damage":0,"enemies":"Looter","floor":12,"turns":4},{"damage":12,"enemies":"Blue Slaver","floor":14,"turns":4},{"damage":0,"enemies":"The Guardian","floor":16,"turns":2}],"seed_played":"1692913552827382502","potions_obtained":[{"floor":1,"key":"EssenceOfSteel"},{"floor":8,"key":"PowerPotion"},{"floor":14,"key":"SteroidPotion"}],"is_trial":false,"path_per_floor":["M","M","$","?","M","?","R","?","T","?","$","M","R","M","R","B"],"character_chosen":"THE_SILENT","items_purchased":["Well Laid Plans","Cloak And Dagger","Noxious Fumes","Backflip"],"campfire_rested":2,"item_purchase_floors":[3,3,11,11],"current_hp_per_floor":[70,65,65,65,65,70,70,36,36,18,18,18,40,28,50,50],"gold":58,"neow_bonus":"BOSS_RELIC","is_prod":false,"is_daily":false,"chose_seed":false,"campfire_upgraded":1,"win_rate":0,"timestamp":1565584365,"path_taken":["M","M","$","?","?","?","R","?","T","?","?","M","R","M","R","BOSS"],"build_version":"2019-07-17","purchased_purges":0,"victory":false,"max_hp_per_floor":[70,70,70,70,70,75,75,75,75,75,75,75,75,75,75,75],"card_choices":[{"not_picked":["Slice","Underhanded Strike"],"picked":"Acrobatics","floor":0},{"not_picked":["Dodge and Roll","Bane"],"picked":"Backflip","floor":0},{"not_picked":["Finisher","All Out Attack"],"picked":"Caltrops","floor":0},{"not_picked":["Expertise","Quick Slash"],"picked":"Cloak And Dagger","floor":0},{"not_picked":["Blade Dance","Dagger Spray"],"picked":"Terror","floor":1},{"not_picked":["Blur","Sucker Punch"],"picked":"Deflect","floor":2},{"not_picked":["Well Laid Plans","Dagger Throw"],"picked":"Slice","floor":5},{"not_picked":["Poisoned Stab","Heel Hook","Bane"],"picked":"SKIP","floor":12},{"not_picked":["PiercingWail","Bane"],"picked":"Quick Slash","floor":14}],"player_experience":182413,"relics_obtained":[{"floor":8,"key":"Oddly Smooth Stone"},{"floor":9,"key":"Matryoshka"}],"event_choices":[{"damage_healed":0,"gold_gain":0,"cards_transformed":["Strike_G"],"player_choice":"Transformed","damage_taken":0,"max_hp_gain":0,"max_hp_loss":0,"event_name":"Transmorgrifier","floor":4,"gold_loss":0,"cards_obtained":["Dash"]},{"damage_healed":0,"gold_gain":0,"player_choice":"Donut","damage_taken":0,"max_hp_gain":5,"max_hp_loss":0,"event_name":"Big Fish","floor":6,"gold_loss":0},{"damage_healed":0,"gold_gain":0,"player_choice":"Searched \u00272\u0027 times","damage_taken":0,"max_hp_gain":0,"max_hp_loss":0,"event_name":"Dead Adventurer","floor":8,"gold_loss":0},{"damage_healed":0,"gold_gain":0,"player_choice":"Take Damage","damage_taken":18,"relics_obtained":["Golden Idol"],"max_hp_gain":0,"max_hp_loss":0,"event_name":"Golden Idol","floor":10,"gold_loss":0}],"is_beta":false,"boss_relics":[],"items_purged_floors":[],"is_endless":false,"potions_floor_spawned":[1,8,14],"killed_by":"The Guardian","ascension_level":0}