{"gold_per_floor":[110,285,300,312,312,312,331,331,400,420,437,452,36,55,55,155,155,170,41,41,41,57,57,73,86,86,86,86,1,12,12,12,115,115,128,128,53,53,53,53,70,19,68,98,98,98,98,51,51,51],"floor_reached":51,"playtime":1792,"items_purged":["Doubt"],"score":690,"play_id":"8ba90a68-aea6-4313-aa72-52213aac6b7c","local_time":"20190824213252","is_ascension_mode":false,"campfire_choices":[{"data":"Zap","floor":6,"key":"SMITH"},{"floor":8,"key":"REST"},{"floor":15,"key":"REST"},{"data":"Hello World","floor":23,"key":"SMITH"},{"floor":27,"key":"REST"},{"data":"Electrodynamics","floor":32,"key":"SMITH"},{"data":"Madness","floor":40,"key":"SMITH"},{"data":"White Noise","floor":46,"key":"SMITH"},{"floor":49,"key":"REST"}],"neow_cost":"NONE","seed_source_timestamp":367060794428411,"circlet_count":0,"master_deck":["Strike_B","Strike_B","Strike_B","Defend_B","Defend_B","Defend_B","Defend_B","Zap+1","Dualcast","Hello World+1","Self Repair","Gash","Chill","Darkness","Steam","Panache","Go for the Eyes","Electrodynamics+1","BootSequence","Leap","FTL","Gash+1","Beam Cell","White Noise+1","Skim","Machine Learning","Redo+1","Madness+1","Madness","Leap"],"relics":["Lizard Tail","Pear","Kunai","Eternal Feather","Juzu Bracelet","Sundial","Blood Vial","Mango","Busted Crown","PreservedInsect","Mummified Hand"],"potions_floor_usage":[10,33,50,50],"damage_taken":[{"damage":0,"enemies":"Small Slimes","floor":1,"turns":4},{"damage":6,"enemies":"Cultist","floor":3,"turns":5},{"damage":16,"enemies":"Jaw Worm","floor":4,"turns":6},{"damage":31,"enemies":"Lots of Slimes","floor":7,"turns":6},{"damage":1,"enemies":"2 Fungi Beasts","floor":10,"turns":4},{"damage":8,"enemies":"3 Louse","floor":11,"turns":5},{"damage":5,"enemies":"Looter","floor":12,"turns":5},{"damage":17,"enemies":"Exordium Wildlife","floor":14,"turns":5},{"damage":56,"enemies":"The Guardian","floor":16,"turns":12},{"damage":28,"enemies":"3 Byrds","floor":18,"turns":4},{"damage":13,"enemies":"Chosen","floor":22,"turns":7},{"damage":25,"enemies":"Snake Plant","floor":24,"turns":6},{"damage":25,"enemies":"Shelled Parasite and Fungi","floor":25,"turns":6},{"damage":31,"enemies":"Chosen and Byrds","floor":30,"turns":7},{"damage":71,"enemies":"Collector","floor":33,"turns":12},{"damage":29,"enemies":"3 Darklings","floor":35,"turns":4},{"damage":19,"enemies":"3 Shapes","floor":41,"turns":3},{"damage":100,"enemies":"Reptomancer","floor":44,"turns":6},{"damage":106,"enemies":"Donu and Deca","floor":50,"turns":10}],"seed_played":"-8097791551287805507","potions_obtained":[{"floor":4,"key":"Block Potion"},{"floor":7,"key":"FearPotion"},{"floor":11,"key":"SteroidPotion"},{"floor":24,"key":"Dexterity Potion"},{"floor":44,"key":"Regen Potion"}],"is_trial":false,"path_per_floor":["M","?","M","M","?","R","M","R","T","M","M","M","$","M","R","B",null,"M","$","?","$","M","R","M","M","T","R","?","?","M","$","R","B",null,"M","?","$","?","?","R","M","$","T","E","?","R","?","$","R","B",null],"character_chosen":"DEFECT","items_purchased":["Kunai","Panache","Leap","FTL","PowerPotion","Leap"],"campfire_rested":4,"item_purchase_floors":[13,13,19,19,42,48],"current_hp_per_floor":[75,75,69,60,60,60,36,58,68,74,73,75,75,65,85,36,85,57,57,57,57,51,63,45,27,27,67,67,81,59,59,74,12,99,77,77,77,77,65,83,73,73,73,42,42,60,60,60,99,11],"gold":51,"neow_bonus":"BOSS_RELIC","is_prod":false,"is_daily":false,"chose_seed":false,"campfire_upgraded":5,"win_rate":0,"timestamp":1566653572,"path_taken":["M","?","M","M","?","R","?","R","T","?","M","M","$","M","R","BOSS","M","?","?","$","M","R","M","M","T","R","?","?","M","$","R","BOSS","M","?","$","?","?","R","M","$","T","E","?","R","?","?","R","BOSS"],"build_version":"2019-07-17","purchased_purges":1,"victory":true,"max_hp_per_floor":[75,75,75,75,75,75,75,75,85,85,85,85,85,85,85,85,85,85,85,85,85,85,85,85,85,85,85,85,99,99,99,99,99,99,99,99,99,99,99,99,99,99,99,99,99,99,99,99,99,99],"card_choices":[{"not_picked":["Turbo","Gash"],"picked":"Hello World","floor":1},{"not_picked":["Turbo","Hologram"],"picked":"Self Repair","floor":3},{"not_picked":["Conserve Battery","Self Repair"],"picked":"Gash","floor":4},{"not_picked":["Rebound","Gash"],"picked":"Chill","floor":7},{"not_picked":["Sweeping Beam","Heatsinks"],"picked":"Darkness","floor":10},{"not_picked":["Self Repair","Steam Power"],"picked":"Steam","floor":11},{"not_picked":["Rebound","Rip and Tear"],"picked":"Ball Lightning","floor":12},{"not_picked":["Hologram","Heatsinks"],"picked":"Go for the Eyes","floor":14},{"not_picked":["Rainbow","Thunder Strike"],"picked":"Electrodynamics","floor":16},{"not_picked":["Beam Cell+1","Consume"],"picked":"BootSequence","floor":18},{"not_picked":["Rip and Tear","Conserve Battery"],"picked":"Gash+1","floor":22},{"not_picked":["Rebound","Redo"],"picked":"Beam Cell","floor":24},{"not_picked":["Beam Cell","Rebound+1"],"picked":"White Noise","floor":25},{"not_picked":["Cold Snap+1","Conserve Battery+1"],"picked":"Skim","floor":30},{"not_picked":["Hyperbeam","Core Surge"],"picked":"Machine Learning","floor":33},{"not_picked":[],"picked":"Redo+1","floor":35},{"not_picked":["Consume"],"picked":"SKIP","floor":41},{"not_picked":["Double Energy"],"picked":"SKIP","floor":44}],"player_experience":247823,"relics_obtained":[{"floor":9,"key":"Pear"},{"floor":20,"key":"Juzu Bracelet"},{"floor":26,"key":"Sundial"},{"floor":43,"key":"PreservedInsect"},{"floor":44,"key":"Mummified Hand"}],"event_choices":[{"damage_healed":0,"gold_gain":175,"player_choice":"AGREE","damage_taken":0,"max_hp_gain":0,"max_hp_loss":0,"event_name":"Liars Game","floor":2,"gold_loss":0,"cards_obtained":["Doubt"]},{"cards_removed":["Strike_B"],"damage_healed":0,"gold_gain":0,"player_choice":"Offered Basic","damage_taken":0,"max_hp_gain":0,"max_hp_loss":0,"event_name":"Bonfire Elementals","floor":5,"gold_loss":0},{"damage_healed":0,"gold_gain":0,"player_choice":"Relic","damage_taken":0,"max_hp_gain":0,"max_hp_loss":0,"event_name":"Wheel of Change","floor":20,"gold_loss":0},{"damage_healed":0,"gold_gain":0,"player_choice":"Opened","damage_taken":0,"relics_obtained":["Blood Vial"],"max_hp_gain":0,"max_hp_loss":0,"event_name":"The Mausoleum","floor":28,"gold_loss":0},{"damage_healed":0,"gold_gain":0,"player_choice":"Obtained Relic","damage_taken":0,"relics_obtained":["Mango"],"max_hp_gain":0,"max_hp_loss":0,"event_name":"Addict","floor":29,"gold_loss":85},{"damage_healed":0,"gold_gain":0,"player_choice":"Ignored","damage_taken":0,"max_hp_gain":0,"max_hp_loss":0,"event_name":"Tomb of Lord Red Mask","floor":36,"gold_loss":0},{"damage_healed":0,"gold_gain":0,"player_choice":"Ignored","damage_taken":0,"max_hp_gain":0,"max_hp_loss":0,"event_name":"Mysterious Sphere","floor":38,"gold_loss":0},{"damage_healed":0,"gold_gain":0,"player_choice":"Embrace Madness","damage_taken":12,"max_hp_gain":0,"max_hp_loss":0,"event_name":"Winding Halls","floor":39,"gold_loss":0,"cards_obtained":["Madness","Madness"]},{"damage_healed":0,"gold_gain":0,"player_choice":"Ignored","damage_taken":0,"max_hp_gain":0,"max_hp_loss":0,"event_name":"The Moai Head","floor":45,"gold_loss":0},{"cards_removed":["Ball Lightning"],"damage_healed":0,"gold_gain":0,"player_choice":"Removed Attack","damage_taken":0,"max_hp_gain":0,"max_hp_loss":0,"event_name":"Falling","floor":47,"gold_loss":0}],"is_beta":false,"boss_relics":[{"not_picked":["Pandora\u0027s Box","White Beast Statue"],"picked":"Eternal Feather"},{"not_picked":["Empty Cage","Black Star"],"picked":"Busted Crown"}],"items_purged_floors":[37],"is_endless":false,"potions_floor_spawned":[4,7,11,24,30,44],"ascension_level":0}