{"gold_per_floor":[117,45,63,74,90,90,107,123,173,84,84,54,64,76,76,176,176,189,207,29,29,29],"floor_reached":22,"playtime":1033,"items_purged":[],"score":180,"play_id":"9ee73bc5-f1af-4c26-a0a3-6c4847b24092","local_time":"20190808162737","is_ascension_mode":false,"campfire_choices":[{"data":"Noxious Fumes","floor":6,"key":"SMITH"},{"floor":11,"key":"REST"},{"data":"Mind Blast","floor":15,"key":"SMITH"}],"neow_cost":"NONE","seed_source_timestamp":298164368733491,"circlet_count":0,"master_deck":["Strike_G","Strike_G","Strike_G","Strike_G","Strike_G","Defend_G","Defend_G","Defend_G","Defend_G","Defend_G","Survivor","Neutralize","Backflip","Caltrops","Noxious Fumes+1","Escape Plan","Tools of the Trade","Dagger Spray","Acrobatics","Mind Blast+1","Blade Dance","Dagger Spray","Cloak And Dagger","Envenom","Well Laid Plans","Acrobatics","Apotheosis","Forethought"],"relics":["Ring of the Serpent","NeowsBlessing","Boot"],"potions_floor_usage":[4,22,22],"damage_taken":[{"damage":0,"enemies":"Jaw Worm","floor":1,"turns":1},{"damage":0,"enemies":"Cultist","floor":3,"turns":1},{"damage":0,"enemies":"Small Slimes","floor":4,"turns":1},{"damage":0,"enemies":"Blue Slaver","floor":5,"turns":6},{"damage":3,"enemies":"Exordium Wildlife","floor":7,"turns":5},{"damage":27,"enemies":"Gremlin Gang","floor":8,"turns":5},{"damage":0,"enemies":"Looter","floor":12,"turns":4},{"damage":11,"enemies":"Exordium Thugs","floor":13,"turns":4},{"damage":12,"enemies":"Blue Slaver","floor":14,"turns":4},{"damage":21,"enemies":"Hexaghost","floor":16,"turns":9},{"damage":31,"enemies":"Shell Parasite","floor":18,"turns":7},{"damage":16,"enemies":"3 Byrds","floor":19,"turns":4},{"damage":21,"enemies":"Shelled Parasite and Fungi","floor":22,"turns":6}],"seed_played":"499476680668415240","potions_obtained":[{"floor":4,"key":"Fruit Juice"},{"floor":5,"key":"Strength Potion"},{"floor":8,"key":"FearPotion"},{"floor":13,"key":"Dexterity Potion"}],"is_trial":false,"path_per_floor":["M","$","M","M","M","R","M","M","T","$","R","M","M","M","R","B",null,"M","M","$","?","M"],"character_chosen":"THE_SILENT","items_purchased":["Caltrops","Mind Blast","Apotheosis"],"campfire_rested":1,"item_purchase_floors":[2,10,20],"current_hp_per_floor":[70,70,70,75,75,75,72,45,45,45,67,67,56,44,44,23,75,44,28,28,28,7],"gold":29,"neow_bonus":"THREE_ENEMY_KILL","is_prod":false,"is_daily":false,"chose_seed":false,"campfire_upgraded":2,"win_rate":0,"timestamp":1565252857,"path_taken":["M","$","M","M","M","R","M","M","T","$","R","M","M","M","R","BOSS","M","M","$","?","?"],"build_version":"2019-07-17","purchased_purges":0,"victory":false,"max_hp_per_floor":[70,70,70,75,75,75,75,75,75,75,75,75,75,75,75,75,75,75,75,75,75,75],"card_choices":[{"not_picked":["Flying Knee","PiercingWail"],"picked":"Backflip","floor":1},{"not_picked":["Underhanded Strike","Blur"],"picked":"Noxious Fumes","floor":3},{"not_picked":["PiercingWail","Blade Dance"],"picked":"Escape Plan","floor":4},{"not_picked":["Backflip","Concentrate"],"picked":"Tools of the Trade","floor":5},{"not_picked":["Underhanded Strike","Choke"],"picked":"Dagger Spray","floor":7},{"not_picked":["Noxious Fumes","Caltrops"],"picked":"Acrobatics","floor":8},{"not_picked":["Crippling Poison","Poisoned Stab"],"picked":"Blade Dance","floor":12},{"not_picked":["Poisoned Stab","Terror"],"picked":"Dagger Spray","floor":13},{"not_picked":["Flying Knee","Acrobatics"],"picked":"Cloak And Dagger","floor":14},{"not_picked":["Corpse Explosion","Tools of the Trade"],"picked":"Envenom","floor":16},{"not_picked":["Dagger Spray","All Out Attack"],"picked":"Well Laid Plans","floor":18},{"not_picked":["All Out Attack+1","Dagger Spray"],"picked":"Acrobatics","floor":19}],"player_experience":142018,"relics_obtained":[{"floor":9,"key":"Boot"}],"event_choices":[{"damage_healed":0,"gold_gain":0,"player_choice":"1 cards matched","damage_taken":0,"max_hp_gain":0,"max_hp_loss":0,"event_name":"Match and Keep!","floor":21,"gold_loss":0,"cards_obtained":["Forethought"]},{"damage_healed":0,"gold_gain":0,"player_choice":"1 cards matched","damage_taken":0,"max_hp_gain":0,"max_hp_loss":0,"event_name":"Match and Keep!","floor":21,"gold_loss":0,"cards_obtained":["Forethought"]}],"is_beta":false,"boss_relics":[{"not_picked":["Empty Cage","Fusion Hammer"],"picked":"Ring of the Serpent"}],"items_purged_floors":[],"is_endless":false,"potions_floor_spawned":[4,5,8,13,19],"killed_by":"Shelled Parasite and Fungi","ascension_level":0}