{"gold_per_floor":[116,132,149,166,179,179,214,231,231,244,255,265,265,229,229,330,330,350,364,43,62,62,62,62,82,82,82,98,98,129,129,129,129],"floor_reached":33,"playtime":4020,"items_purged":[],"score":273,"play_id":"8c53a3a9-4695-4788-800b-54daaf6069ef","local_time":"20190814223333","is_ascension_mode":false,"campfire_choices":[{"data":"Terror","floor":6,"key":"SMITH"},{"floor":15,"key":"REST"},{"floor":24,"key":"REST"},{"floor":27,"key":"REST"},{"floor":29,"key":"REST"},{"floor":32,"key":"REST"}],"neow_cost":"NONE","seed_source_timestamp":42502824652564,"circlet_count":0,"master_deck":["Strike_G","Strike_G","Strike_G","Strike_G","Strike_G","Defend_G","Defend_G","Defend_G","Defend_G","Defend_G","Survivor","Neutralize","Skewer","Well Laid Plans","Terror+1","Blade Dance","Flying Knee","Flying Knee","Backstab","Deadly Poison","Dodge and Roll","After Image","Quick Slash+1","Poisoned Stab","Blur","Sucker Punch","Decay","Endless Agony","Infinite Blades","Bullet Time"],"relics":["Ring of the Snake","Gremlin Horn","Blood Vial","Sozu","Bottled Tornado","MutagenicStrength","Gambling Chip","Bottled Lightning","Nilry\u0027s Codex"],"potions_floor_usage":[8,16,16,16,25],"damage_taken":[{"damage":4,"enemies":"Jaw Worm","floor":1,"turns":7},{"damage":5,"enemies":"2 Louse","floor":2,"turns":4},{"damage":0,"enemies":"Cultist","floor":3,"turns":4},{"damage":2,"enemies":"Looter","floor":4,"turns":3},{"damage":10,"enemies":"3 Louse","floor":5,"turns":3},{"damage":18,"enemies":"3 Sentries","floor":7,"turns":10},{"damage":8,"enemies":"Large Slime","floor":8,"turns":7},{"damage":8,"enemies":"Red Slaver","floor":10,"turns":3},{"damage":0,"enemies":"3 Louse","floor":11,"turns":2},{"damage":4,"enemies":"Exordium Wildlife","floor":12,"turns":4},{"damage":45,"enemies":"The Guardian","floor":16,"turns":11},{"damage":10,"enemies":"3 Byrds","floor":18,"turns":6},{"damage":26,"enemies":"Chosen","floor":19,"turns":6},{"damage":1,"enemies":"Snecko","floor":21,"turns":8},{"damage":16,"enemies":"Centurion and Healer","floor":25,"turns":4},{"damage":25,"enemies":"Sentry and Sphere","floor":28,"turns":6},{"damage":33,"enemies":"Book of Stabbing","floor":30,"turns":6},{"damage":63,"enemies":"Automaton","floor":33,"turns":10}],"seed_played":"67780048214138904","potions_obtained":[{"floor":1,"key":"Weak Potion"},{"floor":3,"key":"GhostInAJar"},{"floor":7,"key":"Weak Potion"},{"floor":12,"key":"Swift Potion"},{"floor":16,"key":"SkillPotion"}],"is_trial":false,"path_per_floor":["M","M","M","M","M","R","E","M","T","M","M","M","?","?","R","B",null,"M","M","$","M","?","?","R","M","T","R","M","R","E","?","R","B"],"character_chosen":"THE_SILENT","items_purchased":["Blur","Bottled Tornado"],"campfire_rested":5,"item_purchase_floors":[20,20],"current_hp_per_floor":[73,68,68,66,56,56,38,30,30,24,26,24,24,24,47,4,77,67,43,43,44,44,44,67,53,53,76,52,75,44,28,51,0],"gold":129,"neow_bonus":"TEN_PERCENT_HP_BONUS","is_prod":false,"is_daily":false,"chose_seed":false,"campfire_upgraded":1,"win_rate":0.0,"timestamp":1565811213,"path_taken":["M","M","M","M","M","R","E","M","T","M","M","M","?","?","R","BOSS","M","M","$","M","?","?","R","?","T","R","M","R","E","?","R","BOSS"],"build_version":"2019-07-17","purchased_purges":0,"victory":false,"max_hp_per_floor":[77,77,77,77,77,77,77,77,77,77,77,77,77,77,77,77,77,77,77,77,77,77,77,77,77,77,77,77,77,77,77,77,77],"card_choices":[{"not_picked":["Crippling Poison","Deadly Poison"],"picked":"Skewer","floor":1},{"not_picked":["Deflect","Poisoned Stab"],"picked":"Well Laid Plans","floor":2},{"not_picked":["PiercingWail","Finisher"],"picked":"Terror","floor":3},{"not_picked":["Dash","Sucker Punch"],"picked":"Blade Dance","floor":4},{"not_picked":["Dodge and Roll","Die Die Die"],"picked":"Flying Knee","floor":5},{"not_picked":["Distraction","Prepared"],"picked":"Wraith Form v2","floor":7},{"not_picked":["Acrobatics","Crippling Poison"],"picked":"Flying Knee","floor":8},{"not_picked":["Prepared","PiercingWail"],"picked":"Backstab","floor":10},{"not_picked":["Prepared","Masterful Stab"],"picked":"Deadly Poison","floor":11},{"not_picked":["Blur","Underhanded Strike"],"picked":"Dodge and Roll","floor":12},{"not_picked":["Unload","Envenom"],"picked":"After Image","floor":16},{"not_picked":["Blur","Dagger Throw"],"picked":"Quick Slash+1","floor":18},{"not_picked":["Underhanded Strike","Backflip"],"picked":"Poisoned Stab","floor":19},{"not_picked":["Reflex+1","Underhanded Strike"],"picked":"Sucker Punch","floor":21},{"not_picked":["Blur","Riddle With Holes"],"picked":"Endless Agony","floor":25},{"not_picked":["Bouncing Flask","Dagger Spray+1"],"picked":"Infinite Blades","floor":28},{"not_picked":["Prepared","Escape Plan"],"picked":"Bullet Time","floor":30}],"player_experience":14613,"relics_obtained":[{"floor":7,"key":"Gremlin Horn"},{"floor":9,"key":"Blood Vial"},{"floor":26,"key":"Gambling Chip"},{"floor":30,"key":"Bottled Lightning"},{"floor":31,"key":"Nilry\u0027s Codex"}],"event_choices":[{"cards_removed":["Wraith Form v2"],"damage_healed":0,"gold_gain":0,"player_choice":"Forget","damage_taken":0,"max_hp_gain":0,"max_hp_loss":0,"event_name":"Living Wall","floor":13,"gold_loss":0},{"damage_healed":0,"gold_gain":0,"player_choice":"Left Gold","damage_taken":0,"max_hp_gain":0,"max_hp_loss":0,"event_name":"World of Goop","floor":14,"gold_loss":36},{"damage_healed":0,"gold_gain":0,"player_choice":"Inject Mutagens","damage_taken":0,"relics_obtained":["MutagenicStrength"],"max_hp_gain":0,"max_hp_loss":0,"event_name":"Drug Dealer","floor":22,"gold_loss":0},{"damage_healed":0,"gold_gain":0,"player_choice":"Cursed","damage_taken":0,"max_hp_gain":0,"max_hp_loss":0,"event_name":"Wheel of Change","floor":23,"gold_loss":0,"cards_obtained":["Decay"]},{"damage_healed":0,"gold_gain":0,"player_choice":"Obtained Book","damage_taken":16,"max_hp_gain":0,"max_hp_loss":0,"event_name":"Cursed Tome","floor":31,"gold_loss":0}],"is_beta":false,"boss_relics":[{"not_picked":["Coffee Dripper","Velvet Choker"],"picked":"Sozu"}],"items_purged_floors":[],"is_endless":false,"potions_floor_spawned":[1,3,7,12,16,18,28],"killed_by":"Automaton","ascension_level":0}