{"path_per_floor":["M","M","M","T","M","E","R","?","T","M","R","E","M","$","R","B",null,"M","?","?","M","$","R","M","R","T","M","?","R","M","M","R","B",null,"M","M","$","M","?","R","E","M","T","M","R","M","R","M","R","B"],"character_chosen":"IRONCLAD","items_purchased":["Torii","Dexterity Potion","Dexterity Potion"],"gold_per_floor":[117,131,141,141,155,189,189,254,334,347,347,374,391,316,316,418,418,434,434,434,453,3,3,17,17,17,29,29,29,40,52,52,150,150,166,184,8,27,27,27,55,67,91,107,107,118,118,138,138,138],"floor_reached":51,"campfire_rested":7,"playtime":5583,"current_hp_per_floor":[78,78,74,74,74,25,25,25,25,29,53,54,56,56,80,69,80,71,71,71,59,59,59,60,60,60,58,34,58,55,54,78,20,80,78,72,72,61,56,80,75,46,46,45,45,37,61,58,80,37],"items_purged":["Defend_R","Writhe","Strike_R"],"gold":138,"score":643,"play_id":"e3e2591a-7c99-4a63-8a2f-d757bec38e80","local_time":"20180407085711","is_prod":false,"is_daily":false,"is_ascension_mode":false,"campfire_upgraded":0,"timestamp":1523113031,"path_taken":["M","M","?","?","M","E","R","?","T","M","R","E","?","?","R","BOSS","M","?","?","?","$","R","M","R","T","M","?","R","M","M","R","BOSS","M","M","$","M","?","R","E","M","T","M","R","M","R","M","R","BOSS"],"build_version":"2018-04-05v2","purchased_purges":3,"victory":true,"master_deck":["Strike_R+1","Defend_R+1","Defend_R+1","Defend_R+1","Whirlwind","Clothesline","Heavy Blade","Disarm","True Grit","Pommel Strike","Twin Strike","Carnage","Offering","Inflame+1","Dark Embrace+1","Bludgeon+1","Battle Trance","Spot Weakness+1","Bloodletting","Purity","Flash of Steel","Impervious","Pommel Strike","Trip","Master of Strategy","Bloodletting+1","Feel No Pain","Bloodletting+1","Infernal Blade"],"max_hp_per_floor":[80,80,80,80,80,80,80,80,80,80,80,80,80,80,80,80,80,80,80,80,80,80,80,80,80,80,80,80,80,80,80,80,80,80,80,80,80,80,80,80,80,80,80,80,80,80,80,80,80,80],"relics":["Burning Blood","Kunai","Shovel","Oddly Smooth Stone","Mercury Hourglass","Orichalcum","Astrolabe","Bag of Preparation","Torii","Happy Flower","Gambling Chip","White Beast Statue","Bronze Scales","Pen Nib","Shuriken"],"card_choices":[{"not_picked":["Body Slam","Shrug It Off"],"picked":"Clothesline","floor":1.0},{"not_picked":["Rage","Iron Wave"],"picked":"Heavy Blade","floor":2.0},{"not_picked":["Corruption","Cleave"],"picked":"Disarm","floor":3.0},{"not_picked":["Pummel","Heavy Blade"],"picked":"True Grit","floor":6.0},{"not_picked":["Thunderclap","Second Wind"],"picked":"Pommel Strike","floor":10.0},{"not_picked":["Metallicize","Iron Wave"],"picked":"Twin Strike","floor":12.0},{"not_picked":["Dual Wield","Hemokinesis"],"picked":"Carnage","floor":13.0},{"not_picked":["Bludgeon","Juggernaut"],"picked":"Offering","floor":16.0},{"not_picked":["Body Slam","Sword Boomerang"],"picked":"Battle Trance","floor":18.0},{"not_picked":["Pummel","Warcry"],"picked":"Spot Weakness","floor":21.0},{"not_picked":["Entrench","Cleave"],"picked":"Bloodletting","floor":24.0},{"not_picked":["Fiend Fire","Feed"],"picked":"Impervious","floor":33.0},{"not_picked":["Heavy Blade","Fire Breathing"],"picked":"Pommel Strike","floor":36.0},{"not_picked":["Master of Strategy","Bandage Up"],"picked":"Trip","floor":39.0},{"not_picked":["Good Instincts","Blind"],"picked":"Master of Strategy","floor":39.0},{"not_picked":["Corruption","Heavy Blade"],"picked":"Bloodletting","floor":41.0},{"not_picked":["Twin Strike","Pommel Strike"],"picked":"Feel No Pain","floor":42.0},{"not_picked":["Reaper","Blood for Blood"],"picked":"Bloodletting","floor":44.0},{"not_picked":["Heavy Blade","Clash"],"picked":"Infernal Blade","floor":46.0}],"player_experience":21264,"potions_floor_usage":[50,50,50],"damage_taken":[{"damage":8.0,"enemies":"Cultist","floor":1.0,"turns":5.0},{"damage":6.0,"enemies":"Jaw Worm","floor":2.0,"turns":3.0},{"damage":10.0,"enemies":"Small Slimes","floor":3.0,"turns":2.0},{"damage":6.0,"enemies":"Exordium Wildlife","floor":5.0,"turns":3.0},{"damage":55.0,"enemies":"Lagavulin","floor":6.0,"turns":9.0},{"damage":2.0,"enemies":"Exordium Thugs","floor":10.0,"turns":5.0},{"damage":14.0,"enemies":"Gremlin Nob","floor":12.0,"turns":4.0},{"damage":4.0,"enemies":"Looter","floor":13.0,"turns":3.0},{"damage":17.0,"enemies":"Slime Boss","floor":16.0,"turns":9.0},{"damage":15.0,"enemies":"Shell Parasite","floor":18.0,"turns":3.0},{"damage":18.0,"enemies":"Spheric Guardian","floor":21.0,"turns":4.0},{"damage":5.0,"enemies":"Centurion and Healer","floor":24.0,"turns":5.0},{"damage":8.0,"enemies":"Snake Plant","floor":27.0,"turns":3.0},{"damage":9.0,"enemies":"Slaver and Parasite","floor":30.0,"turns":4.0},{"damage":7.0,"enemies":"Snecko","floor":31.0,"turns":3.0},{"damage":64.0,"enemies":"Collector","floor":33.0,"turns":11.0},{"damage":8.0,"enemies":"Orb Walker","floor":35.0,"turns":2.0},{"damage":12.0,"enemies":"3 Darklings","floor":36.0,"turns":5.0},{"damage":17.0,"enemies":"4 Shapes","floor":38.0,"turns":4.0},{"damage":11.0,"enemies":"Nemesis","floor":41.0,"turns":7.0},{"damage":35.0,"enemies":"Sphere and 2 Shapes","floor":42.0,"turns":6.0},{"damage":13.0,"enemies":"3 Darklings","floor":44.0,"turns":3.0},{"damage":14.0,"enemies":"Maw","floor":46.0,"turns":5.0},{"damage":9.0,"enemies":"4 Shapes","floor":48.0,"turns":4.0},{"damage":49,"enemies":"Donu and Deca","floor":50,"turns":8}],"event_choices":[{"event_name":"Golden Wing","player_choice":"Gained Gold","floor":8.0,"damage_taken":0.0},{"event_name":"The Mausoleum","player_choice":"Yes","floor":19.0,"damage_taken":0.0},{"event_name":"Back to Basics","player_choice":"Simplicity","floor":20.0,"damage_taken":0.0},{"event_name":"Knowing Skull","player_choice":"CARD CARD ","floor":28.0,"damage_taken":0.0},{"event_name":"SensoryStone","player_choice":"Memory 2","floor":39.0,"damage_taken":0.0}],"boss_relics":[],"potions_floor_spawned":[2,3,6,10,13,16,21,33,35,36,38,41,42,44,46,48],"seed_played":"-5215480005846129518","ascension_level":0,"is_trial":false}