{"path_per_floor":["M","?","?","M","M","R","E","?","T","M","E","M","M","M","R","B",null,"M","M","$","M","?","E","M","$","T","M","$","E","M","M","R","B",null,"M","T","M","M","M","R","E","R","T","M","$","R","$","T","R","B"],"character_chosen":"THE_SILENT","items_purchased":["Pantograph","Backflip","Block Potion","Strength Potion","Footwork","Happy Flower","Transmutation"],"gold_per_floor":[110,110,110,125,137,137,171,171,171,191,224,235,246,257,257,359,359,370,387,0,13,13,48,64,15,92,108,71,102,120,131,131,229,229,244,292,310,327,338,338,367,367,367,385,18,18,18,41,41,41],"floor_reached":51,"campfire_rested":4,"playtime":23587,"current_hp_per_floor":[70,70,58,58,58,70,64,64,64,64,56,53,53,53,70,67,70,70,70,70,66,66,51,49,49,49,46,46,42,42,33,69,36,70,63,70,65,65,60,60,46,46,46,23,23,61,61,61,61,77],"items_purged":["Defend_G"],"gold":41,"score":758,"play_id":"52a93967-2e2d-48bf-ab98-232e507ab0c0","local_time":"20180408221322","is_prod":false,"is_daily":false,"is_ascension_mode":false,"campfire_upgraded":3,"timestamp":1523247202,"path_taken":["M","?","?","?","?","R","E","?","T","M","E","M","M","M","R","BOSS","M","M","$","?","?","E","M","?","T","M","$","E","M","M","R","BOSS","M","?","M","M","M","R","E","R","T","M","$","R","$","?","R","BOSS"],"build_version":"2018-04-05v2","purchased_purges":1,"victory":true,"master_deck":["Defend_G","Defend_G","Defend_G","Defend_G+1","Strike_G","Strike_G+1","Strike_G+1","Strike_G","Survivor","Neutralize","Flying Knee","Blur+1","Blur+1","Adrenaline+1","Dagger Spray","Adrenaline","Backstab","Malaise","Escape Plan","Wraith Form","Infinite Blades","Backflip","Riddle With Holes","Skewer","Calculated Gamble+1","Decay","Prepared","Footwork","PiercingWail","Dash","Doppelganger","Decay","Footwork+1","Backstab","Writhe","Acrobatics+1","Transmutation","Writhe"],"max_hp_per_floor":[70,70,70,70,70,70,70,70,70,70,70,70,70,70,70,70,70,70,70,70,70,70,70,70,70,70,70,70,70,70,70,70,70,70,70,77,77,77,77,77,77,77,77,77,77,77,77,77,77,77],"relics":["Ring of the Snake","Whetstone","Bag of Marbles","Shuriken","Regal Pillow","Mummified Hand","Cursed Key","Pantograph","War Paint","Tough Bandages","Vajra","Sozu","Strawberry","Bag of Preparation","Shovel","Happy Flower","Anchor"],"card_choices":[{"not_picked":["Heel Hook","Deadly Poison"],"picked":"Flying Knee","floor":1},{"not_picked":["Malaise","Predator"],"picked":"Blur","floor":4},{"not_picked":["Escape Plan","Poisoned Stab"],"picked":"Blur","floor":5},{"not_picked":["Dagger Spray","Dagger Throw"],"picked":"Adrenaline","floor":7},{"not_picked":["Acrobatics","Bane"],"picked":"Dagger Spray","floor":10},{"not_picked":["Terror","Leg Sweep"],"picked":"Adrenaline","floor":11},{"not_picked":["Dash","Deflect"],"picked":"Backstab","floor":12},{"not_picked":["Crippling Poison","Dagger Throw"],"picked":"Malaise","floor":13},{"not_picked":["Flying Knee","Underhanded Strike"],"picked":"Escape Plan","floor":14},{"not_picked":["Night Terror","Venomology"],"picked":"Wraith Form","floor":16},{"not_picked":["Underhanded Strike","Deflect"],"picked":"Infinite Blades","floor":18},{"not_picked":["Leg Sweep","Sucker Punch"],"picked":"Riddle With Holes","floor":21},{"not_picked":["Flying Knee","Backflip"],"picked":"Skewer","floor":23},{"not_picked":["Dagger Throw","Wraith Form"],"picked":"Calculated Gamble","floor":24},{"not_picked":["Bane","Backflip"],"picked":"Prepared","floor":27},{"not_picked":["Quick Slash","Bane"],"picked":"PiercingWail","floor":29},{"not_picked":["Eviscerate","Deflect"],"picked":"Dash","floor":31},{"not_picked":["Venomology","After Image"],"picked":"Doppelganger","floor":33},{"not_picked":["Underhanded Strike","Dagger Throw"],"picked":"Footwork","floor":37},{"not_picked":["Dagger Throw","Reflex"],"picked":"Backstab","floor":41},{"not_picked":["Deadly Poison","Dash"],"picked":"Acrobatics","floor":44}],"player_experience":51739,"potions_floor_usage":[16,16,21,23,23,23,33,33,50],"damage_taken":[{"damage":0,"enemies":"Small Slimes","floor":1,"turns":4},{"damage":0,"enemies":"2 Louse","floor":4,"turns":3},{"damage":0,"enemies":"Jaw Worm","floor":5,"turns":3},{"damage":6,"enemies":"Lagavulin","floor":7,"turns":8},{"damage":0,"enemies":"3 Louse","floor":10,"turns":3},{"damage":8,"enemies":"3 Sentries","floor":11,"turns":7},{"damage":3,"enemies":"Exordium Wildlife","floor":12,"turns":5},{"damage":0,"enemies":"Red Slaver","floor":13,"turns":2},{"damage":0,"enemies":"Gremlin Gang","floor":14,"turns":1},{"damage":3,"enemies":"The Guardian","floor":16,"turns":12},{"damage":0,"enemies":"3 Byrds","floor":18,"turns":5},{"damage":0,"enemies":"Shell Parasite","floor":19,"turns":4},{"damage":4,"enemies":"3 Cultists","floor":21,"turns":5},{"damage":15,"enemies":"Slavers","floor":23,"turns":8},{"damage":2,"enemies":"Centurion and Healer","floor":24,"turns":4},{"damage":3,"enemies":"Snake Plant","floor":27,"turns":5},{"damage":4,"enemies":"Book of Stabbing","floor":29,"turns":7},{"damage":0,"enemies":"Slaver and Parasite","floor":30,"turns":4},{"damage":9,"enemies":"Centurion and Healer","floor":31,"turns":5},{"damage":34,"enemies":"Automaton","floor":33,"turns":11},{"damage":7,"enemies":"Orb Walker","floor":35,"turns":3},{"damage":5,"enemies":"3 Darklings","floor":37,"turns":5},{"damage":0,"enemies":"Sphere and 2 Shapes","floor":38,"turns":3},{"damage":5,"enemies":"4 Shapes","floor":39,"turns":3},{"damage":14,"enemies":"Nemesis","floor":41,"turns":7},{"damage":23,"enemies":"Maw","floor":44,"turns":8},{"damage":0,"enemies":"Donu and Deca","floor":50,"turns":11}],"event_choices":[{"event_name":"Living Wall","player_choice":"Forget","floor":2,"damage_taken":0},{"event_name":"Scrap Ooze","player_choice":"success","floor":3,"damage_taken":12},{"event_name":"The Lab","player_choice":"Got Potions","floor":8,"damage_taken":0},{"event_name":"Cursed Tome","player_choice":"Ignored","floor":22,"damage_taken":0}],"boss_relics":[{"not_picked":["Astrolabe","Runic Pyramid"],"picked":"Cursed Key"},{"not_picked":["Velvet Choker","Snecko Eye"],"picked":"Sozu"}],"potions_floor_spawned":[1,10,11,12,19,21,24,33,38,39,44],"seed_played":"-3356152773364312536","ascension_level":0,"is_trial":false}