{"gold_per_floor":[115,115,115,42,60,60,87,98,125,140,140,13,29,29,29,127,127,146,132,47,63,63,63,63],"floor_reached":24,"playtime":1084,"items_purged":["Strike_R"],"score":271,"play_id":"b9fac97c-dfe3-49a3-9e14-798e6dacce4e","local_time":"20190412105527","is_ascension_mode":false,"campfire_choices":[{"data":"Rupture","floor":6,"key":"SMITH"},{"data":"Armaments","floor":11,"key":"SMITH"},{"data":"Hemokinesis","floor":15,"key":"SMITH"},{"floor":23,"key":"REST"}],"neow_cost":"NONE","seed_source_timestamp":93892978350902,"circlet_count":0,"master_deck":["Strike_R+1","Defend_R","Defend_R","Defend_R+1","Defend_R","Bash","Spot Weakness+1","Rupture+1","Warcry+1","Metallicize","Armaments+1","Heavy Blade","Armaments","Hemokinesis+1","Inflame","Rampage"],"relics":["Burning Blood","NeowsBlessing","War Paint","Boot","Empty Cage","Centennial Puzzle"],"potions_floor_usage":[21,21,21,22,22,24,24],"damage_taken":[{"damage":0,"enemies":"Small Slimes","floor":1,"turns":1},{"damage":0,"enemies":"Jaw Worm","floor":5,"turns":1},{"damage":0,"enemies":"Gremlin Nob","floor":7,"turns":1},{"damage":3,"enemies":"Cultist","floor":8,"turns":3},{"damage":2,"enemies":"2 Fungi Beasts","floor":10,"turns":6},{"damage":0,"enemies":"Blue Slaver","floor":13,"turns":5},{"damage":4,"enemies":"The Guardian","floor":16,"turns":10},{"damage":11,"enemies":"Shell Parasite","floor":18,"turns":11},{"damage":14,"enemies":"2 Thieves","floor":19,"turns":4},{"damage":29,"enemies":"Snake Plant","floor":21,"turns":6},{"damage":46,"enemies":"Colosseum Slavers","floor":22,"turns":4},{"damage":40,"enemies":"Slavers","floor":24,"turns":4}],"seed_played":"-8174970716453458361","potions_obtained":[{"floor":1,"key":"Energy Potion"},{"floor":10,"key":"Ancient Potion"},{"floor":16,"key":"Weak Potion"},{"floor":21,"key":"EntropicBrew"}],"is_trial":false,"path_per_floor":["M","?","?","$","M","R","E","M","T","M","R","$","M","?","R","B",null,"M","M","?","M","?","R","E"],"character_chosen":"IRONCLAD","items_purchased":["Rupture","Armaments"],"campfire_rested":1,"item_purchase_floors":[4,12],"current_hp_per_floor":[80,64,64,64,70,70,76,79,79,80,80,80,80,85,85,85,85,80,72,72,49,9,34,0],"gold":63,"neow_bonus":"THREE_ENEMY_KILL","is_prod":false,"is_daily":false,"chose_seed":false,"campfire_upgraded":3,"win_rate":0.0,"timestamp":1555037727,"path_taken":["M","?","?","$","?","R","E","M","T","M","R","$","M","?","R","BOSS","M","M","?","M","?","R","E"],"build_version":"2019-01-23","purchased_purges":1,"victory":false,"max_hp_per_floor":[80,80,80,80,80,80,80,80,80,80,80,80,80,85,85,85,85,85,85,85,85,85,85,85],"card_choices":[{"not_picked":["Perfected Strike","Pommel Strike"],"picked":"Spot Weakness","floor":1},{"not_picked":["Perfected Strike","Corruption"],"picked":"Warcry","floor":5},{"not_picked":["Havoc","Rampage"],"picked":"Metallicize","floor":7},{"not_picked":["Headbutt","Perfected Strike"],"picked":"Armaments","floor":8},{"not_picked":["Inflame","Thunderclap"],"picked":"Heavy Blade","floor":10},{"not_picked":["Sword Boomerang","Rampage"],"picked":"Hemokinesis","floor":13},{"not_picked":["Wild Strike","Battle Trance+1"],"picked":"Inflame","floor":18},{"not_picked":["Thunderclap","Corruption","Spot Weakness"],"picked":"SKIP","floor":19},{"not_picked":["Wild Strike+1","Warcry"],"picked":"Rampage","floor":21}],"player_experience":41536,"relics_obtained":[{"floor":7,"key":"War Paint"},{"floor":9,"key":"Boot"}],"event_choices":[{"damage_healed":0,"gold_gain":0,"player_choice":"Entered Light","damage_taken":16,"max_hp_gain":0,"max_hp_loss":0,"event_name":"Shining Light","floor":2,"gold_loss":0,"cards_upgraded":["Spot Weakness","Strike_R"]},{"cards_removed":["Strike_R"],"damage_healed":0,"gold_gain":0,"player_choice":"Purged","damage_taken":0,"max_hp_gain":0,"max_hp_loss":0,"event_name":"Purifier","floor":3,"gold_loss":0},{"damage_healed":0,"gold_gain":0,"player_choice":"Donut","damage_taken":0,"max_hp_gain":5,"max_hp_loss":0,"event_name":"Big Fish","floor":14,"gold_loss":0},{"damage_healed":0,"gold_gain":0,"player_choice":"Obtained Relic","damage_taken":0,"relics_obtained":["Centennial Puzzle"],"max_hp_gain":0,"max_hp_loss":0,"event_name":"Addict","floor":20,"gold_loss":85},{"damage_healed":0,"gold_gain":0,"player_choice":"Fight","damage_taken":0,"max_hp_gain":0,"max_hp_loss":0,"event_name":"Colosseum","floor":22,"gold_loss":0},{"damage_healed":0,"gold_gain":0,"player_choice":"Fled From Nobs","damage_taken":0,"max_hp_gain":0,"max_hp_loss":0,"event_name":"Colosseum","floor":22,"gold_loss":0}],"is_beta":false,"boss_relics":[{"not_picked":["Busted Crown","Ectoplasm"],"picked":"Empty Cage"}],"items_purged_floors":[12],"is_endless":false,"potions_floor_spawned":[1,10,16,21],"killed_by":"Slavers","ascension_level":0}