{"gold_per_floor":[112,112,128,128,128,128,139,139,212,226,236,256,273,283,283,283],"floor_reached":16,"playtime":614,"items_purged":[],"score":96,"play_id":"7768adfb-69ec-4659-aa13-de2d683ed201","local_time":"20190821070402","is_ascension_mode":false,"campfire_choices":[{"data":"Dramatic Entrance","floor":6,"key":"SMITH"},{"data":"Acrobatics","floor":8,"key":"SMITH"},{"floor":15,"key":"REST"}],"neow_cost":"NONE","seed_source_timestamp":56904427848613,"circlet_count":0,"master_deck":["Strike_G","Strike_G","Strike_G","Strike_G","Strike_G","Defend_G","Defend_G","Defend_G","Defend_G","Defend_G","Survivor","Neutralize","Dramatic Entrance+1","Acrobatics+1","Deflect","Cloak And Dagger","Blade Dance"],"relics":["Ring of the Snake","Kunai","Meat on the Bone"],"potions_floor_usage":[11,13,14],"damage_taken":[{"damage":0,"enemies":"Jaw Worm","floor":1,"turns":5},{"damage":0,"enemies":"2 Louse","floor":3,"turns":2},{"damage":0,"enemies":"Cultist","floor":7,"turns":4},{"damage":0,"enemies":"3 Louse","floor":10,"turns":4},{"damage":8,"enemies":"2 Fungi Beasts","floor":11,"turns":3},{"damage":13,"enemies":"Exordium Wildlife","floor":12,"turns":7},{"damage":0,"enemies":"Blue Slaver","floor":13,"turns":5},{"damage":0,"enemies":"Large Slime","floor":14,"turns":5},{"damage":71,"enemies":"The Guardian","floor":16,"turns":22}],"seed_played":"-6164475642419369097","potions_obtained":[{"floor":3,"key":"Energy Potion"},{"floor":7,"key":"GamblersBrew"},{"floor":10,"key":"Poison Potion"},{"floor":12,"key":"GamblersBrew"}],"is_trial":false,"path_per_floor":["M","$","M","?","?","R","M","R","T","M","M","M","M","M","R","B"],"character_chosen":"THE_SILENT","items_purchased":[],"campfire_rested":1,"item_purchase_floors":[],"current_hp_per_floor":[70,70,70,70,70,70,70,70,70,70,62,49,49,49,70,0],"gold":283,"neow_bonus":"RANDOM_COLORLESS","is_prod":false,"is_daily":false,"chose_seed":false,"campfire_upgraded":2,"win_rate":0,"timestamp":1566342242,"path_taken":["M","$","M","?","?","R","M","R","T","M","M","M","M","M","R","BOSS"],"build_version":"2019-07-17","purchased_purges":0,"victory":false,"max_hp_per_floor":[70,70,70,70,70,70,70,70,70,70,70,70,70,70,70,70],"card_choices":[{"not_picked":["Dagger Spray","Underhanded Strike"],"picked":"Acrobatics","floor":1},{"not_picked":["Heel Hook","Skewer","Sucker Punch"],"picked":"SKIP","floor":3},{"not_picked":["PiercingWail","Underhanded Strike"],"picked":"Deflect","floor":7},{"not_picked":["Poisoned Stab","Dagger Spray","Reflex"],"picked":"SKIP","floor":10},{"not_picked":["Quick Slash","Flying Knee"],"picked":"Cloak And Dagger","floor":11},{"not_picked":["Eviscerate","Heel Hook"],"picked":"Blade Dance","floor":12},{"not_picked":["Reflex","Endless Agony","Unload"],"picked":"SKIP","floor":13},{"not_picked":["Riddle With Holes","Endless Agony","Reflex"],"picked":"SKIP","floor":14}],"player_experience":231566,"relics_obtained":[{"floor":9,"key":"Meat on the Bone"}],"event_choices":[{"damage_healed":0,"gold_gain":0,"player_choice":"Ignored","damage_taken":0,"max_hp_gain":0,"max_hp_loss":0,"event_name":"Golden Wing","floor":4,"gold_loss":0},{"damage_healed":0,"gold_gain":0,"player_choice":"Gave Potion","damage_taken":0,"relics_obtained":["Kunai"],"max_hp_gain":0,"max_hp_loss":0,"event_name":"WeMeetAgain","floor":5,"gold_loss":0}],"is_beta":false,"boss_relics":[],"items_purged_floors":[],"is_endless":false,"potions_floor_spawned":[3,7,10,12],"killed_by":"The Guardian","ascension_level":0}