{"gold_per_floor":[139,155,173,190,209,209,229,229,229,1,1,20,20,45,45,140,140,157,172,192,51,65,65,65,80,104,116],"floor_reached":27,"playtime":5955,"items_purged":["Strike_R"],"score":261,"play_id":"cb27f27b-ebc9-4d75-86f7-4c9a9e389b37","local_time":"20190213120436","is_ascension_mode":true,"campfire_choices":[{"floor":6.0,"key":"REST"},{"data":"Body Slam","floor":8.0,"key":"SMITH"},{"data":"Entrench","floor":11.0,"key":"SMITH"},{"data":"True Grit","floor":13.0,"key":"SMITH"},{"data":"Body Slam","floor":15.0,"key":"SMITH"},{"floor":23,"key":"REST"}],"neow_cost":"NONE","seed_source_timestamp":0,"circlet_count":0,"master_deck":["Strike_R","Strike_R","Defend_R","Defend_R","Defend_R","Defend_R","Bash","True Grit+1","Shrug It Off","Thunderclap","Body Slam+1","Body Slam+1","Entrench+1","Intimidate","Clothesline","Demon Form","Inflame+1","Heavy Blade+1","Flame Barrier+1","Finesse","Havoc","Second Wind","Barricade"],"special_seed":0,"relics":["Burning Blood","Tiny Chest","Pear","Odd Mushroom","Mark of Pain","MawBank"],"potions_floor_usage":[18,20,22,25,25,27],"damage_taken":[{"damage":0.0,"enemies":"Small Slimes","floor":1.0,"turns":3.0},{"damage":3.0,"enemies":"2 Louse","floor":2.0,"turns":4.0},{"damage":13.0,"enemies":"Jaw Worm","floor":3.0,"turns":4.0},{"damage":23.0,"enemies":"Gremlin Gang","floor":4.0,"turns":10.0},{"damage":34.0,"enemies":"Lots of Slimes","floor":5.0,"turns":7.0},{"damage":10.0,"enemies":"Large Slime","floor":7.0,"turns":6.0},{"damage":0.0,"enemies":"2 Fungi Beasts","floor":12.0,"turns":4.0},{"damage":4.0,"enemies":"The Mushroom Lair","floor":14.0,"turns":6.0},{"damage":44.0,"enemies":"Hexaghost","floor":16.0,"turns":12.0},{"damage":12,"enemies":"3 Byrds","floor":18,"turns":7},{"damage":24,"enemies":"Shell Parasite","floor":19,"turns":8},{"damage":43,"enemies":"Shelled Parasite and Fungi","floor":20,"turns":5},{"damage":24,"enemies":"3 Cultists","floor":22,"turns":5},{"damage":8,"enemies":"Centurion and Healer","floor":25,"turns":7},{"damage":36,"enemies":"Shelled Parasite and Fungi","floor":27,"turns":5}],"seed_played":"7856333549103660512","potions_obtained":[{"floor":3.0,"key":"Strength Potion"},{"floor":12.0,"key":"SpeedPotion"},{"floor":16.0,"key":"Regen Potion"},{"floor":19,"key":"LiquidBronze"},{"floor":20,"key":"Poison Potion"},{"floor":22,"key":"Block Potion"}],"is_trial":false,"path_per_floor":["M","M","M","M","M","R","M","R","T","$","R","M","R","?","R","B",null,"M","M","M","$","M","R","?","M","T","M"],"character_chosen":"IRONCLAD","items_purchased":["Entrench","LiquidBronze","Finesse","SpeedPotion"],"campfire_rested":2,"item_purchase_floors":[10,10,21,21],"current_hp_per_floor":[80,80,73,56,28,52,48,48,58,58,58,64,64,66,66,28,75,84,66,29,29,11,38,38,36,36,0],"gold":116,"neow_bonus":"RANDOM_COMMON_RELIC","is_prod":false,"is_daily":false,"chose_seed":false,"campfire_upgraded":4,"win_rate":0,"timestamp":1550084676,"path_taken":["M","M","M","M","M","R","M","R","T","$","R","M","R","?","R","BOSS","M","M","M","$","M","R","?","M","T","M"],"build_version":"2019-01-23","purchased_purges":1,"victory":false,"max_hp_per_floor":[80,80,80,80,80,80,80,80,90,90,90,90,90,90,90,90,90,90,90,90,90,90,90,90,90,90,90],"card_choices":[{"not_picked":["Wild Strike","Rupture"],"picked":"True Grit","floor":1.0},{"not_picked":["Sword Boomerang","Fire Breathing","Anger"],"picked":"SKIP","floor":2.0},{"not_picked":["Flex","Thunderclap"],"picked":"Shrug It Off","floor":3.0},{"not_picked":["Havoc","Headbutt"],"picked":"Thunderclap","floor":4.0},{"not_picked":["Iron Wave","Armaments"],"picked":"Body Slam","floor":5.0},{"not_picked":["Armaments","Havoc"],"picked":"Body Slam","floor":7.0},{"not_picked":["Havoc","Limit Break"],"picked":"Intimidate","floor":12.0},{"not_picked":["Iron Wave","Cleave"],"picked":"Clothesline","floor":14.0},{"not_picked":["Reaper","Juggernaut"],"picked":"Demon Form","floor":16.0},{"not_picked":["Warcry","Sever Soul+1"],"picked":"Inflame+1","floor":18},{"not_picked":["Warcry+1","Perfected Strike"],"picked":"Heavy Blade+1","floor":19},{"not_picked":["Body Slam","Wild Strike"],"picked":"Flame Barrier+1","floor":20},{"not_picked":["Entrench","Thunderclap","Pommel Strike"],"picked":"SKIP","floor":22},{"not_picked":["Searing Blow","Cleave"],"picked":"Barricade","floor":25}],"player_experience":1811706,"relics_obtained":[{"floor":9.0,"key":"Pear"},{"floor":14.0,"key":"Odd Mushroom"},{"floor":26,"key":"MawBank"}],"event_choices":[{"damage_healed":0.0,"max_hp_gain":0.0,"max_hp_loss":0.0,"gold_gain":0.0,"event_name":"Mushrooms","player_choice":"Fought Mushrooms","floor":14.0,"gold_loss":0.0,"damage_taken":0.0},{"damage_healed":0,"gold_gain":0,"cards_transformed":["Strike_R","Strike_R"],"player_choice":"Became Test Subject","damage_taken":0,"max_hp_gain":0,"max_hp_loss":0,"event_name":"Drug Dealer","floor":24,"gold_loss":0,"cards_obtained":["Havoc","Second Wind"]}],"is_beta":false,"boss_relics":[{"not_picked":["Runic Cube","Pandora\u0027s Box"],"picked":"Mark of Pain"}],"items_purged_floors":[10],"is_endless":false,"potions_floor_spawned":[3,12,16,19,20,22],"killed_by":"Shelled Parasite and Fungi","ascension_level":5}