{"gold_per_floor":[366,366,69,69,69,69,83,83,107,107,122,156,21,46,46,167,230,244,267,64,84,84,84,119,119,119,0,0,35,55,55,55,55],"floor_reached":33,"playtime":1779,"items_purged":["Normality","Pain","Injury"],"score":461,"play_id":"221dbdb0-b83f-4ff8-aca7-655702f388a2","local_time":"20190521164655","is_ascension_mode":true,"campfire_choices":[{"data":"Sucker Punch","floor":6.0,"key":"SMITH"},{"data":"Neutralize","floor":8.0,"key":"SMITH"},{"data":"Dash","floor":10.0,"key":"SMITH"},{"floor":15.0,"key":"REST"},{"floor":23.0,"key":"REST"},{"floor":25.0,"key":"REST"},{"data":"Crippling Poison","floor":32,"key":"SMITH"}],"neow_cost":"CURSE","seed_source_timestamp":0,"circlet_count":0,"master_deck":["AscendersBane","Defend_G+1","Defend_G+1","Defend_G+1","Defend_G+1","Defend_G+1","Survivor+1","Neutralize+1","Sucker Punch+1","Footwork+1","Dash+1","Leg Sweep","Tools of the Trade","Noxious Fumes","Poisoned Stab","Burst","Riddle With Holes","Bouncing Flask","Crippling Poison+1","Necronomicurse","Blur","Bite","Bite","Bite","Bite","Bite"],"special_seed":0,"relics":["Ring of the Snake","Golden Idol","Pen Nib","WarpedTongs","Vajra","PreservedInsect","Tiny House","Necronomicon","Kunai","Meat on the Bone","Singing Bowl"],"potions_floor_usage":[33,33],"damage_taken":[{"damage":4.0,"enemies":"Jaw Worm","floor":1.0,"turns":6.0},{"damage":4.0,"enemies":"Small Slimes","floor":7.0,"turns":4.0},{"damage":0.0,"enemies":"2 Louse","floor":11.0,"turns":2.0},{"damage":14.0,"enemies":"3 Sentries","floor":12.0,"turns":9.0},{"damage":6.0,"enemies":"Exordium Thugs","floor":14.0,"turns":4.0},{"damage":1.0,"enemies":"The Guardian","floor":16.0,"turns":10.0},{"damage":7.0,"enemies":"Chosen","floor":18.0,"turns":7.0},{"damage":22.0,"enemies":"3 Byrds","floor":19.0,"turns":6.0},{"damage":15.0,"enemies":"Cultist and Chosen","floor":21.0,"turns":9.0},{"damage":16.0,"enemies":"Slavers","floor":24.0,"turns":6.0},{"damage":10.0,"enemies":"Book of Stabbing","floor":29.0,"turns":7.0},{"damage":18.0,"enemies":"Snake Plant","floor":30.0,"turns":4.0},{"damage":62,"enemies":"Collector","floor":33,"turns":6}],"seed_played":"-8868893063619612735","potions_obtained":[{"floor":1.0,"key":"SteroidPotion"},{"floor":7.0,"key":"SneckoOil"},{"floor":12.0,"key":"Poison Potion"},{"floor":17.0,"key":"Swift Potion"},{"floor":24.0,"key":"LiquidBronze"},{"floor":29.0,"key":"LiquidBronze"}],"is_trial":false,"path_per_floor":["M","?","$","?","?","R","M","R","T","R","M","E","$","M","R","B",null,"M","M","$","M","?","R","E","R","T","?","?","E","M","?","R","B"],"character_chosen":"THE_SILENT","items_purchased":["Footwork","Pen Nib","Noxious Fumes","Bouncing Flask"],"campfire_rested":3,"item_purchase_floors":[3,3,13,20],"current_hp_per_floor":[59,59,59,45,45,45,41,41,41,41,41,27,27,21,42,41,68,61,39,39,24,8,30,14,36,36,36,36,37,40,40,40,0],"gold":55,"neow_bonus":"TWO_FIFTY_GOLD","is_prod":false,"is_daily":false,"chose_seed":false,"campfire_upgraded":4,"win_rate":0,"timestamp":1558482415,"path_taken":["M","?","$","?","?","R","M","R","T","R","M","E","$","M","R","BOSS","M","M","$","M","?","R","E","R","T","?","?","E","M","?","R","BOSS"],"build_version":"2019-01-23","purchased_purges":3,"victory":false,"max_hp_per_floor":[70,70,70,70,70,70,70,70,70,70,70,70,70,70,70,70,75,75,75,75,75,75,75,75,75,75,75,52,54,56,56,56,56],"card_choices":[{"not_picked":["Quick Slash","Flying Knee"],"picked":"Sucker Punch","floor":1.0},{"not_picked":["Footwork","Slice"],"picked":"Dash","floor":7.0},{"not_picked":["Backflip","Dagger Spray"],"picked":"Leg Sweep","floor":11.0},{"not_picked":["Quick Slash","Outmaneuver"],"picked":"Tools of the Trade","floor":12.0},{"not_picked":["Prepared","Underhanded Strike"],"picked":"Poisoned Stab","floor":14.0},{"not_picked":["After Image","Corpse Explosion"],"picked":"Burst","floor":16.0},{"not_picked":["Choke","Masterful Stab"],"picked":"Riddle With Holes","floor":17.0},{"not_picked":["Blade Dance","Leg Sweep+1","Outmaneuver"],"picked":"SKIP","floor":18.0},{"not_picked":["Leg Sweep","Deadly Poison","Reflex"],"picked":"SKIP","floor":19.0},{"not_picked":["Poisoned Stab","Deflect+1"],"picked":"Crippling Poison","floor":21.0},{"not_picked":["Bane","Heel Hook"],"picked":"Blur","floor":24.0},{"not_picked":["Dagger Throw","PiercingWail+1","Tactician+1"],"picked":"Singing Bowl","floor":29.0},{"not_picked":["Flying Knee","Poisoned Stab","Well Laid Plans"],"picked":"Singing Bowl","floor":30}],"player_experience":545703,"relics_obtained":[{"floor":9.0,"key":"Vajra"},{"floor":12.0,"key":"PreservedInsect"},{"floor":22.0,"key":"Necronomicon"},{"floor":24.0,"key":"Kunai"},{"floor":26.0,"key":"Meat on the Bone"},{"floor":29.0,"key":"Singing Bowl"}],"event_choices":[{"damage_healed":0.0,"max_hp_gain":0.0,"max_hp_loss":0.0,"gold_gain":0.0,"event_name":"Golden Idol","player_choice":"Take Wound","floor":2.0,"gold_loss":0.0,"damage_taken":0.0,"relics_obtained":["Golden Idol"],"cards_obtained":["Injury"]},{"damage_healed":0.0,"max_hp_gain":0.0,"max_hp_loss":0.0,"gold_gain":0.0,"event_name":"Shining Light","player_choice":"Entered Light","floor":4.0,"gold_loss":0.0,"damage_taken":14.0,"cards_upgraded":["Footwork","Defend_G"]},{"damage_healed":0.0,"max_hp_gain":0.0,"max_hp_loss":0.0,"gold_gain":0.0,"event_name":"Accursed Blacksmith","player_choice":"Rummage","floor":5.0,"gold_loss":0.0,"damage_taken":0.0,"relics_obtained":["WarpedTongs"],"cards_obtained":["Pain"]},{"damage_healed":0.0,"max_hp_gain":0.0,"max_hp_loss":0.0,"gold_gain":0.0,"event_name":"Cursed Tome","player_choice":"Obtained Book","floor":22.0,"gold_loss":0.0,"damage_taken":16.0},{"damage_healed":0.0,"max_hp_gain":0.0,"max_hp_loss":0.0,"gold_gain":0.0,"event_name":"Masked Bandits","player_choice":"Paid Fearfully","floor":27.0,"gold_loss":119.0,"damage_taken":0.0},{"damage_healed":0.0,"max_hp_gain":0.0,"max_hp_loss":23.0,"gold_gain":0.0,"event_name":"Vampires","player_choice":"Became a vampire","floor":28.0,"gold_loss":0.0,"damage_taken":0.0,"cards_obtained":["Bite","Bite","Bite","Bite","Bite"]},{"damage_healed":0,"gold_gain":0,"player_choice":"Simplicity","damage_taken":0,"max_hp_gain":0,"max_hp_loss":0,"event_name":"Back to Basics","floor":31,"gold_loss":0,"cards_upgraded":["Defend_G","Defend_G","Defend_G","Defend_G"]}],"is_beta":false,"boss_relics":[{"not_picked":["White Beast Statue","Lizard Tail"],"picked":"Tiny House"}],"items_purged_floors":[3,13,20],"is_endless":false,"potions_floor_spawned":[1,7,12,24,29],"killed_by":"Collector","ascension_level":11}