{"gold_per_floor":[17,17,34,46,46,73,73,89,89,102,102,114,114,134,134,235,235,254,272,292,1,13,13,47,47,71,71,71,81,81,99,99,200,200,217,217,233,243,243,243,243,243,267,267,284,7,7],"floor_reached":47,"playtime":4833,"items_purged":["Strike_G"],"score":564,"play_id":"aa0c981a-1ba9-4109-884b-edbefc13ebc9","local_time":"20190112203012","is_ascension_mode":true,"campfire_choices":[{"data":"Skewer","floor":7.0,"key":"SMITH"},{"data":"Noxious Fumes","floor":11.0,"key":"SMITH"},{"data":"Neutralize","floor":13.0,"key":"SMITH"},{"floor":15.0,"key":"REST"},{"floor":23.0,"key":"REST"},{"floor":25.0,"key":"REST"},{"data":"Catalyst","floor":27.0,"key":"SMITH"},{"floor":32.0,"key":"REST"},{"data":"Tools of the Trade","floor":40,"key":"SMITH"},{"data":"Terror","floor":42,"key":"SMITH"},{"data":"Bouncing Flask","floor":44,"key":"SMITH"}],"neow_cost":"NO_GOLD","seed_source_timestamp":0,"circlet_count":0,"master_deck":["Defend_G","Defend_G","Defend_G","Defend_G","Survivor","Neutralize+1","Escape Plan","Tools of the Trade+1","PiercingWail","Predator","Skewer+1","Bouncing Flask+1","Well Laid Plans","Noxious Fumes+1","Terror+1","Bane","Burst","Tactician+1","Envenom+1","Unload+1","Dash","Backstab","Underhanded Strike+1","Predator+1","Escape Plan","Cloak And Dagger","Catalyst+1","Dodge and Roll","Dodge and Roll","Reflex+1","Venomology","Dash","Dash","Dodge and Roll+1","Acrobatics+1","Footwork"],"special_seed":0,"relics":["Ring of the Snake","Prayer Wheel","Mercury Hourglass","Sundial","Astrolabe","Kunai","Bottled Tornado","Omamori","Shovel","Eternal Feather","Bag of Marbles","Ancient Tea Set"],"potions_floor_usage":[38,45,45,45,47,47],"damage_taken":[{"damage":3.0,"enemies":"Small Slimes","floor":1.0,"turns":6.0},{"damage":2.0,"enemies":"Cultist","floor":3.0,"turns":5.0},{"damage":1.0,"enemies":"2 Louse","floor":4.0,"turns":3.0},{"damage":20.0,"enemies":"Gremlin Nob","floor":6.0,"turns":4.0},{"damage":0.0,"enemies":"Lots of Slimes","floor":8.0,"turns":3.0},{"damage":0.0,"enemies":"Exordium Thugs","floor":10.0,"turns":5.0},{"damage":8.0,"enemies":"Looter","floor":12.0,"turns":3.0},{"damage":0.0,"enemies":"3 Louse","floor":14.0,"turns":2.0},{"damage":20.0,"enemies":"Slime Boss","floor":16.0,"turns":5.0},{"damage":14.0,"enemies":"Spheric Guardian","floor":18.0,"turns":4.0},{"damage":6.0,"enemies":"3 Byrds","floor":19.0,"turns":5.0},{"damage":0.0,"enemies":"Snecko","floor":20.0,"turns":3.0},{"damage":4.0,"enemies":"Centurion and Healer","floor":22.0,"turns":5.0},{"damage":33.0,"enemies":"Slavers","floor":24.0,"turns":7.0},{"damage":13.0,"enemies":"Cultist and Chosen","floor":29.0,"turns":6.0},{"damage":9.0,"enemies":"Snake Plant","floor":31.0,"turns":4.0},{"damage":45.0,"enemies":"Champ","floor":33.0,"turns":11.0},{"damage":13,"enemies":"3 Shapes","floor":35,"turns":5},{"damage":13,"enemies":"3 Darklings","floor":37,"turns":5},{"damage":17,"enemies":"Maw","floor":38,"turns":7},{"damage":25,"enemies":"Spire Growth","floor":45,"turns":4},{"damage":48,"enemies":"Reptomancer","floor":47,"turns":3}],"seed_played":"8920309292781593625","potions_obtained":[{"floor":4.0,"key":"Dexterity Potion"},{"floor":14.0,"key":"EssenceOfSteel"},{"floor":18.0,"key":"Dexterity Potion"},{"floor":22.0,"key":"Dexterity Potion"},{"floor":24.0,"key":"Swift Potion"},{"floor":29.0,"key":"Weak Potion"},{"floor":31.0,"key":"SkillPotion"},{"floor":35,"key":"FearPotion"},{"floor":37,"key":"EssenceOfSteel"}],"is_trial":false,"path_per_floor":["M","?","M","M","$","E","R","M","T","M","R","M","R","M","R","B",null,"M","M","M","$","M","R","E","R","T","R","T","M","?","M","R","B",null,"M","?","M","M","?","R","?","R","T","R","M","$","E"],"character_chosen":"THE_SILENT","items_purchased":["Kunai","Cloak And Dagger","Ancient Tea Set","SkillPotion"],"campfire_rested":4,"item_purchase_floors":[21,21,46,46],"current_hp_per_floor":[67,67,65,64,64,44,44,44,44,44,44,36,36,36,57,37,70,56,50,50,50,46,67,34,55,55,55,55,42,42,33,54,9,70,57,57,44,27,27,48,66,70,70,70,45,45,0],"gold":7,"neow_bonus":"ONE_RARE_RELIC","is_prod":false,"is_daily":false,"chose_seed":false,"campfire_upgraded":7,"win_rate":0,"timestamp":1547350212,"path_taken":["M","?","M","M","$","E","R","?","T","M","R","M","R","M","R","BOSS","M","M","M","$","M","R","E","R","T","R","?","?","?","M","R","BOSS","M","?","?","M","?","R","?","R","T","R","M","$","E"],"build_version":"2019-01-10","purchased_purges":1,"victory":false,"max_hp_per_floor":[70,70,70,70,70,70,70,70,70,70,70,70,70,70,70,70,70,70,70,70,70,70,70,70,70,70,70,70,70,70,70,70,70,70,70,70,70,70,70,70,70,70,70,70,70,70,70],"card_choices":[{"not_picked":["Blade Dance","Cloak And Dagger"],"picked":"Escape Plan","floor":1.0},{"not_picked":["Reflex","Blade Dance","Underhanded Strike"],"picked":"SKIP","floor":1.0},{"not_picked":["Poisoned Stab","Quick Slash"],"picked":"PiercingWail","floor":3.0},{"not_picked":["Deadly Poison","PiercingWail","Reflex"],"picked":"SKIP","floor":3.0},{"not_picked":["Underhanded Strike","Phantasmal Killer"],"picked":"Predator","floor":4.0},{"not_picked":["Bane","Slice"],"picked":"Skewer","floor":4.0},{"not_picked":["Deflect","Sucker Punch"],"picked":"Bouncing Flask","floor":6.0},{"not_picked":["Blade Dance","Dodge and Roll"],"picked":"Well Laid Plans","floor":8.0},{"not_picked":["Slice","Underhanded Strike","Heel Hook"],"picked":"SKIP","floor":8.0},{"not_picked":["Distraction","Bane"],"picked":"Noxious Fumes","floor":10.0},{"not_picked":["Deflect","Masterful Stab"],"picked":"Terror","floor":10.0},{"not_picked":["Prepared","Dodge and Roll"],"picked":"Bane","floor":12.0},{"not_picked":["Slice","Deadly Poison","Prepared"],"picked":"SKIP","floor":12.0},{"not_picked":["Finisher","Deflect","Poisoned Stab"],"picked":"SKIP","floor":14.0},{"not_picked":["Slice","PiercingWail","Wraith Form v2"],"picked":"SKIP","floor":14.0},{"not_picked":["A Thousand Cuts","Wraith Form v2"],"picked":"Burst","floor":16.0},{"not_picked":["Poisoned Stab+1","Underhanded Strike"],"picked":"Dash","floor":18.0},{"not_picked":["Deadly Poison","Quick Slash"],"picked":"Backstab","floor":18.0},{"not_picked":["Acrobatics","Prepared"],"picked":"Underhanded Strike+1","floor":19.0},{"not_picked":["Poisoned Stab+1","All Out Attack","PiercingWail"],"picked":"SKIP","floor":19.0},{"not_picked":["Dagger Throw","Phantasmal Killer"],"picked":"Predator+1","floor":20.0},{"not_picked":["Dagger Throw","Dagger Spray"],"picked":"Escape Plan","floor":20.0},{"not_picked":["Bane","Deadly Poison+1"],"picked":"Catalyst","floor":22.0},{"not_picked":["Bane+1","Poisoned Stab+1"],"picked":"Dodge and Roll","floor":22.0},{"not_picked":["Noxious Fumes","Terror","Prepared"],"picked":"SKIP","floor":24.0},{"not_picked":["Masterful Stab","Envenom"],"picked":"Dodge and Roll","floor":29.0},{"not_picked":["Eviscerate","Prepared","Flying Knee+1"],"picked":"SKIP","floor":29.0},{"not_picked":["Prepared","Endless Agony+1"],"picked":"Reflex+1","floor":31.0},{"not_picked":["Dagger Throw","Predator","Blade Dance"],"picked":"SKIP","floor":31.0},{"not_picked":["Burst","Night Terror"],"picked":"Venomology","floor":33.0},{"not_picked":["Bane","Terror+1","Distraction+1"],"picked":"SKIP","floor":35},{"not_picked":["Infinite Blades+1","Slice","Dagger Spray"],"picked":"SKIP","floor":35},{"not_picked":["Cloak And Dagger","Dagger Spray+1"],"picked":"Dash","floor":37},{"not_picked":["Dagger Spray+1","Reflex","Quick Slash"],"picked":"SKIP","floor":37},{"not_picked":["PiercingWail+1","Quick Slash+1"],"picked":"Dodge and Roll+1","floor":38},{"not_picked":["Reflex+1","Blade Dance"],"picked":"Acrobatics+1","floor":38},{"not_picked":["Expertise+1","Quick Slash"],"picked":"Footwork","floor":45},{"not_picked":["Well Laid Plans","Unload","Dodge and Roll"],"picked":"SKIP","floor":45}],"player_experience":1715262,"relics_obtained":[{"floor":6.0,"key":"Mercury Hourglass"},{"floor":9.0,"key":"Sundial"},{"floor":24.0,"key":"Bottled Tornado"},{"floor":26.0,"key":"Omamori"},{"floor":28.0,"key":"Shovel"},{"floor":43,"key":"Bag of Marbles"}],"event_choices":[{"damage_healed":0.0,"max_hp_gain":0.0,"max_hp_loss":0.0,"gold_gain":0.0,"cards_transformed":["Strike_G"],"event_name":"Transmorgrifier","player_choice":"Transformed","floor":2.0,"gold_loss":0.0,"damage_taken":0.0,"cards_obtained":["Tools of the Trade"]},{"damage_healed":0.0,"max_hp_gain":0.0,"max_hp_loss":0.0,"gold_gain":0.0,"event_name":"Vampires","player_choice":"Ignored","floor":30.0,"gold_loss":0.0,"damage_taken":0.0},{"damage_healed":0,"gold_gain":0,"cards_transformed":["Strike_G"],"player_choice":"Transformed","damage_taken":0,"max_hp_gain":0,"max_hp_loss":0,"event_name":"Transmorgrifier","floor":36,"gold_loss":0,"cards_obtained":["Dash"]},{"damage_healed":0,"gold_gain":0,"player_choice":"Ignored","damage_taken":0,"max_hp_gain":0,"max_hp_loss":0,"event_name":"Tomb of Lord Red Mask","floor":39,"gold_loss":0},{"damage_healed":18,"gold_gain":0,"player_choice":"Writhe","damage_taken":0,"max_hp_gain":0,"max_hp_loss":0,"event_name":"Winding Halls","floor":41,"gold_loss":0,"cards_obtained":["Writhe"]}],"is_beta":false,"boss_relics":[{"not_picked":["Black Star","Runic Dome"],"picked":"Astrolabe"},{"not_picked":["Coffee Dripper","Runic Pyramid"],"picked":"Eternal Feather"}],"items_purged_floors":[46],"is_endless":false,"potions_floor_spawned":[4,14,18,22,24,29,31,35,37],"killed_by":"Reptomancer","ascension_level":4}