{"gold_per_floor":[113,113,113,133,86,86,111,111,158,172,55,70,81,98,98,98],"floor_reached":16,"playtime":1594,"items_purged":[],"score":102,"play_id":"222cefcd-ccf9-4430-ba1b-d62df2fda909","local_time":"20181117154906","is_ascension_mode":false,"campfire_choices":[{"data":"Neutralize","floor":6,"key":"SMITH"},{"data":"Tactician","floor":8,"key":"SMITH"},{"floor":15,"key":"REST"}],"neow_cost":"CURSE","seed_source_timestamp":8096255346623427,"circlet_count":0,"master_deck":["Defend_G","Defend_G","Defend_G","Defend_G","Strike_G","Strike_G","Strike_G","Survivor","Neutralize+1","Tactician+1","Skewer","Terror","Backflip","After Image","Footwork","Sucker Punch","Dagger Spray"],"relics":["Ring of the Snake","Unceasing Top","Snake Skull"],"potions_floor_usage":[13,13,16],"damage_taken":[{"damage":7,"enemies":"Small Slimes","floor":1,"turns":4},{"damage":4,"enemies":"Cultist","floor":4,"turns":3},{"damage":10,"enemies":"Lagavulin","floor":7,"turns":6},{"damage":0,"enemies":"2 Louse","floor":10,"turns":2},{"damage":13,"enemies":"Exordium Thugs","floor":12,"turns":7},{"damage":0,"enemies":"Lots of Slimes","floor":13,"turns":1},{"damage":0,"enemies":"Blue Slaver","floor":14,"turns":4},{"damage":61,"enemies":"Slime Boss","floor":16,"turns":13}],"seed_played":"-4134269363997497862","potions_obtained":[{"floor":10,"key":"Explosive Potion"},{"floor":12,"key":"SpeedPotion"},{"floor":14,"key":"AttackPotion"}],"is_trial":false,"path_per_floor":["M","?","?","M","$","R","E","R","T","M","$","M","M","M","R","B"],"character_chosen":"THE_SILENT","items_purchased":["Backflip","Footwork","Sucker Punch"],"campfire_rested":1,"item_purchase_floors":[5,11,11],"current_hp_per_floor":[63,63,63,59,59,59,49,49,49,49,49,36,36,36,57,0],"gold":98,"neow_bonus":"TRANSFORM_TWO_CARDS","is_prod":false,"is_daily":false,"chose_seed":false,"campfire_upgraded":2,"win_rate":0,"timestamp":1542494946,"path_taken":["M","?","?","?","$","R","E","R","T","M","$","M","?","M","R","BOSS"],"build_version":"2018-11-15","purchased_purges":0,"victory":false,"max_hp_per_floor":[70,70,70,70,70,70,70,70,70,70,70,70,70,70,70,70],"card_choices":[{"not_picked":["Slice","Deflect","Outmaneuver"],"picked":"SKIP","floor":1},{"not_picked":["Outmaneuver","Slice"],"picked":"Terror","floor":4},{"not_picked":["Deflect","Dodge and Roll"],"picked":"After Image","floor":7},{"not_picked":["Choke","Eviscerate","Prepared"],"picked":"SKIP","floor":10},{"not_picked":["Slice","Quick Slash"],"picked":"Dagger Spray","floor":12},{"not_picked":["Skewer","Distraction","Expertise"],"picked":"SKIP","floor":13},{"not_picked":["Finisher","Reflex","Slice"],"picked":"SKIP","floor":14}],"player_experience":1213077,"relics_obtained":[{"floor":7,"key":"Unceasing Top"},{"floor":9,"key":"Snake Skull"}],"event_choices":[{"cards_removed":["Normality"],"damage_healed":0,"gold_gain":0,"player_choice":"Forget","damage_taken":0,"max_hp_gain":0,"max_hp_loss":0,"event_name":"Living Wall","floor":2,"gold_loss":0},{"cards_removed":["Strike_G"],"damage_healed":0,"gold_gain":0,"player_choice":"Purged","damage_taken":0,"max_hp_gain":0,"max_hp_loss":0,"event_name":"Purifier","floor":3,"gold_loss":0}],"is_beta":false,"boss_relics":[],"items_purged_floors":[],"is_endless":false,"potions_floor_spawned":[10,12,14],"killed_by":"Slime Boss","ascension_level":0}