{"gold_per_floor":[114,129,144,144,51,51,81,96,96,111,126,141,141,156,156,256,256,271,286,286,301,316,346,346,361,361,126,141,141,156,171,171,271,271,286,301,316,316,316,331,66,81,81,96,96,126,126,76,76,76],"floor_reached":50,"playtime":5406,"items_purged":["Well Laid Plans","Quick Slash","Bullet Time"],"score":579,"play_id":"15a08975-0437-420c-aeb4-0080c7ca80ba","local_time":"20190411211916","daily_mods":["Draft","Uncertain Future","Binary"],"is_ascension_mode":false,"campfire_choices":[{"data":"Tactician","floor":6,"key":"SMITH"},{"floor":15,"key":"DIG"},{"floor":24,"key":"DIG"},{"floor":29,"key":"DIG"},{"data":"After Image","floor":32,"key":"SMITH"},{"data":"Tools of the Trade","floor":45,"key":"SMITH"},{"floor":47,"key":"REST"},{"floor":49,"key":"REST"}],"neow_cost":"","seed_source_timestamp":0,"circlet_count":0,"master_deck":["Underhanded Strike","Deflect","PiercingWail","Tactician+1","Backflip","Quick Slash","Backflip","Acrobatics","Prepared+1","Prepared","PiercingWail","Reflex","Dodge and Roll","All Out Attack","Dagger Throw","Calculated Gamble","Deflect","Infinite Blades","After Image+1","Corpse Explosion","Caltrops","Footwork","Slice","Tools of the Trade+1","Expertise+1","Dramatic Entrance","Blade Dance","Sadistic Nature","Slice","Adrenaline"],"special_seed":17997,"relics":["Ring of the Serpent","FaceOfCleric","Shovel","Dead Branch","Tough Bandages","Runic Pyramid","Bird Faced Urn","Matryoshka","Omamori","The Specimen","Anchor","Smiling Mask","Bottled Lightning","Boot"],"potions_floor_usage":[23,23,42,42,50,50,50],"damage_taken":[{"damage":0,"enemies":"Cultist","floor":1,"turns":2},{"damage":0,"enemies":"Jaw Worm","floor":2,"turns":2},{"damage":0,"enemies":"2 Louse","floor":3,"turns":3},{"damage":9,"enemies":"3 Sentries","floor":7,"turns":5},{"damage":0,"enemies":"Blue Slaver","floor":8,"turns":2},{"damage":0,"enemies":"Gremlin Gang","floor":10,"turns":3},{"damage":0,"enemies":"2 Fungi Beasts","floor":11,"turns":2},{"damage":0,"enemies":"Exordium Thugs","floor":12,"turns":3},{"damage":0,"enemies":"3 Louse","floor":14,"turns":2},{"damage":0,"enemies":"Hexaghost","floor":16,"turns":8},{"damage":2,"enemies":"2 Thieves","floor":18,"turns":5},{"damage":0,"enemies":"Chosen","floor":19,"turns":4},{"damage":0,"enemies":"Shelled Parasite and Fungi","floor":21,"turns":5},{"damage":22,"enemies":"Snecko","floor":22,"turns":6},{"damage":31,"enemies":"Slavers","floor":23,"turns":5},{"damage":0,"enemies":"Centurion and Healer","floor":25,"turns":6},{"damage":0,"enemies":"Cultist and Chosen","floor":28,"turns":8},{"damage":0,"enemies":"Snake Plant","floor":30,"turns":5},{"damage":0,"enemies":"Chosen and Byrds","floor":31,"turns":6},{"damage":27,"enemies":"Champ","floor":33,"turns":14},{"damage":10,"enemies":"3 Darklings","floor":35,"turns":5},{"damage":0,"enemies":"Orb Walker","floor":36,"turns":5},{"damage":0,"enemies":"Maw","floor":37,"turns":8},{"damage":15,"enemies":"Transient","floor":40,"turns":5},{"damage":59,"enemies":"Writhing Mass","floor":42,"turns":7},{"damage":10,"enemies":"Sphere and 2 Shapes","floor":44,"turns":6},{"damage":34,"enemies":"Nemesis","floor":46,"turns":9},{"damage":113,"enemies":"Donu and Deca","floor":50,"turns":12}],"seed_played":"6366022716300994326","potions_obtained":[{"floor":7,"key":"Swift Potion"},{"floor":10,"key":"Poison Potion"},{"floor":11,"key":"Ancient Potion"},{"floor":22,"key":"PowerPotion"},{"floor":28,"key":"Dexterity Potion"},{"floor":30,"key":"Swift Potion"},{"floor":42,"key":"Ancient Potion"},{"floor":44,"key":"Dexterity Potion"}],"is_trial":false,"path_per_floor":["M","M","M","?","$","R","E","M","T","M","M","M","?","M","R","B",null,"M","M","?","M","M","E","R","M","T","$","M","R","M","M","R","B",null,"M","M","M","?","?","M","$","M","T","M","R","E","R","$","R","B"],"character_chosen":"THE_SILENT","items_purchased":["All Out Attack","Dagger Throw","Tools of the Trade","Sadistic Nature"],"campfire_rested":2,"item_purchase_floors":[5,5,27,41],"current_hp_per_floor":[70,70,70,70,70,70,62,63,63,64,65,66,66,67,67,68,77,76,77,77,78,57,27,27,40,40,40,61,61,76,86,86,64,87,84,89,90,90,90,78,78,33,33,42,42,23,51,51,79,0],"gold":76,"neow_bonus":"","is_prod":false,"is_daily":true,"chose_seed":false,"campfire_upgraded":3,"win_rate":0.0,"timestamp":1554988756,"path_taken":["M","M","M","?","$","R","E","M","T","M","?","M","?","M","R","BOSS","M","?","?","M","M","E","R","M","T","$","M","R","?","M","R","BOSS","M","M","M","?","?","M","?","M","T","M","R","E","R","$","R","BOSS"],"build_version":"2019-01-23","purchased_purges":3,"victory":false,"max_hp_per_floor":[70,70,70,70,70,70,71,72,72,73,74,75,75,76,76,77,77,78,79,79,80,81,82,82,83,83,83,84,84,85,86,86,87,87,88,89,90,90,90,91,91,92,92,93,93,94,94,94,94,94],"card_choices":[{"not_picked":["Backflip","Prepared"],"picked":"Underhanded Strike","floor":0},{"not_picked":["Outmaneuver","Sucker Punch"],"picked":"Deflect","floor":0},{"not_picked":["Outmaneuver","Deadly Poison"],"picked":"PiercingWail","floor":0},{"not_picked":["Dagger Throw","Reflex"],"picked":"Tactician","floor":0},{"not_picked":["Dodge and Roll","Sucker Punch"],"picked":"Backflip","floor":0},{"not_picked":["Outmaneuver","Cloak And Dagger"],"picked":"Quick Slash","floor":0},{"not_picked":["Heel Hook","Dodge and Roll"],"picked":"Backflip","floor":0},{"not_picked":["Sucker Punch","Underhanded Strike"],"picked":"Acrobatics","floor":0},{"not_picked":["Cloak And Dagger","Bane"],"picked":"Prepared","floor":0},{"not_picked":["Dagger Throw","Sucker Punch"],"picked":"Prepared","floor":0},{"not_picked":["Dash","Deadly Poison"],"picked":"Quick Slash","floor":0},{"not_picked":["Heel Hook","Catalyst"],"picked":"PiercingWail","floor":0},{"not_picked":["Bane","Quick Slash"],"picked":"Reflex","floor":0},{"not_picked":["Blade Dance","Blur"],"picked":"Well Laid Plans","floor":0},{"not_picked":["Caltrops","Prepared"],"picked":"Underhanded Strike","floor":0},{"not_picked":["Terror","Blade Dance"],"picked":"SKIP","floor":1},{"not_picked":["Poisoned Stab"],"picked":"Dodge and Roll","floor":2},{"not_picked":["Predator","Setup"],"picked":"SKIP","floor":3},{"not_picked":["Poisoned Stab","Choke"],"picked":"SKIP","floor":7},{"not_picked":["Deadly Poison","Backflip"],"picked":"SKIP","floor":8},{"not_picked":["Acrobatics"],"picked":"Leg Sweep","floor":10},{"not_picked":["Reflex"],"picked":"Calculated Gamble","floor":11},{"not_picked":["Underhanded Strike"],"picked":"Deflect","floor":12},{"not_picked":["Cloak And Dagger"],"picked":"After Image","floor":14},{"not_picked":["Malaise"],"picked":"Corpse Explosion","floor":16},{"not_picked":["Leg Sweep"],"picked":"Caltrops","floor":18},{"not_picked":["Acrobatics","Catalyst"],"picked":"SKIP","floor":19},{"not_picked":["Setup+1"],"picked":"Footwork","floor":21},{"not_picked":["Acrobatics","Sucker Punch"],"picked":"SKIP","floor":22},{"not_picked":["Flying Knee"],"picked":"Slice","floor":23},{"not_picked":["Blade Dance","Prepared"],"picked":"SKIP","floor":25},{"not_picked":["Outmaneuver","Accuracy"],"picked":"SKIP","floor":28},{"not_picked":["Poisoned Stab+1","Setup"],"picked":"SKIP","floor":30},{"not_picked":["Backflip","Caltrops+1"],"picked":"SKIP","floor":31},{"not_picked":["Malaise"],"picked":"Bullet Time","floor":33},{"not_picked":["Bane","Flechettes+1"],"picked":"SKIP","floor":35},{"not_picked":["Flying Knee","Quick Slash+1"],"picked":"SKIP","floor":36},{"not_picked":["Dagger Throw+1"],"picked":"Expertise+1","floor":37},{"not_picked":["Sadistic Nature"],"picked":"Dramatic Entrance","floor":38},{"not_picked":["All Out Attack"],"picked":"Blade Dance","floor":40},{"not_picked":["Quick Slash"],"picked":"Slice","floor":42},{"not_picked":["Bane","Predator"],"picked":"SKIP","floor":44},{"not_picked":["Endless Agony"],"picked":"Adrenaline","floor":46}],"player_experience":34621,"relics_obtained":[{"floor":7,"key":"Shovel"},{"floor":9,"key":"Dead Branch"},{"floor":15,"key":"Tough Bandages"},{"floor":23,"key":"Bird Faced Urn"},{"floor":24,"key":"Matryoshka"},{"floor":26,"key":"Omamori"},{"floor":26,"key":"The Specimen"},{"floor":29,"key":"Anchor"},{"floor":43,"key":"Smiling Mask"},{"floor":43,"key":"Bottled Lightning"},{"floor":46,"key":"Boot"}],"event_choices":[{"damage_healed":0,"gold_gain":0,"player_choice":"Trade","damage_taken":0,"relics_obtained":["FaceOfCleric"],"max_hp_gain":0,"max_hp_loss":0,"event_name":"FaceTrader","floor":4,"gold_loss":0},{"damage_healed":0,"gold_gain":0,"cards_transformed":["Leg Sweep"],"player_choice":"Transformed","damage_taken":0,"max_hp_gain":0,"max_hp_loss":0,"event_name":"Transmorgrifier","floor":13,"gold_loss":0,"cards_obtained":["Infinite Blades"]},{"damage_healed":0,"gold_gain":0,"player_choice":"Upgraded","damage_taken":0,"max_hp_gain":0,"max_hp_loss":0,"event_name":"Upgrade Shrine","floor":20,"gold_loss":0,"cards_upgraded":["Prepared"]},{"damage_healed":0,"gold_gain":0,"player_choice":"Memory 1","damage_taken":0,"max_hp_gain":0,"max_hp_loss":0,"event_name":"SensoryStone","floor":38,"gold_loss":0},{"cards_removed":["Underhanded Strike"],"damage_healed":0,"gold_gain":0,"player_choice":"Removed Attack","damage_taken":0,"max_hp_gain":0,"max_hp_loss":0,"event_name":"Falling","floor":39,"gold_loss":0}],"is_beta":false,"boss_relics":[{"not_picked":["WristBlade","Snecko Eye"],"picked":"Runic Pyramid"},{"not_picked":["Coffee Dripper","HoveringKite"],"picked":"Ring of the Serpent"}],"items_purged_floors":[27,41,48],"is_endless":false,"potions_floor_spawned":[7,10,11,16,19,22,28,30,37,42,44],"killed_by":"Donu and Deca","ascension_level":0}