{"gold_per_floor":[110,185,185,185,198,229,229,262,262,272,287,84,102,102,102,205,205,225,275,289,305,319,319,332,332,332,332,347,347],"floor_reached":29,"playtime":28256,"items_purged":["Regret"],"score":314,"play_id":"95c9cfe2-84a5-4089-ad0c-f26315c35702","local_time":"20190111205025","is_ascension_mode":true,"campfire_choices":[{"data":"Neutralize","floor":7.0,"key":"SMITH"},{"floor":15.0,"key":"REST"},{"data":"Well Laid Plans","floor":23,"key":"SMITH"},{"data":"Skewer","floor":25,"key":"SMITH"},{"data":"Leg Sweep","floor":27,"key":"SMITH"}],"neow_cost":"NONE","seed_source_timestamp":0,"circlet_count":0,"master_deck":["Defend_G","Defend_G","Defend_G","Defend_G","Defend_G","Strike_G","Strike_G","Strike_G","Strike_G","Strike_G","Survivor","Neutralize+1","Flying Knee","Flying Knee","Sucker Punch","Skewer+1","Sucker Punch","PiercingWail","Well Laid Plans+1","Cloak And Dagger","Parasite","Burst","Leg Sweep+1","Acrobatics+1"],"special_seed":0,"relics":["Ring of the Snake","NeowsBlessing","Sundial","Anchor","Vajra","Pocketwatch","HoveringKite","Frozen Egg 2"],"potions_floor_usage":[24,29,29],"damage_taken":[{"damage":0.0,"enemies":"Jaw Worm","floor":1.0,"turns":1.0},{"damage":0.0,"enemies":"Small Slimes","floor":5.0,"turns":1.0},{"damage":0.0,"enemies":"Gremlin Nob","floor":6.0,"turns":1.0},{"damage":33.0,"enemies":"3 Sentries","floor":8.0,"turns":12.0},{"damage":4.0,"enemies":"2 Louse","floor":10.0,"turns":3.0},{"damage":9.0,"enemies":"Gremlin Gang","floor":11.0,"turns":3.0},{"damage":0.0,"enemies":"3 Louse","floor":13.0,"turns":3.0},{"damage":43.0,"enemies":"The Guardian","floor":16.0,"turns":12.0},{"damage":10.0,"enemies":"3 Byrds","floor":18.0,"turns":5.0},{"damage":10.0,"enemies":"2 Thieves","floor":20.0,"turns":4.0},{"damage":2,"enemies":"Cultist and Chosen","floor":21,"turns":6},{"damage":0,"enemies":"Snake Plant","floor":22,"turns":5},{"damage":11,"enemies":"3 Cultists","floor":24,"turns":6},{"damage":20,"enemies":"Shelled Parasite and Fungi","floor":28,"turns":8},{"damage":36,"enemies":"Snecko","floor":29,"turns":8}],"seed_played":"-545173276170623696","potions_obtained":[{"floor":5.0,"key":"Dexterity Potion"},{"floor":10.0,"key":"SkillPotion"},{"floor":11.0,"key":"GamblersBrew"},{"floor":16.0,"key":"FearPotion"},{"floor":18.0,"key":"Weak Potion"},{"floor":22,"key":"LiquidBronze"}],"is_trial":false,"path_per_floor":["M","?","?","?","M","E","R","E","T","M","M","$","M","?","R","B",null,"M","?","M","M","M","R","M","R","T","R","M","M"],"character_chosen":"THE_SILENT","items_purchased":["Well Laid Plans","Cloak And Dagger"],"campfire_rested":1,"item_purchase_floors":[12,12],"current_hp_per_floor":[70,59,59,59,59,59,59,26,26,22,13,13,13,30,51,8,70,60,60,50,48,48,48,37,37,37,37,17,0],"gold":347,"neow_bonus":"THREE_ENEMY_KILL","is_prod":false,"is_daily":false,"chose_seed":false,"campfire_upgraded":4,"win_rate":0,"timestamp":1547265025,"path_taken":["M","?","?","?","M","E","R","E","T","M","M","$","M","?","R","BOSS","M","?","M","M","M","R","M","R","T","R","M","M"],"build_version":"2019-01-10","purchased_purges":1,"victory":false,"max_hp_per_floor":[70,70,70,70,70,70,70,70,70,70,70,70,70,70,70,70,70,70,70,70,70,70,70,70,70,70,70,70,70],"card_choices":[{"not_picked":["Acrobatics","Slice"],"picked":"Flying Knee","floor":1.0},{"not_picked":["Expertise","Poisoned Stab"],"picked":"Flying Knee","floor":5.0},{"not_picked":["PiercingWail","Cloak And Dagger"],"picked":"Sucker Punch","floor":6.0},{"not_picked":["Night Terror","Doppelganger"],"picked":"Skewer","floor":8.0},{"not_picked":["Slice","Deflect"],"picked":"Sucker Punch","floor":10.0},{"not_picked":["Eviscerate","Bane"],"picked":"PiercingWail","floor":11.0},{"not_picked":["PiercingWail","Blade Dance","Underhanded Strike"],"picked":"SKIP","floor":13.0},{"not_picked":["Doppelganger","Malaise"],"picked":"Burst","floor":16.0},{"not_picked":["Slice","Prepared","Cloak And Dagger+1"],"picked":"SKIP","floor":18.0},{"not_picked":["Poisoned Stab","Flying Knee","Escape Plan"],"picked":"SKIP","floor":20.0},{"not_picked":["Poisoned Stab","Flying Knee","Escape Plan"],"picked":"SKIP","floor":20.0},{"not_picked":["Masterful Stab","Tools of the Trade"],"picked":"Leg Sweep","floor":21},{"not_picked":["Endless Agony+1","Quick Slash","Poisoned Stab"],"picked":"SKIP","floor":22},{"not_picked":["Quick Slash","Deadly Poison"],"picked":"Acrobatics+1","floor":24},{"not_picked":["Dodge and Roll","Choke","Prepared"],"picked":"SKIP","floor":28}],"player_experience":1687006,"relics_obtained":[{"floor":6.0,"key":"Anchor"},{"floor":8.0,"key":"Vajra"},{"floor":9.0,"key":"Pocketwatch"},{"floor":26,"key":"Frozen Egg 2"}],"event_choices":[{"damage_healed":0.0,"max_hp_gain":0.0,"max_hp_loss":0.0,"gold_gain":75.0,"event_name":"World of Goop","player_choice":"Gather Gold","floor":2.0,"gold_loss":0.0,"damage_taken":11.0},{"damage_healed":0.0,"max_hp_gain":0.0,"max_hp_loss":0.0,"gold_gain":0.0,"event_name":"Big Fish","player_choice":"Box","floor":3.0,"gold_loss":0.0,"damage_taken":0.0,"relics_obtained":["Sundial"],"cards_obtained":["Regret"]},{"damage_healed":0.0,"max_hp_gain":0.0,"max_hp_loss":0.0,"gold_gain":0.0,"event_name":"Liars Game","player_choice":"Ignored","floor":4.0,"gold_loss":0.0,"damage_taken":0.0},{"damage_healed":17.0,"max_hp_gain":0.0,"max_hp_loss":0.0,"gold_gain":0.0,"event_name":"Mushrooms","player_choice":"Healed and dodged fight","floor":14.0,"gold_loss":0.0,"damage_taken":0.0,"cards_obtained":["Parasite"]},{"damage_healed":0.0,"max_hp_gain":0.0,"max_hp_loss":0.0,"gold_gain":100.0,"event_name":"The Joust","player_choice":"Bet on Murderer","floor":19.0,"gold_loss":50.0,"damage_taken":0.0}],"is_beta":false,"boss_relics":[{"not_picked":["Fusion Hammer","Calling Bell"],"picked":"HoveringKite"}],"items_purged_floors":[12],"is_endless":false,"potions_floor_spawned":[5,10,11,16,18,20,22],"killed_by":"Snecko","ascension_level":4}