{"gold_per_floor":[217,78,98,115,115,115,131,166,196,196,213,224,324,344,344,442,442,462,431,431,450,463,463,494,19,44,44],"floor_reached":27,"playtime":1239,"items_purged":[],"score":237,"play_id":"2467e8a9-bde3-46d4-bd01-2bfbb365be9c","local_time":"20190820070653","is_ascension_mode":false,"campfire_choices":[{"data":"Footwork","floor":6,"key":"SMITH"},{"floor":10,"key":"REST"},{"data":"Glass Knife","floor":15,"key":"SMITH"},{"floor":23,"key":"REST"}],"neow_cost":"NONE","seed_source_timestamp":436370341670004,"circlet_count":0,"master_deck":["Strike_G","Strike_G","Strike_G","Strike_G","Strike_G","Defend_G","Defend_G","Defend_G","Defend_G","Defend_G","Survivor","Neutralize","Bane","Footwork+1","Acrobatics","Leg Sweep","Deflect","Deadly Poison","Glass Knife+1","Calculated Gamble","Die Die Die","Finisher","Catalyst","Footwork"],"relics":["Ring of the Snake","Anchor","Tiny Chest","Sozu","Sundial","MealTicket","Mercury Hourglass","Ancient Tea Set"],"potions_floor_usage":[8,11,16,24],"damage_taken":[{"damage":0,"enemies":"Small Slimes","floor":1,"turns":6},{"damage":0,"enemies":"2 Louse","floor":3,"turns":3},{"damage":0,"enemies":"Cultist","floor":4,"turns":5},{"damage":0,"enemies":"Large Slime","floor":7,"turns":8},{"damage":51,"enemies":"Gremlin Nob","floor":8,"turns":9},{"damage":3,"enemies":"Gremlin Gang","floor":11,"turns":8},{"damage":2,"enemies":"Exordium Wildlife","floor":12,"turns":8},{"damage":0,"enemies":"Looter","floor":14,"turns":4},{"damage":23,"enemies":"Hexaghost","floor":16,"turns":14},{"damage":0,"enemies":"Shell Parasite","floor":18,"turns":7},{"damage":4,"enemies":"2 Thieves","floor":19,"turns":5},{"damage":15,"enemies":"Snake Plant","floor":21,"turns":4},{"damage":26,"enemies":"Chosen and Byrds","floor":22,"turns":7},{"damage":28,"enemies":"Book of Stabbing","floor":24,"turns":6},{"damage":18,"enemies":"Centurion and Healer","floor":27,"turns":9}],"seed_played":"-7386435150094667661","potions_obtained":[{"floor":1,"key":"GhostInAJar"},{"floor":8,"key":"Regen Potion"},{"floor":12,"key":"AttackPotion"},{"floor":16,"key":"EssenceOfSteel"}],"is_trial":false,"path_per_floor":["M","$","M","M","?","R","M","E","T","R","M","M","?","M","R","B",null,"M","M","?","M","M","R","E","$","T","M"],"character_chosen":"THE_SILENT","items_purchased":["Bane","Footwork","Acrobatics","MealTicket","Mercury Hourglass","Footwork"],"campfire_rested":2,"item_purchase_floors":[2,2,2,25,25,25],"current_hp_per_floor":[70,70,70,70,70,70,70,19,19,40,52,50,50,50,50,27,70,70,66,66,51,25,46,18,18,18,0],"gold":44,"neow_bonus":"HUNDRED_GOLD","is_prod":false,"is_daily":false,"chose_seed":false,"campfire_upgraded":2,"win_rate":0,"timestamp":1566256013,"path_taken":["M","$","M","M","?","R","M","E","T","R","M","M","?","?","R","BOSS","M","M","?","M","M","R","E","$","T","?"],"build_version":"2019-07-17","purchased_purges":0,"victory":false,"max_hp_per_floor":[70,70,70,70,70,70,70,70,70,70,70,70,70,70,70,70,70,70,70,70,70,70,70,70,70,70,70],"card_choices":[{"not_picked":["Riddle With Holes","Caltrops","Poisoned Stab"],"picked":"SKIP","floor":1},{"not_picked":["Bane","Cloak And Dagger","Poisoned Stab"],"picked":"SKIP","floor":3},{"not_picked":["Cloak And Dagger","Expertise"],"picked":"Leg Sweep","floor":4},{"not_picked":["Dodge and Roll","Choke"],"picked":"Deflect","floor":7},{"not_picked":["Blur","Acrobatics"],"picked":"Deadly Poison","floor":8},{"not_picked":["Flechettes","Outmaneuver"],"picked":"Glass Knife","floor":11},{"not_picked":["Riddle With Holes","Caltrops","Endless Agony"],"picked":"SKIP","floor":12},{"not_picked":["Tactician","Underhanded Strike"],"picked":"Calculated Gamble","floor":14},{"not_picked":["Storm of Steel","Wraith Form v2"],"picked":"Die Die Die","floor":16},{"not_picked":["Dodge and Roll","Caltrops","Dagger Throw+1"],"picked":"SKIP","floor":18},{"not_picked":["Escape Plan","PiercingWail"],"picked":"Finisher","floor":19},{"not_picked":["Riddle With Holes","Caltrops","Cloak And Dagger"],"picked":"SKIP","floor":21},{"not_picked":["Underhanded Strike+1","Acrobatics","Flying Knee+1"],"picked":"SKIP","floor":22},{"not_picked":["Dagger Spray+1","Prepared"],"picked":"Catalyst","floor":24}],"player_experience":216922,"relics_obtained":[{"floor":8,"key":"Anchor"},{"floor":9,"key":"Tiny Chest"},{"floor":24,"key":"Sundial"},{"floor":26,"key":"Ancient Tea Set"}],"event_choices":[{"damage_healed":0,"gold_gain":0,"player_choice":"Leave","damage_taken":0,"max_hp_gain":0,"max_hp_loss":0,"event_name":"The Cleric","floor":5,"gold_loss":0},{"damage_healed":0,"gold_gain":100,"player_choice":"Pray","damage_taken":0,"max_hp_gain":0,"max_hp_loss":0,"event_name":"Golden Shrine","floor":13,"gold_loss":0},{"damage_healed":0,"gold_gain":0,"player_choice":"Bought 0 Potions","damage_taken":0,"max_hp_gain":0,"max_hp_loss":0,"event_name":"The Woman in Blue","floor":20,"gold_loss":0}],"is_beta":false,"boss_relics":[{"not_picked":["Velvet Choker","Coffee Dripper"],"picked":"Sozu"}],"items_purged_floors":[],"is_endless":false,"potions_floor_spawned":[1,8,12,16,18,22,24],"killed_by":"Centurion and Healer","ascension_level":0}