{"gold_per_floor":[116,36,51,67,67,67,94,269,348,360,360,377,390,400,400,500,800,812,823,823],"floor_reached":20,"playtime":692,"items_purged":[],"score":178,"play_id":"6a4e388e-eecf-45b0-917d-3a7eae060ca8","local_time":"20190821143400","is_ascension_mode":false,"campfire_choices":[{"data":"Static Discharge","floor":6,"key":"SMITH"},{"floor":11,"key":"REST"},{"floor":15,"key":"REST"}],"neow_cost":"NONE","seed_source_timestamp":83824063699681,"circlet_count":0,"master_deck":["Strike_B","Strike_B","Strike_B","Strike_B","Defend_B","Defend_B","Defend_B","Defend_B","Zap+1","Dualcast","Static Discharge+1","Loop","BootSequence","Barrage","Seek","Doubt","Leap","Leap","Beam Cell","Hologram","Static Discharge","Storm","Buffer","Normality","Normality","Regret","Heatsinks+1","Fusion"],"relics":["Cracked Core","Dream Catcher","The Courier","Calling Bell","Ancient Tea Set","Question Card","Old Coin"],"potions_floor_usage":[16,16,16,20],"damage_taken":[{"damage":1,"enemies":"Jaw Worm","floor":1,"turns":2},{"damage":0,"enemies":"Cultist","floor":3,"turns":4},{"damage":0,"enemies":"Small Slimes","floor":4,"turns":3},{"damage":30,"enemies":"Gremlin Nob","floor":7,"turns":4},{"damage":5,"enemies":"2 Fungi Beasts","floor":10,"turns":4},{"damage":6,"enemies":"Large Slime","floor":12,"turns":4},{"damage":20,"enemies":"Red Slaver","floor":13,"turns":4},{"damage":13,"enemies":"2 Fungi Beasts","floor":14,"turns":3},{"damage":42,"enemies":"Slime Boss","floor":16,"turns":8},{"damage":48,"enemies":"Shell Parasite","floor":18,"turns":7},{"damage":17,"enemies":"Spheric Guardian","floor":19,"turns":4},{"damage":19,"enemies":"Snecko","floor":20,"turns":3}],"seed_played":"-6410752674729966246","potions_obtained":[{"floor":1,"key":"Regen Potion"},{"floor":7,"key":"FearPotion"},{"floor":10,"key":"SkillPotion"},{"floor":14,"key":"AttackPotion"},{"floor":16,"key":"Swift Potion"},{"floor":18,"key":"Regen Potion"}],"is_trial":false,"path_per_floor":["M","$","M","M","$","R","E","?","T","M","R","M","M","M","R","B",null,"M","M","M"],"character_chosen":"DEFECT","items_purchased":["Loop"],"campfire_rested":2,"item_purchase_floors":[2],"current_hp_per_floor":[74,74,74,74,74,74,44,44,44,39,61,55,35,22,44,17,75,27,10,0],"gold":823,"neow_bonus":"UPGRADE_CARD","is_prod":false,"is_daily":false,"chose_seed":false,"campfire_upgraded":1,"win_rate":0,"timestamp":1566369240,"path_taken":["M","$","M","M","$","R","E","?","T","M","R","M","M","M","R","BOSS","M","M","M"],"build_version":"2019-07-17","purchased_purges":0,"victory":false,"max_hp_per_floor":[75,75,75,75,75,75,75,75,75,75,75,75,75,75,75,75,75,75,75,75],"card_choices":[{"not_picked":["Turbo","Coolheaded"],"picked":"Static Discharge","floor":1},{"not_picked":["Cold Snap","Consume"],"picked":"BootSequence","floor":3},{"not_picked":["Blizzard","Ball Lightning"],"picked":"Barrage","floor":4},{"not_picked":["Steam Power","Heatsinks"],"picked":"Seek","floor":7},{"not_picked":["Redo","Compile Driver"],"picked":"Leap","floor":10},{"not_picked":["Redo","Compile Driver"],"picked":"Leap","floor":11},{"not_picked":["Leap","Thunder Strike"],"picked":"Beam Cell","floor":12},{"not_picked":["Scrape","Darkness"],"picked":"Hologram","floor":13},{"not_picked":["Barrage","Conserve Battery"],"picked":"Static Discharge","floor":14},{"not_picked":["Auto Shields","Steam"],"picked":"Storm","floor":15},{"not_picked":["Thunder Strike","Biased Cognition"],"picked":"Buffer","floor":16},{"not_picked":["Redo","Chaos","Lockon"],"picked":"Heatsinks+1","floor":18},{"not_picked":["Barrage","Conserve Battery","Gash+1"],"picked":"Fusion","floor":19}],"player_experience":239778,"relics_obtained":[{"floor":7,"key":"Dream Catcher"},{"floor":9,"key":"The Courier"},{"floor":17,"key":"Ancient Tea Set"},{"floor":17,"key":"Question Card"},{"floor":17,"key":"Old Coin"}],"event_choices":[{"damage_healed":0,"gold_gain":175,"player_choice":"AGREE","damage_taken":0,"max_hp_gain":0,"max_hp_loss":0,"event_name":"Liars Game","floor":8,"gold_loss":0,"cards_obtained":["Doubt"]}],"is_beta":false,"boss_relics":[{"not_picked":["Snecko Eye","Coffee Dripper"],"picked":"Calling Bell"}],"items_purged_floors":[],"is_endless":false,"potions_floor_spawned":[1,7,10,14,16,18],"killed_by":"Snecko","ascension_level":0}