{"gold_per_floor":[115,128,15,30,41,69,69,86,86,86,112,20,35,67,67,172,172,182,107,107,120,135,135,160,51,51,51,51,150,161,161,161,259,259,270,270,289,39,53,53,63,26,26,38,38,38,38,49,49,49],"floor_reached":50,"playtime":11999,"items_purged":["Clumsy","Decay"],"score":472,"play_id":"308045dc-f3e7-4128-8ab8-9c252408465a","local_time":"20181126005037","is_ascension_mode":false,"campfire_choices":[{"data":"Neutralize","floor":7.0,"key":"SMITH"},{"floor":10.0,"key":"REST"},{"floor":15.0,"key":"REST"},{"floor":23,"key":"REST"},{"data":"Footwork","floor":28,"key":"SMITH"},{"floor":32,"key":"REST"},{"data":"Sucker Punch","floor":40,"key":"SMITH"},{"floor":45,"key":"REST"},{"floor":47,"key":"RECALL"},{"floor":49,"key":"REST"}],"neow_cost":"CURSE","seed_source_timestamp":0,"circlet_count":0,"master_deck":["Defend_G","Defend_G","Defend_G","Defend_G","Defend_G","Strike_G","Strike_G","Strike_G","Survivor","Neutralize+1","Secret Technique","PanicButton","Backflip","Dagger Spray","Well Laid Plans","Backflip","Sucker Punch+1","Footwork+1","Tools of the Trade","Unload","Expertise","Terror","Dodge and Roll","Backstab","Noxious Fumes","Catalyst","Adrenaline","Prepared+1","Injury","Outmaneuver+1","Prepared+1","Underhanded Strike","Escape Plan"],"special_seed":0,"relics":["Ring of the Snake","Ice Cream","Bottled Tornado","Strawberry","Bottled Lightning","Cursed Key","Orichalcum","Nilry\u0027s Codex","Snake Skull"],"potions_floor_usage":[24,33,44,50],"damage_taken":[{"damage":0.0,"enemies":"Cultist","floor":1.0,"turns":5.0},{"damage":1.0,"enemies":"Jaw Worm","floor":2.0,"turns":9.0},{"damage":2.0,"enemies":"Small Slimes","floor":4.0,"turns":4.0},{"damage":10.0,"enemies":"Exordium Thugs","floor":5.0,"turns":7.0},{"damage":26.0,"enemies":"3 Sentries","floor":6.0,"turns":16.0},{"damage":0.0,"enemies":"Blue Slaver","floor":8.0,"turns":6.0},{"damage":0.0,"enemies":"2 Fungi Beasts","floor":13.0,"turns":4.0},{"damage":23.0,"enemies":"Gremlin Nob","floor":14.0,"turns":6.0},{"damage":52.0,"enemies":"Slime Boss","floor":16.0,"turns":19.0},{"damage":0,"enemies":"Chosen","floor":18,"turns":7},{"damage":17,"enemies":"Spheric Guardian","floor":21,"turns":10},{"damage":9,"enemies":"Snake Plant","floor":22,"turns":7},{"damage":3,"enemies":"Book of Stabbing","floor":24,"turns":8},{"damage":1,"enemies":"Cultist and Chosen","floor":30,"turns":9},{"damage":37,"enemies":"Champ","floor":33,"turns":15},{"damage":0,"enemies":"3 Shapes","floor":35,"turns":8},{"damage":7,"enemies":"Orb Walker","floor":37,"turns":6},{"damage":10,"enemies":"Spire Growth","floor":39,"turns":6},{"damage":1,"enemies":"4 Shapes","floor":41,"turns":7},{"damage":29,"enemies":"Jaw Worm Horde","floor":44,"turns":6},{"damage":0,"enemies":"Transient","floor":48,"turns":5},{"damage":91,"enemies":"Donu and Deca","floor":50,"turns":9}],"seed_played":"-3897184027317487919","potions_obtained":[{"floor":1.0,"key":"Dexterity Potion"},{"floor":4.0,"key":"SkillPotion"},{"floor":6.0,"key":"SpeedPotion"},{"floor":24,"key":"Dexterity Potion"},{"floor":39,"key":"AttackPotion"},{"floor":44,"key":"LiquidBronze"}],"is_trial":false,"path_per_floor":["M","M","$","M","M","E","R","M","T","R","T","$","M","E","R","B",null,"M","?","?","M","M","R","E","$","T","$","R","?","M","?","R","B",null,"M","?","M","$","M","R","M","$","T","M","R","?","R","M","R","B"],"character_chosen":"THE_SILENT","items_purchased":["Well Laid Plans","Footwork","Dexterity Potion","Noxious Fumes","Catalyst","Snake Skull","Escape Plan"],"campfire_rested":6,"item_purchase_floors":[3,12,12,25,25,38,42],"current_hp_per_floor":[70,69,69,67,57,31,31,31,31,52,59,59,59,36,59,7,77,77,77,77,60,51,74,71,71,71,71,71,71,70,54,77,40,77,77,77,70,70,60,60,59,59,59,30,53,53,53,53,76,0],"gold":49,"neow_bonus":"RANDOM_COLORLESS_2","is_prod":false,"is_daily":false,"chose_seed":false,"campfire_upgraded":3,"win_rate":0,"timestamp":1543218637,"path_taken":["M","M","$","M","M","E","R","M","T","R","?","$","M","E","R","BOSS","M","?","?","M","M","R","E","$","T","$","R","?","M","?","R","BOSS","M","?","M","?","?","R","M","$","T","M","R","?","R","M","R","BOSS"],"build_version":"2018-11-15","purchased_purges":2,"victory":false,"max_hp_per_floor":[70,70,70,70,70,70,70,70,70,70,77,77,77,77,77,77,77,77,77,77,77,77,77,77,77,77,77,77,77,77,77,77,77,77,77,77,77,77,77,77,77,77,77,77,77,77,77,77,77,77],"card_choices":[{"not_picked":["Sucker Punch","Distraction"],"picked":"Backflip","floor":1.0},{"not_picked":["Choke","Acrobatics"],"picked":"Dagger Spray","floor":2.0},{"not_picked":["Expertise","Slice","Caltrops"],"picked":"SKIP","floor":4.0},{"not_picked":["Dodge and Roll","Backstab"],"picked":"Backflip","floor":5.0},{"not_picked":["Deflect","Setup","Dagger Spray"],"picked":"SKIP","floor":6.0},{"not_picked":["Outmaneuver","Backflip"],"picked":"Sucker Punch","floor":8.0},{"not_picked":["Sucker Punch","Quick Slash"],"picked":"Tools of the Trade","floor":13.0},{"not_picked":["Caltrops","Bane","Cloak And Dagger"],"picked":"SKIP","floor":14.0},{"not_picked":["Wraith Form v2","Tools of the Trade"],"picked":"Unload","floor":16.0},{"not_picked":["Infinite Blades","Accuracy"],"picked":"Expertise","floor":18},{"not_picked":["Deadly Poison","Acrobatics+1"],"picked":"Terror","floor":21},{"not_picked":["Prepared","Expertise+1"],"picked":"Dodge and Roll","floor":22},{"not_picked":["Expertise","Poisoned Stab+1"],"picked":"Backstab","floor":24},{"not_picked":["Heel Hook+1","Acrobatics","Backflip+1"],"picked":"SKIP","floor":30},{"not_picked":["Envenom","Doppelganger"],"picked":"Adrenaline","floor":33},{"not_picked":["Expertise+1","Quick Slash+1"],"picked":"Prepared+1","floor":35},{"not_picked":["Sucker Punch+1","Prepared"],"picked":"Outmaneuver+1","floor":37},{"not_picked":["Choke+1","Backstab+1"],"picked":"Prepared+1","floor":39},{"not_picked":["Slice","Accuracy+1"],"picked":"Underhanded Strike","floor":41},{"not_picked":["Prepared","Cloak And Dagger","Outmaneuver+1"],"picked":"SKIP","floor":44},{"not_picked":["Die Die Die","Flying Knee+1","Flechettes"],"picked":"SKIP","floor":48}],"player_experience":1341697,"relics_obtained":[{"floor":6.0,"key":"Ice Cream"},{"floor":9.0,"key":"Bottled Tornado"},{"floor":11.0,"key":"Strawberry"},{"floor":14.0,"key":"Bottled Lightning"},{"floor":24,"key":"Orichalcum"},{"floor":31,"key":"Nilry\u0027s Codex"}],"event_choices":[{"cards_removed":["Strike_G"],"damage_healed":0,"gold_gain":0,"player_choice":"Gave Gold","damage_taken":0,"max_hp_gain":0,"max_hp_loss":0,"event_name":"Beggar","floor":19,"gold_loss":75},{"damage_healed":0,"gold_gain":0,"player_choice":"Smashed Altar","damage_taken":0,"max_hp_gain":0,"max_hp_loss":0,"event_name":"Forgotten Altar","floor":20,"gold_loss":0,"cards_obtained":["Decay"]},{"damage_healed":0,"gold_gain":99,"player_choice":"Stole From Cult","damage_taken":0,"max_hp_gain":0,"max_hp_loss":0,"event_name":"Nest","floor":29,"gold_loss":0},{"damage_healed":0,"gold_gain":0,"player_choice":"Obtained Book","damage_taken":16,"max_hp_gain":0,"max_hp_loss":0,"event_name":"Cursed Tome","floor":31,"gold_loss":0},{"damage_healed":0,"gold_gain":0,"cards_transformed":["Normality"],"player_choice":"Transformed","damage_taken":0,"max_hp_gain":0,"max_hp_loss":0,"event_name":"Transmorgrifier","floor":36,"gold_loss":0,"cards_obtained":["Injury"]},{"cards_removed":["Strike_G"],"damage_healed":0,"gold_gain":0,"player_choice":"Removed Attack","damage_taken":0,"max_hp_gain":0,"max_hp_loss":0,"event_name":"Falling","floor":46,"gold_loss":0}],"is_beta":false,"boss_relics":[{"not_picked":["Sozu","Ring of the Serpent"],"picked":"Cursed Key"},{"not_picked":["Snecko Eye","Runic Dome","HoveringKite"]}],"items_purged_floors":[3,38],"is_endless":false,"potions_floor_spawned":[1,4,6,24,39,44],"killed_by":"Donu and Deca","ascension_level":0}