{"gold_per_floor":[119,119,130,146,43,43,77,77,77,105,124,140,140,140,140,243,243,258,258,258,258,16,16,50,63,137,137,64,83,83,83,83,180,180,192,215,225,46,46,46,64,64],"floor_reached":42,"playtime":11596,"items_purged":["Regret","Normality"],"score":651,"play_id":"b75aea7c-7f38-4888-b85b-712f8290c541","local_time":"20190808005744","is_ascension_mode":true,"campfire_choices":[{"data":"Neutralize","floor":6.0,"key":"SMITH"},{"data":"Burst","floor":8.0,"key":"SMITH"},{"floor":13.0,"key":"REST"},{"floor":15.0,"key":"REST"},{"data":"Catalyst","floor":23,"key":"SMITH"},{"floor":27,"key":"REST"},{"floor":32,"key":"REST"},{"floor":40,"key":"REST"}],"neow_cost":"NONE","seed_source_timestamp":0,"circlet_count":0,"master_deck":["Strike_G","Strike_G","Strike_G","Strike_G","Strike_G","Defend_G","Defend_G","Defend_G","Defend_G","Defend_G","Survivor","Neutralize+1","Leg Sweep+1","Noxious Fumes","Bane","Burst+1","Backflip","Crippling Poison","Catalyst+1","Doubt","Clumsy","Dodge and Roll","Terror","Sucker Punch","Prepared+1","Leg Sweep","Burst","Backstab+1","Heel Hook+1","Footwork","Finesse","Writhe"],"special_seed":0,"relics":["Ring of the Snake","Sundial","Blood Vial","Lantern","Calling Bell","Bag of Marbles","Ornamental Fan","Gambling Chip","Juzu Bracelet","Bottled Tornado","Bag of Preparation","Cursed Key","Smiling Mask"],"potions_floor_usage":[24,29,31,33,33,33,33,33,42],"damage_taken":[{"damage":3.0,"enemies":"Small Slimes","floor":1.0,"turns":6.0},{"damage":2.0,"enemies":"Cultist","floor":3.0,"turns":4.0},{"damage":0.0,"enemies":"Jaw Worm","floor":4.0,"turns":10.0},{"damage":14.0,"enemies":"Gremlin Nob","floor":7.0,"turns":5.0},{"damage":23.0,"enemies":"Lagavulin","floor":10.0,"turns":13.0},{"damage":0.0,"enemies":"Looter","floor":11.0,"turns":4.0},{"damage":0.0,"enemies":"2 Fungi Beasts","floor":12.0,"turns":4.0},{"damage":69.0,"enemies":"Slime Boss","floor":16.0,"turns":12.0},{"damage":14,"enemies":"Spheric Guardian","floor":18,"turns":7},{"damage":51,"enemies":"Slavers","floor":24,"turns":8},{"damage":0,"enemies":"3 Byrds","floor":25,"turns":4},{"damage":0,"enemies":"Snake Plant","floor":29,"turns":3},{"damage":0,"enemies":"3 Cultists","floor":31,"turns":3},{"damage":76,"enemies":"Automaton","floor":33,"turns":14},{"damage":46,"enemies":"3 Darklings","floor":35,"turns":7},{"damage":0,"enemies":"3 Shapes","floor":37,"turns":7},{"damage":45,"enemies":"Writhing Mass","floor":41,"turns":8},{"damage":41,"enemies":"Giant Head","floor":42,"turns":6}],"seed_played":"6851333777618965169","potions_obtained":[{"floor":0.0,"key":"Explosive Potion"},{"floor":0.0,"key":"SteroidPotion"},{"floor":0.0,"key":"SmokeBomb"},{"floor":1.0,"key":"Poison Potion"},{"floor":7.0,"key":"GhostInAJar"},{"floor":18,"key":"Explosive Potion"},{"floor":25,"key":"Fire Potion"},{"floor":29,"key":"EssenceOfSteel"},{"floor":41,"key":"Dexterity Potion"}],"is_trial":false,"path_per_floor":["M","?","M","M","$","R","E","R","T","E","M","M","R","?","R","B",null,"M","?","?","?","$","R","E","M","T","R","?","M","$","M","R","B",null,"M","T","M","$","?","R","M","E"],"character_chosen":"THE_SILENT","items_purchased":["Noxious Fumes","Bane","Terror","EntropicBrew","Footwork","Finesse"],"campfire_rested":5,"item_purchase_floors":[5,5,22,22,38,38],"current_hp_per_floor":[60,60,58,58,58,58,44,44,44,23,25,27,48,48,69,1,53,41,41,41,80,80,80,29,31,31,55,55,57,57,59,80,4,61,17,17,19,19,39,63,20,0],"gold":64,"neow_bonus":"THREE_SMALL_POTIONS","is_prod":false,"is_daily":false,"chose_seed":false,"campfire_upgraded":3,"win_rate":0,"timestamp":1565247464,"path_taken":["M","?","?","M","$","R","E","R","T","E","M","M","R","?","R","BOSS","BOSS","M","?","?","?","$","R","E","M","T","R","?","M","$","M","R","BOSS","M","?","M","$","?","R","M","E"],"build_version":"2019-07-17","purchased_purges":2,"victory":false,"max_hp_per_floor":[70,70,70,70,70,70,70,70,70,70,70,70,70,70,70,70,70,70,70,70,80,80,80,80,80,80,80,80,80,80,80,80,80,80,80,80,80,80,80,80,80,80],"card_choices":[{"not_picked":["Dodge and Roll","PiercingWail"],"picked":"Leg Sweep","floor":1.0},{"not_picked":["Heel Hook","Deflect","Slice"],"picked":"SKIP","floor":3.0},{"not_picked":["Distraction","Dagger Spray","Eviscerate"],"picked":"SKIP","floor":4.0},{"not_picked":["Dodge and Roll","Dagger Throw"],"picked":"Burst","floor":7.0},{"not_picked":["PiercingWail","Choke"],"picked":"Backflip","floor":10.0},{"not_picked":["Bane","Escape Plan"],"picked":"Crippling Poison","floor":11.0},{"not_picked":["Cloak And Dagger","Dagger Spray"],"picked":"Catalyst","floor":12.0},{"not_picked":["Doppelganger","Phantasmal Killer"],"picked":"Wraith Form v2","floor":16},{"not_picked":["Bouncing Flask","Slice"],"picked":"Dodge and Roll","floor":18},{"not_picked":["Infinite Blades","Noxious Fumes"],"picked":"Sucker Punch","floor":24},{"not_picked":["Heel Hook","Dagger Spray"],"picked":"Prepared+1","floor":25},{"not_picked":["Expertise","Poisoned Stab"],"picked":"Leg Sweep","floor":29},{"not_picked":["Glass Knife","Doppelganger"],"picked":"Burst","floor":33},{"not_picked":["Deadly Poison+1","Bane"],"picked":"Backstab+1","floor":35},{"not_picked":["Reflex","Outmaneuver"],"picked":"Heel Hook+1","floor":37},{"not_picked":["Poisoned Stab","Riddle With Holes+1","Backstab+1"],"picked":"SKIP","floor":41}],"player_experience":2154611,"relics_obtained":[{"floor":7.0,"key":"Sundial"},{"floor":9.0,"key":"Blood Vial"},{"floor":10.0,"key":"Lantern"},{"floor":17,"key":"Bag of Marbles"},{"floor":17,"key":"Ornamental Fan"},{"floor":17,"key":"Gambling Chip"},{"floor":24,"key":"Juzu Bracelet"},{"floor":26,"key":"Bottled Tornado"},{"floor":36,"key":"Smiling Mask"}],"event_choices":[{"damage_healed":0.0,"max_hp_gain":0.0,"max_hp_loss":0.0,"gold_gain":0.0,"event_name":"Upgrade Shrine","player_choice":"Upgraded","floor":2.0,"gold_loss":0.0,"damage_taken":0.0,"cards_upgraded":["Leg Sweep"]},{"damage_healed":0.0,"max_hp_gain":0.0,"max_hp_loss":0.0,"gold_gain":0.0,"event_name":"Scrap Ooze","player_choice":"Fled","floor":14.0,"gold_loss":0.0,"damage_taken":0.0},{"damage_healed":0,"gold_gain":0,"player_choice":"Ignored","damage_taken":0,"max_hp_gain":0,"max_hp_loss":0,"event_name":"The Mausoleum","floor":19,"gold_loss":0},{"damage_healed":0,"gold_gain":0,"player_choice":"Ignored","damage_taken":0,"max_hp_gain":0,"max_hp_loss":0,"event_name":"Cursed Tome","floor":20,"gold_loss":0},{"cards_removed":["Wraith Form v2"],"damage_healed":29,"gold_gain":0,"player_choice":"Offered Rare","damage_taken":0,"max_hp_gain":10,"max_hp_loss":0,"event_name":"Bonfire Elementals","floor":21,"gold_loss":0},{"damage_healed":0,"gold_gain":0,"player_choice":"Paid Gold","damage_taken":0,"relics_obtained":["Bag of Preparation"],"max_hp_gain":0,"max_hp_loss":0,"event_name":"WeMeetAgain","floor":28,"gold_loss":73},{"damage_healed":20,"gold_gain":0,"player_choice":"Writhe","damage_taken":0,"max_hp_gain":0,"max_hp_loss":0,"event_name":"Winding Halls","floor":39,"gold_loss":0,"cards_obtained":["Writhe"]}],"is_beta":false,"boss_relics":[{"not_picked":["WristBlade","Philosopher\u0027s Stone"],"picked":"Calling Bell"},{"not_picked":["Astrolabe","Tiny House"],"picked":"Cursed Key"}],"items_purged_floors":[22,38],"is_endless":false,"potions_floor_spawned":[1,3,7,18,25,29,41],"killed_by":"Giant Head","ascension_level":9}