{"gold_per_floor":[115,290,290,306,306,337,35,35,35,49,49,68,18,35,35,136,136,120,138,138,150,165,165,165],"floor_reached":24,"playtime":953,"items_purged":[],"score":223,"play_id":"a70abbfe-8dbd-4e39-83e5-2b8548ebe344","local_time":"20190814153450","is_ascension_mode":false,"campfire_choices":[{"floor":8,"key":"REST"},{"floor":15,"key":"REST"},{"data":"After Image","floor":23,"key":"SMITH"}],"neow_cost":"NONE","seed_source_timestamp":813535990464877,"circlet_count":0,"master_deck":["Strike_G","Strike_G","Strike_G","Strike_G","Strike_G","Defend_G+1","Defend_G+1","Defend_G","Defend_G","Defend_G","Survivor","Neutralize","Escape Plan","Prepared","After Image+1","Noxious Fumes","Cloak And Dagger","Blade Dance","Blur","Envenom","Noxious Fumes+1","Finisher","Catalyst+1","Cloak And Dagger+1"],"relics":["Ring of the Snake","NeowsBlessing","Orichalcum","War Paint","Sling","Dodecahedron","WristBlade"],"potions_floor_usage":[16,24],"damage_taken":[{"damage":0,"enemies":"Small Slimes","floor":1,"turns":1},{"damage":0,"enemies":"2 Louse","floor":4,"turns":1},{"damage":0,"enemies":"Lagavulin","floor":6,"turns":1},{"damage":0,"enemies":"Jaw Worm","floor":10,"turns":4},{"damage":5,"enemies":"Exordium Thugs","floor":12,"turns":9},{"damage":0,"enemies":"2 Fungi Beasts","floor":14,"turns":5},{"damage":14,"enemies":"The Guardian","floor":16,"turns":14},{"damage":1,"enemies":"2 Thieves","floor":18,"turns":4},{"damage":4,"enemies":"Spheric Guardian","floor":19,"turns":6},{"damage":14,"enemies":"Centurion and Healer","floor":21,"turns":8},{"damage":54,"enemies":"3 Cultists","floor":22,"turns":7},{"damage":5,"enemies":"Snake Plant","floor":24,"turns":2}],"seed_played":"-7782315140306689446","potions_obtained":[{"floor":6,"key":"LiquidBronze"},{"floor":10,"key":"SneckoOil"},{"floor":21,"key":"GamblersBrew"}],"is_trial":false,"path_per_floor":["M","?","?","M","?","E","$","R","T","M","$","M","?","M","R","B",null,"M","M","?","M","M","R","M"],"character_chosen":"THE_SILENT","items_purchased":["Sling","Noxious Fumes","Cloak And Dagger"],"campfire_rested":2,"item_purchase_floors":[7,7,7],"current_hp_per_floor":[70,70,58,58,63,63,63,75,75,75,75,70,70,70,75,61,75,74,70,75,61,7,7,2],"gold":165,"neow_bonus":"THREE_ENEMY_KILL","is_prod":false,"is_daily":false,"chose_seed":false,"campfire_upgraded":1,"win_rate":0,"timestamp":1565768090,"path_taken":["M","?","?","M","?","E","?","R","T","M","$","?","?","M","R","BOSS","M","M","?","M","M","R","M"],"build_version":"2019-07-17","purchased_purges":0,"victory":false,"max_hp_per_floor":[70,70,70,70,75,75,75,75,75,75,75,75,75,75,75,75,75,75,75,75,75,75,75,75],"card_choices":[{"not_picked":["Underhanded Strike","Cloak And Dagger"],"picked":"Escape Plan","floor":1},{"not_picked":["Flying Knee","Deadly Poison"],"picked":"Prepared","floor":4},{"not_picked":["Eviscerate","Blur"],"picked":"After Image","floor":6},{"not_picked":["All Out Attack","Sucker Punch","Slice"],"picked":"SKIP","floor":10},{"not_picked":["Reflex","Underhanded Strike"],"picked":"Blade Dance","floor":12},{"not_picked":["Backflip","Dagger Spray"],"picked":"Blur","floor":14},{"not_picked":["Venomology","Grand Finale"],"picked":"Envenom","floor":16},{"not_picked":["Dagger Spray","Flying Knee"],"picked":"Noxious Fumes+1","floor":18},{"not_picked":["Poisoned Stab","Dodge and Roll+1"],"picked":"Finisher","floor":19},{"not_picked":["Quick Slash+1","Noxious Fumes"],"picked":"Catalyst+1","floor":21},{"not_picked":["Poisoned Stab+1","Underhanded Strike"],"picked":"Cloak And Dagger+1","floor":22}],"player_experience":198031,"relics_obtained":[{"floor":6,"key":"War Paint"},{"floor":9,"key":"Dodecahedron"}],"event_choices":[{"damage_healed":0,"gold_gain":175,"player_choice":"AGREE","damage_taken":0,"max_hp_gain":0,"max_hp_loss":0,"event_name":"Liars Game","floor":2,"gold_loss":0,"cards_obtained":["Doubt"]},{"damage_healed":0,"gold_gain":0,"player_choice":"Success","damage_taken":12,"relics_obtained":["Orichalcum"],"max_hp_gain":0,"max_hp_loss":0,"event_name":"Scrap Ooze","floor":3,"gold_loss":0},{"damage_healed":0,"gold_gain":0,"player_choice":"Donut","damage_taken":0,"max_hp_gain":5,"max_hp_loss":0,"event_name":"Big Fish","floor":5,"gold_loss":0},{"cards_removed":["Doubt"],"damage_healed":0,"gold_gain":0,"player_choice":"Card Removal","damage_taken":0,"max_hp_gain":0,"max_hp_loss":0,"event_name":"The Cleric","floor":13,"gold_loss":50},{"damage_healed":5,"gold_gain":0,"player_choice":"Full Heal","damage_taken":0,"max_hp_gain":0,"max_hp_loss":0,"event_name":"Wheel of Change","floor":20,"gold_loss":0}],"is_beta":false,"boss_relics":[{"not_picked":["Philosopher\u0027s Stone","Busted Crown"],"picked":"WristBlade"}],"items_purged_floors":[],"is_endless":false,"potions_floor_spawned":[6,10,21],"killed_by":"Snake Plant","ascension_level":0}