{"gold_per_floor":[114,129,144,144,69,69,99,114,114,129,144,159,159,174,174,274,274,289,304,304,319,334,334],"floor_reached":23,"playtime":1510,"items_purged":["Catalyst"],"score":249,"play_id":"9eb08dae-1281-4c7e-afa3-25fe7be2b2cb","local_time":"20190411192306","daily_mods":["Draft","Uncertain Future","Binary"],"is_ascension_mode":false,"campfire_choices":[{"data":"Tactician","floor":6,"key":"SMITH"},{"floor":15,"key":"DIG"}],"neow_cost":"","seed_source_timestamp":0,"circlet_count":0,"master_deck":["Backflip","Deflect","Tactician+1","Backflip","Cloak And Dagger","Dodge and Roll","Acrobatics+1","Prepared","Dagger Throw","Dash","Quick Slash","Blade Dance","Caltrops","Blade Dance","All Out Attack","Dagger Spray","Underhanded Strike","Prepared","Endless Agony","Night Terror","Leg Sweep","Underhanded Strike","Caltrops+1"],"special_seed":17997,"relics":["Ring of the Snake","FaceOfCleric","Shovel","Tough Bandages","WristBlade"],"potions_floor_usage":[16,16,22,23,23,23],"damage_taken":[{"damage":0,"enemies":"Cultist","floor":1,"turns":3},{"damage":1,"enemies":"Jaw Worm","floor":2,"turns":3},{"damage":0,"enemies":"2 Louse","floor":3,"turns":3},{"damage":29,"enemies":"3 Sentries","floor":7,"turns":11},{"damage":0,"enemies":"Blue Slaver","floor":8,"turns":3},{"damage":16,"enemies":"Gremlin Gang","floor":10,"turns":3},{"damage":0,"enemies":"2 Fungi Beasts","floor":11,"turns":3},{"damage":5,"enemies":"Exordium Thugs","floor":12,"turns":4},{"damage":0,"enemies":"3 Louse","floor":14,"turns":2},{"damage":0,"enemies":"Hexaghost","floor":16,"turns":8},{"damage":23,"enemies":"2 Thieves","floor":18,"turns":3},{"damage":0,"enemies":"Chosen","floor":19,"turns":5},{"damage":5,"enemies":"Shelled Parasite and Fungi","floor":21,"turns":6},{"damage":2,"enemies":"Snecko","floor":22,"turns":5},{"damage":51,"enemies":"Slavers","floor":23,"turns":3}],"seed_played":"6366022716300994326","potions_obtained":[{"floor":7,"key":"Swift Potion"},{"floor":10,"key":"Poison Potion"},{"floor":11,"key":"Ancient Potion"},{"floor":16,"key":"Dexterity Potion"},{"floor":19,"key":"LiquidBronze"},{"floor":22,"key":"PowerPotion"}],"is_trial":false,"path_per_floor":["M","M","M","?","$","R","E","M","T","M","M","M","?","M","R","B",null,"M","M","?","M","M","E"],"character_chosen":"THE_SILENT","items_purchased":[],"campfire_rested":0,"item_purchase_floors":[],"current_hp_per_floor":[70,69,69,69,69,69,41,42,42,27,28,24,24,25,25,26,77,55,56,56,52,51,0],"gold":334,"neow_bonus":"","is_prod":false,"is_daily":true,"chose_seed":false,"campfire_upgraded":1,"win_rate":0.0,"timestamp":1554981786,"path_taken":["M","M","M","?","$","R","E","M","T","M","?","M","?","M","R","BOSS","M","?","?","M","M","E"],"build_version":"2019-01-23","purchased_purges":1,"victory":false,"max_hp_per_floor":[70,70,70,70,70,70,71,72,72,73,74,75,75,76,76,77,77,78,79,79,80,81,81],"card_choices":[{"not_picked":["Underhanded Strike","Prepared"],"picked":"Backflip","floor":0},{"not_picked":["Outmaneuver","Sucker Punch"],"picked":"Deflect","floor":0},{"not_picked":["PiercingWail","Deadly Poison"],"picked":"Outmaneuver","floor":0},{"not_picked":["Dagger Throw","Reflex"],"picked":"Tactician","floor":0},{"not_picked":["Dodge and Roll","Sucker Punch"],"picked":"Backflip","floor":0},{"not_picked":["Outmaneuver","Quick Slash"],"picked":"Cloak And Dagger","floor":0},{"not_picked":["Backflip","Heel Hook"],"picked":"Dodge and Roll","floor":0},{"not_picked":["Sucker Punch","Underhanded Strike"],"picked":"Acrobatics","floor":0},{"not_picked":["Cloak And Dagger","Bane"],"picked":"Prepared","floor":0},{"not_picked":["Prepared","Sucker Punch"],"picked":"Dagger Throw","floor":0},{"not_picked":["Quick Slash","Deadly Poison"],"picked":"Dash","floor":0},{"not_picked":["Heel Hook","PiercingWail"],"picked":"Catalyst","floor":0},{"not_picked":["Bane","Reflex"],"picked":"Quick Slash","floor":0},{"not_picked":["Well Laid Plans","Blur"],"picked":"Blade Dance","floor":0},{"not_picked":["Underhanded Strike","Prepared"],"picked":"Caltrops","floor":0},{"not_picked":["Terror"],"picked":"Blade Dance","floor":1},{"not_picked":["Dodge and Roll","Poisoned Stab"],"picked":"SKIP","floor":2},{"not_picked":["Predator","Setup"],"picked":"SKIP","floor":3},{"not_picked":["Poisoned Stab"],"picked":"All Out Attack","floor":7},{"not_picked":["Flying Knee"],"picked":"Dagger Spray","floor":8},{"not_picked":["Finisher","Outmaneuver"],"picked":"SKIP","floor":10},{"not_picked":["Reflex"],"picked":"Underhanded Strike","floor":11},{"not_picked":["Bouncing Flask","Caltrops"],"picked":"SKIP","floor":12},{"not_picked":["Backflip"],"picked":"Endless Agony","floor":14},{"not_picked":["Die Die Die"],"picked":"Night Terror","floor":16},{"not_picked":["Caltrops"],"picked":"Leg Sweep","floor":18},{"not_picked":["Slice"],"picked":"Underhanded Strike","floor":19},{"not_picked":["Dodge and Roll"],"picked":"Caltrops+1","floor":21},{"not_picked":["Finisher","Acrobatics"],"picked":"SKIP","floor":22}],"player_experience":31579,"relics_obtained":[{"floor":7,"key":"Shovel"},{"floor":15,"key":"Tough Bandages"}],"event_choices":[{"damage_healed":0,"gold_gain":0,"player_choice":"Trade","damage_taken":0,"relics_obtained":["FaceOfCleric"],"max_hp_gain":0,"max_hp_loss":0,"event_name":"FaceTrader","floor":4,"gold_loss":0},{"damage_healed":0,"gold_gain":0,"cards_transformed":["Outmaneuver"],"player_choice":"Transformed","damage_taken":0,"max_hp_gain":0,"max_hp_loss":0,"event_name":"Transmorgrifier","floor":13,"gold_loss":0,"cards_obtained":["Prepared"]},{"damage_healed":0,"gold_gain":0,"player_choice":"Upgraded","damage_taken":0,"max_hp_gain":0,"max_hp_loss":0,"event_name":"Upgrade Shrine","floor":20,"gold_loss":0,"cards_upgraded":["Acrobatics"]}],"is_beta":false,"boss_relics":[{"not_picked":["Runic Pyramid","Snecko Eye"],"picked":"WristBlade"}],"items_purged_floors":[5],"is_endless":false,"potions_floor_spawned":[7,10,11,16,19,22],"killed_by":"Slavers","ascension_level":0}