{"gold_per_floor":[111,111,62,82,98,98,118,144,144,45,73,73,89,104,104,202,202,220,145,60,34,34,98,98,98],"floor_reached":25,"playtime":823,"items_purged":["Strike_R"],"score":240,"play_id":"f694bd8f-8cb5-4048-af01-b07ca596b5cb","local_time":"20190418163438","is_ascension_mode":true,"campfire_choices":[{"data":"Pommel Strike","floor":6,"key":"SMITH"},{"data":"Bash","floor":12,"key":"SMITH"},{"data":"Sword Boomerang","floor":15,"key":"SMITH"},{"data":"Armaments","floor":24,"key":"SMITH"}],"neow_cost":"NONE","seed_source_timestamp":193782028376754,"circlet_count":0,"master_deck":["Strike_R","Strike_R","Strike_R","Defend_R","Defend_R","Defend_R","Defend_R","Bash+1","Pummel+1","Shrug It Off","Pommel Strike+1","Anger","Juggernaut","Armaments+1","Cleave","Rampage","Sword Boomerang+1","Berserk","Flex","Perfected Strike+1"],"relics":["Burning Blood","NeowsBlessing","Red Skull","Dodecahedron","Question Card","Black Star","Molten Egg 2","Singing Bowl","Tiny Chest","Omamori"],"potions_floor_usage":[8,16,16,16,18],"damage_taken":[{"damage":0,"enemies":"2 Louse","floor":1,"turns":1},{"damage":0,"enemies":"Jaw Worm","floor":4,"turns":1},{"damage":0,"enemies":"Small Slimes","floor":5,"turns":1},{"damage":10,"enemies":"Looter","floor":7,"turns":3},{"damage":13,"enemies":"Lagavulin","floor":8,"turns":6},{"damage":27,"enemies":"Gremlin Nob","floor":11,"turns":4},{"damage":8,"enemies":"Red Slaver","floor":13,"turns":2},{"damage":0,"enemies":"3 Louse","floor":14,"turns":3},{"damage":37,"enemies":"Hexaghost","floor":16,"turns":8},{"damage":33,"enemies":"2 Thieves","floor":18,"turns":5},{"damage":35,"enemies":"Gremlin Leader","floor":23,"turns":6},{"damage":34,"enemies":"Book of Stabbing","floor":25,"turns":4}],"seed_played":"-6905864684947207350","potions_obtained":[{"floor":5,"key":"EssenceOfSteel"},{"floor":7,"key":"FearPotion"},{"floor":11,"key":"Weak Potion"},{"floor":14,"key":"SkillPotion"},{"floor":16,"key":"Ancient Potion"}],"is_trial":false,"path_per_floor":["M","?","$","M","M","R","M","E","T","$","E","R","M","M","R","B",null,"M","?","?","$","T","E","R","E"],"character_chosen":"IRONCLAD","items_purchased":["Shrug It Off","Cleave","Perfected Strike+1"],"campfire_rested":0,"item_purchase_floors":[3,10,21],"current_hp_per_floor":[80,80,80,80,80,80,76,69,69,69,48,48,46,52,52,21,80,53,53,53,53,53,26,26,0],"gold":98,"neow_bonus":"THREE_ENEMY_KILL","is_prod":false,"is_daily":false,"chose_seed":false,"campfire_upgraded":4,"win_rate":0,"timestamp":1555576478,"path_taken":["M","?","$","M","M","R","M","E","T","$","E","R","M","M","R","BOSS","M","?","?","$","?","E","R","E"],"build_version":"2019-01-23","purchased_purges":1,"victory":false,"max_hp_per_floor":[80,80,80,80,80,80,80,80,80,80,80,80,80,80,80,80,80,80,80,80,80,80,82,82,82],"card_choices":[{"not_picked":["Sword Boomerang","Twin Strike"],"picked":"Pummel","floor":1},{"not_picked":["Uppercut","Perfected Strike"],"picked":"Pommel Strike","floor":4},{"not_picked":["Body Slam","Clothesline"],"picked":"Anger","floor":5},{"not_picked":["Cleave","Clash"],"picked":"Juggernaut","floor":7},{"not_picked":["Dropkick","Juggernaut"],"picked":"Armaments","floor":8},{"not_picked":["Sword Boomerang","Wild Strike","Reckless Charge"],"picked":"SKIP","floor":11},{"not_picked":["Iron Wave","Hemokinesis","Anger"],"picked":"Rampage","floor":13},{"not_picked":["Iron Wave","Cleave","Wild Strike"],"picked":"Sword Boomerang","floor":14},{"not_picked":["Demon Form","Fiend Fire","Reaper"],"picked":"Berserk","floor":16},{"not_picked":["Clothesline","Iron Wave","Pommel Strike"],"picked":"Flex","floor":18},{"not_picked":["True Grit","Intimidate","Warcry","Headbutt+1"],"picked":"Singing Bowl","floor":23}],"player_experience":65102,"relics_obtained":[{"floor":8,"key":"Red Skull"},{"floor":9,"key":"Dodecahedron"},{"floor":11,"key":"Question Card"},{"floor":22,"key":"Singing Bowl"},{"floor":23,"key":"Tiny Chest"},{"floor":23,"key":"Omamori"}],"event_choices":[{"damage_healed":0,"gold_gain":0,"player_choice":"Grow","damage_taken":0,"max_hp_gain":0,"max_hp_loss":0,"event_name":"Living Wall","floor":2,"gold_loss":0,"cards_upgraded":["Pummel"]},{"cards_removed":["Strike_R"],"damage_healed":0,"gold_gain":0,"player_choice":"Gave Gold","damage_taken":0,"max_hp_gain":0,"max_hp_loss":0,"event_name":"Beggar","floor":19,"gold_loss":75},{"damage_healed":0,"gold_gain":0,"player_choice":"Obtained Relic","damage_taken":0,"relics_obtained":["Molten Egg 2"],"max_hp_gain":0,"max_hp_loss":0,"event_name":"Addict","floor":20,"gold_loss":85}],"is_beta":false,"boss_relics":[{"not_picked":["Calling Bell","Mark of Pain"],"picked":"Black Star"}],"items_purged_floors":[10],"is_endless":false,"potions_floor_spawned":[5,7,11,14,16],"killed_by":"Book of Stabbing","ascension_level":1}