{"gold_per_floor":[113,128,128,139,158,158,183,183,183,12,46,46,63,63,63,168,168,178,268,286,286,211,211,228,228,277,13,13,25,38,13,13,13],"floor_reached":33,"playtime":2300,"items_purged":["Strike_B","Doubt"],"score":255,"play_id":"72b7bccd-7d68-4232-9974-fd8c66881ef0","local_time":"20181117010543","is_ascension_mode":false,"campfire_choices":[{"data":"Zap","floor":6,"key":"SMITH"},{"data":"Seek","floor":8,"key":"SMITH"},{"data":"Hologram","floor":12,"key":"SMITH"},{"data":"Gash","floor":15,"key":"SMITH"},{"floor":23,"key":"REST"},{"data":"Multi-Cast","floor":25,"key":"SMITH"},{"floor":32,"key":"REST"}],"neow_cost":"NONE","seed_source_timestamp":8042546896617217,"circlet_count":0,"master_deck":["Strike_B+1","Strike_B+1","Strike_B+1","Defend_B+1","Defend_B+1","Defend_B+1","Defend_B+1","Zap+1","Dualcast","Biased Cognition+1","Coolheaded","Sweeping Beam","Seek+1","Hologram+1","Gash+1","Leap","Multi-Cast+1","Gash","Enlightenment","Purity","PanicButton","Rebound","Parasite","Go for the Eyes","BootSequence+1"],"relics":["Cracked Core","Bottled Lightning","Mercury Hourglass","PreservedInsect","Turnip","Cursed Key","Calipers","Orichalcum","Membership Card"],"potions_floor_usage":[7,20,33],"damage_taken":[{"damage":0,"enemies":"Small Slimes","floor":1,"turns":4},{"damage":0,"enemies":"Cultist","floor":2,"turns":4},{"damage":3,"enemies":"2 Louse","floor":4,"turns":3},{"damage":2,"enemies":"Blue Slaver","floor":5,"turns":4},{"damage":16,"enemies":"Gremlin Nob","floor":7,"turns":4},{"damage":2,"enemies":"3 Sentries","floor":11,"turns":3},{"damage":0,"enemies":"Lots of Slimes","floor":13,"turns":1},{"damage":36,"enemies":"Hexaghost","floor":16,"turns":9},{"damage":0,"enemies":"Spheric Guardian","floor":18,"turns":3},{"damage":3,"enemies":"2 Thieves","floor":20,"turns":2},{"damage":14,"enemies":"Sentry and Sphere","floor":24,"turns":6},{"damage":13,"enemies":"Snecko","floor":29,"turns":5},{"damage":3,"enemies":"Snake Plant","floor":30,"turns":4},{"damage":51,"enemies":"Collector","floor":33,"turns":10}],"seed_played":"-5724833975927801115","potions_obtained":[{"floor":4,"key":"EssenceOfSteel"},{"floor":11,"key":"Explosive Potion"}],"is_trial":false,"path_per_floor":["M","M","?","M","M","R","E","R","T","$","E","R","M","?","R","B",null,"M","?","M","T","$","R","M","R","T","$","?","M","M","$","R","B"],"character_chosen":"DEFECT","items_purchased":["PreservedInsect","Gash","Membership Card","Go for the Eyes","FearPotion"],"campfire_rested":2,"item_purchase_floors":[10,10,27,27,31],"current_hp_per_floor":[75,75,75,72,70,70,54,54,54,54,52,52,52,75,75,39,75,75,40,37,37,37,59,45,45,45,45,45,32,29,29,51,0],"gold":13,"neow_bonus":"ONE_RANDOM_RARE_CARD","is_prod":false,"is_daily":false,"chose_seed":false,"campfire_upgraded":5,"win_rate":0,"timestamp":1542441943,"path_taken":["M","M","?","?","M","R","E","R","T","$","E","R","M","?","R","BOSS","M","?","?","?","$","R","M","R","T","$","?","M","M","$","R","BOSS"],"build_version":"2018-11-15","purchased_purges":2,"victory":false,"max_hp_per_floor":[75,75,75,75,75,75,75,75,75,75,75,75,75,75,75,75,75,75,75,75,75,75,75,75,75,75,75,75,75,75,75,75,75],"card_choices":[{"not_picked":["Sunder","Sweeping Beam"],"picked":"Coolheaded","floor":1},{"not_picked":["Barrage","Rebound"],"picked":"Sweeping Beam","floor":2},{"not_picked":["Cold Snap","Steam"],"picked":"Seek","floor":4},{"not_picked":["Ball Lightning","Go for the Eyes"],"picked":"Hologram","floor":5},{"not_picked":["Storm","Turbo","Sweeping Beam"],"picked":"SKIP","floor":7},{"not_picked":["Blizzard","Conserve Battery","Hello World"],"picked":"SKIP","floor":11},{"not_picked":["Sunder","Double Energy"],"picked":"Leap","floor":13},{"not_picked":["Electrodynamics","Reboot"],"picked":"Multi-Cast","floor":16},{"not_picked":["Sweeping Beam","Steam"],"picked":"Gash","floor":18},{"not_picked":["Force Field+1","Stack"],"picked":"Rebound","floor":20},{"not_picked":["Steam","Rebound+1","Turbo"],"picked":"SKIP","floor":24},{"not_picked":["Double Energy+1","Rebound"],"picked":"BootSequence+1","floor":29},{"not_picked":["Steam+1","Lockon","Rebound+1"],"picked":"SKIP","floor":30}],"player_experience":1210777,"relics_obtained":[{"floor":7,"key":"Bottled Lightning"},{"floor":9,"key":"Mercury Hourglass"},{"floor":11,"key":"Turnip"},{"floor":21,"key":"Calipers"},{"floor":26,"key":"Orichalcum"}],"event_choices":[{"damage_healed":0,"gold_gain":0,"player_choice":"Upgraded","damage_taken":0,"max_hp_gain":0,"max_hp_loss":0,"event_name":"Upgrade Shrine","floor":3,"gold_loss":0,"cards_upgraded":["Biased Cognition"]},{"damage_healed":25,"gold_gain":0,"player_choice":"Banana","damage_taken":0,"max_hp_gain":0,"max_hp_loss":0,"event_name":"Big Fish","floor":14,"gold_loss":0},{"damage_healed":0,"gold_gain":90,"player_choice":"CARD CARD GOLD CARD ","damage_taken":35,"max_hp_gain":0,"max_hp_loss":0,"event_name":"Knowing Skull","floor":19,"potions_obtained":[],"gold_loss":0,"cards_obtained":["Enlightenment","Purity","PanicButton"]},{"damage_healed":0,"gold_gain":0,"player_choice":"Simplicity","damage_taken":0,"max_hp_gain":0,"max_hp_loss":0,"event_name":"Back to Basics","floor":28,"gold_loss":0,"cards_upgraded":["Strike_B","Strike_B","Strike_B","Defend_B","Defend_B","Defend_B","Defend_B"]}],"is_beta":false,"boss_relics":[{"not_picked":["Orrery","Lizard Tail"],"picked":"Cursed Key"}],"items_purged_floors":[22,27],"is_endless":false,"potions_floor_spawned":[4,11],"killed_by":"Collector","ascension_level":0}