{"gold_per_floor":[111,123,139,158,175,175,187,206,257,257,4,4,4,23,23,23],"floor_reached":16,"playtime":708,"items_purged":["Strike_R"],"score":96,"play_id":"01c367d0-1dd3-45ef-b0ca-c5010ce08ef3","local_time":"20190410194340","is_ascension_mode":false,"campfire_choices":[{"data":"True Grit","floor":6,"key":"SMITH"},{"floor":10,"key":"REST"},{"floor":12,"key":"REST"},{"floor":15,"key":"REST"}],"neow_cost":"NONE","seed_source_timestamp":293489692945942,"circlet_count":0,"master_deck":["Strike_R","Strike_R","Strike_R","Strike_R","Defend_R","Defend_R","Defend_R","Defend_R","Bash+1","Heavy Blade","Heavy Blade","Power Through","True Grit+1","Heavy Blade","Shrug It Off","Fire Breathing","Entrench","Feel No Pain","Sword Boomerang"],"relics":["Burning Blood","Dream Catcher","Anchor"],"potions_floor_usage":[],"damage_taken":[{"damage":2,"enemies":"2 Louse","floor":1,"turns":3},{"damage":17,"enemies":"Small Slimes","floor":2,"turns":4},{"damage":3,"enemies":"Cultist","floor":3,"turns":5},{"damage":11,"enemies":"2 Fungi Beasts","floor":4,"turns":6},{"damage":20,"enemies":"Lots of Slimes","floor":5,"turns":5},{"damage":11,"enemies":"Red Slaver","floor":7,"turns":4},{"damage":18,"enemies":"Gremlin Gang","floor":8,"turns":8},{"damage":2,"enemies":"Looter","floor":14,"turns":3},{"damage":86,"enemies":"Slime Boss","floor":16,"turns":12}],"seed_played":"-7495089502596092949","potions_obtained":[{"floor":3,"key":"Dexterity Potion"},{"floor":4,"key":"Regen Potion"},{"floor":5,"key":"AttackPotion"}],"is_trial":false,"path_per_floor":["M","M","M","M","M","R","M","M","T","R","$","R","$","M","R","B"],"character_chosen":"IRONCLAD","items_purchased":["Fire Breathing","Anchor"],"campfire_rested":3,"item_purchase_floors":[11,11],"current_hp_per_floor":[80,69,72,67,53,53,48,36,36,60,60,80,80,80,80,0],"gold":23,"neow_bonus":"UPGRADE_CARD","is_prod":false,"is_daily":false,"chose_seed":false,"campfire_upgraded":1,"win_rate":0.0,"timestamp":1554896620,"path_taken":["M","M","M","M","M","R","M","M","T","R","$","R","$","M","R","BOSS"],"build_version":"2019-01-23","purchased_purges":1,"victory":false,"max_hp_per_floor":[80,80,80,80,80,80,80,80,80,80,80,80,80,80,80,80],"card_choices":[{"not_picked":["Shrug It Off","Cleave"],"picked":"Heavy Blade","floor":1},{"not_picked":["Clash","Intimidate"],"picked":"Heavy Blade","floor":2},{"not_picked":["Whirlwind","Sword Boomerang"],"picked":"Power Through","floor":3},{"not_picked":["Thunderclap","Whirlwind"],"picked":"True Grit","floor":4},{"not_picked":["Warcry","Carnage","Thunderclap"],"picked":"SKIP","floor":5},{"not_picked":["Flex","Combust"],"picked":"Heavy Blade","floor":7},{"not_picked":["Sword Boomerang","Warcry","Hemokinesis"],"picked":"SKIP","floor":8},{"not_picked":["Double Tap","Power Through"],"picked":"Shrug It Off","floor":10},{"not_picked":["Rupture","Sword Boomerang"],"picked":"Entrench","floor":12},{"not_picked":["Flex","Armaments"],"picked":"Feel No Pain","floor":14},{"not_picked":["Dual Wield","Bloodletting"],"picked":"Sword Boomerang","floor":15}],"player_experience":4040,"relics_obtained":[{"floor":9,"key":"Dream Catcher"}],"event_choices":[],"is_beta":false,"boss_relics":[],"items_purged_floors":[11],"is_endless":false,"potions_floor_spawned":[3,4,5],"killed_by":"Slime Boss","ascension_level":0}