{"gold_per_floor":[117,128,140,153,163,163,88,105,105,120,120,134,146,126,126,222,222,232,232,245,245],"floor_reached":21,"playtime":2581,"items_purged":["Defend_G"],"score":177,"play_id":"a6311cf7-0cf3-4431-a1c3-aea06e528aee","local_time":"20190820170715","is_ascension_mode":false,"campfire_choices":[{"data":"Blade Dance","floor":6,"key":"SMITH"},{"floor":11,"key":"REST"},{"data":"Terror","floor":15,"key":"SMITH"}],"neow_cost":"NONE","seed_source_timestamp":0,"circlet_count":0,"master_deck":["Strike_G","Strike_G","Strike_G","Strike_G","Strike_G","Defend_G","Defend_G","Defend_G","Defend_G","Survivor","Neutralize","PiercingWail","Blade Dance+1","Blade Dance","Acrobatics","Terror+1","Backflip","Leg Sweep"],"special_seed":0,"relics":["Ring of the Snake","Bottled Lightning","Nloth\u0027s Gift"],"potions_floor_usage":[4,16,16,21,21],"damage_taken":[{"damage":1.0,"enemies":"Cultist","floor":1.0,"turns":5.0},{"damage":0.0,"enemies":"Jaw Worm","floor":2.0,"turns":4.0},{"damage":0,"enemies":"2 Louse","floor":3,"turns":3},{"damage":3,"enemies":"Gremlin Gang","floor":4,"turns":7},{"damage":1,"enemies":"Blue Slaver","floor":5,"turns":6},{"damage":4,"enemies":"3 Louse","floor":8,"turns":4},{"damage":12,"enemies":"Exordium Thugs","floor":10,"turns":7},{"damage":1,"enemies":"Blue Slaver","floor":12,"turns":5},{"damage":2,"enemies":"Looter","floor":13,"turns":4},{"damage":42,"enemies":"The Guardian","floor":16,"turns":11},{"damage":2,"enemies":"3 Byrds","floor":18,"turns":7},{"damage":23,"enemies":"Shell Parasite","floor":20,"turns":8},{"damage":54,"enemies":"3 Cultists","floor":21,"turns":6}],"seed_played":"219685292779688858","potions_obtained":[{"floor":2,"key":"SpeedPotion"},{"floor":3,"key":"GhostInAJar"},{"floor":8,"key":"GamblersBrew"},{"floor":14,"key":"AttackPotion"},{"floor":20,"key":"Swift Potion"}],"is_trial":false,"path_per_floor":["M","M","M","M","M","R","$","M","T","M","R","M","M","?","R","B",null,"M","?","M","M"],"character_chosen":"THE_SILENT","items_purchased":[],"campfire_rested":1,"item_purchase_floors":[],"current_hp_per_floor":[69,69,69,66,65,65,65,61,61,49,70,69,67,67,67,25,70,68,68,45,0],"gold":245,"neow_bonus":"THREE_CARDS","is_prod":false,"is_daily":false,"chose_seed":false,"campfire_upgraded":2,"win_rate":0.0,"timestamp":1566310035,"path_taken":["M","M","M","M","M","R","$","?","T","M","R","M","M","?","R","BOSS","M","?","M","M"],"build_version":"2019-07-17","purchased_purges":1,"victory":false,"max_hp_per_floor":[70,70,70,70,70,70,70,70,70,70,70,70,70,70,70,70,70,70,70,70,70],"card_choices":[{"not_picked":["Catalyst","Tactician"],"picked":"PiercingWail","floor":0.0},{"not_picked":["Deadly Poison","Underhanded Strike"],"picked":"Blade Dance","floor":1.0},{"not_picked":["Dodge and Roll","Bouncing Flask","Underhanded Strike"],"picked":"SKIP","floor":2},{"not_picked":["Flying Knee","Outmaneuver"],"picked":"Blade Dance","floor":3},{"not_picked":["PiercingWail","Dodge and Roll","Prepared"],"picked":"SKIP","floor":4},{"not_picked":["Phantasmal Killer","Dagger Throw","Well Laid Plans"],"picked":"SKIP","floor":5},{"not_picked":["Deflect","Sucker Punch","Dash"],"picked":"SKIP","floor":8},{"not_picked":["Escape Plan","Predator"],"picked":"Acrobatics","floor":10},{"not_picked":["Sucker Punch","Underhanded Strike","Deadly Poison"],"picked":"SKIP","floor":12},{"not_picked":["Night Terror","Dash"],"picked":"Terror","floor":13},{"not_picked":["Tactician","Dagger Spray"],"picked":"Backflip","floor":18},{"not_picked":["Outmaneuver","Catalyst"],"picked":"Leg Sweep","floor":20}],"player_experience":51830,"relics_obtained":[{"floor":9,"key":"Bottled Lightning"}],"event_choices":[{"damage_healed":0,"gold_gain":0,"player_choice":"Bought 1 Potion","damage_taken":0,"max_hp_gain":0,"max_hp_loss":0,"event_name":"The Woman in Blue","floor":14,"gold_loss":0},{"damage_healed":0,"gold_gain":0,"player_choice":"Traded Relic","damage_taken":0,"relics_obtained":["Nloth\u0027s Gift"],"max_hp_gain":0,"max_hp_loss":0,"event_name":"N\u0027loth","floor":19,"relics_lost":["Runic Pyramid"],"gold_loss":0}],"is_beta":false,"boss_relics":[{"not_picked":["Ectoplasm","Snecko Eye"],"picked":"Runic Pyramid"}],"items_purged_floors":[7],"is_endless":false,"potions_floor_spawned":[2,3,8,20],"killed_by":"3 Cultists","ascension_level":0}