{"gold_per_floor":[116,134,3,19,29,29,48,223,249,269,269,24,24,24,24,24],"floor_reached":16,"playtime":485,"items_purged":[],"score":92,"play_id":"023414c5-f237-4984-a1e8-f34e83affb13","local_time":"20190812095634","is_ascension_mode":false,"campfire_choices":[{"data":"Footwork","floor":6,"key":"SMITH"},{"floor":11,"key":"REST"},{"floor":13,"key":"REST"},{"data":"Backflip","floor":15,"key":"SMITH"}],"neow_cost":"NONE","seed_source_timestamp":620865143392628,"circlet_count":0,"master_deck":["Strike_G","Strike_G","Strike_G","Strike_G","Strike_G","Defend_G","Defend_G","Defend_G","Defend_G","Defend_G","Survivor","Neutralize","Slice","Footwork+1","Slice","Crippling Poison","Doubt","Poisoned Stab","Backflip+1","Cloak And Dagger"],"relics":["Busted Crown","Dream Catcher","Letter Opener"],"potions_floor_usage":[10,16],"damage_taken":[{"damage":9,"enemies":"Cultist","floor":1,"turns":4},{"damage":1,"enemies":"Jaw Worm","floor":2,"turns":5},{"damage":0,"enemies":"2 Louse","floor":4,"turns":3},{"damage":0,"enemies":"2 Fungi Beasts","floor":5,"turns":3},{"damage":7,"enemies":"3 Louse","floor":7,"turns":3},{"damage":5,"enemies":"Blue Slaver","floor":10,"turns":5},{"damage":80,"enemies":"Slime Boss","floor":16,"turns":16}],"seed_played":"3832952642820465558","potions_obtained":[{"floor":1,"key":"Poison Potion"},{"floor":2,"key":"SpeedPotion"},{"floor":10,"key":"Fruit Juice"}],"is_trial":false,"path_per_floor":["M","M","$","M","M","R","M","?","T","M","R","$","R","?","R","B"],"character_chosen":"THE_SILENT","items_purchased":["Footwork","Slice","Letter Opener"],"campfire_rested":2,"item_purchase_floors":[3,3,12],"current_hp_per_floor":[61,60,60,60,60,60,53,53,53,53,75,75,75,80,80,0],"gold":24,"neow_bonus":"BOSS_RELIC","is_prod":false,"is_daily":false,"chose_seed":false,"campfire_upgraded":2,"win_rate":0,"timestamp":1565574994,"path_taken":["M","M","$","M","M","R","M","?","T","M","R","$","R","?","R","BOSS"],"build_version":"2019-07-17","purchased_purges":0,"victory":false,"max_hp_per_floor":[70,70,70,70,70,70,70,70,70,75,75,75,75,80,80,80],"card_choices":[{"not_picked":["Distraction"],"picked":"SKIP","floor":1},{"not_picked":[],"picked":"Slice","floor":2},{"not_picked":[],"picked":"Crippling Poison","floor":4},{"not_picked":["Flying Knee"],"picked":"SKIP","floor":5},{"not_picked":["Sucker Punch"],"picked":"SKIP","floor":7},{"not_picked":[],"picked":"Poisoned Stab","floor":10},{"not_picked":[],"picked":"Backflip","floor":11},{"not_picked":[],"picked":"Cloak And Dagger","floor":13}],"player_experience":173468,"relics_obtained":[{"floor":9,"key":"Dream Catcher"}],"event_choices":[{"damage_healed":0,"gold_gain":175,"player_choice":"AGREE","damage_taken":0,"max_hp_gain":0,"max_hp_loss":0,"event_name":"Liars Game","floor":8,"gold_loss":0,"cards_obtained":["Doubt"]},{"damage_healed":0,"gold_gain":0,"player_choice":"Donut","damage_taken":0,"max_hp_gain":5,"max_hp_loss":0,"event_name":"Big Fish","floor":14,"gold_loss":0}],"is_beta":false,"boss_relics":[],"items_purged_floors":[],"is_endless":false,"potions_floor_spawned":[1,2,10],"killed_by":"Slime Boss","ascension_level":0}