{"gold_per_floor":[117,67,81,81,81,109,109,169,194,205,126,139,159,174,174,278,278,297,280,280,280,296,296,313,323,323,323,174,174,174,9,9,114,114,126,126],"floor_reached":36,"playtime":9515,"items_purged":[],"score":425,"play_id":"3bdea58a-b29d-44bd-a49f-0b5cdfcfc5cd","local_time":"20181108203157","is_ascension_mode":true,"campfire_choices":[{"floor":7.0,"key":"REST"},{"floor":15.0,"key":"REST"},{"floor":23.0,"key":"REST"},{"floor":27.0,"key":"REST"},{"data":"Multi-Cast","floor":30.0,"key":"SMITH"},{"data":"Apotheosis","floor":32.0,"key":"SMITH"}],"neow_cost":"NONE","seed_source_timestamp":0,"circlet_count":0,"master_deck":["Strike_B","Defend_B","Defend_B","Defend_B","Zap","Dualcast","Go for the Eyes","Genetic Algorithm","Consume","Tempest","Conserve Battery","FTL","Chill","Steam","Multi-Cast+1","Glacier","Ball Lightning","Self Repair+1","Hologram+1","Sunder","Ghostly","Ghostly","Ghostly","Ghostly","Ghostly","Apotheosis+1","Biased Cognition","Cold Snap","Hologram+1"],"special_seed":0,"relics":["Cracked Core","Dream Catcher","PreservedInsect","Vajra","Empty Cage","Lantern","Orrery"],"potions_floor_usage":[36],"damage_taken":[{"damage":4.0,"enemies":"2 Louse","floor":1.0,"turns":3.0},{"damage":0.0,"enemies":"Small Slimes","floor":3.0,"turns":3.0},{"damage":22.0,"enemies":"Lagavulin","floor":6.0,"turns":7.0},{"damage":20.0,"enemies":"Gremlin Nob","floor":8.0,"turns":4.0},{"damage":4.0,"enemies":"Jaw Worm","floor":10.0,"turns":3.0},{"damage":0.0,"enemies":"2 Fungi Beasts","floor":12.0,"turns":3.0},{"damage":4.0,"enemies":"Large Slime","floor":13.0,"turns":4.0},{"damage":3.0,"enemies":"Looter","floor":14.0,"turns":3.0},{"damage":12.0,"enemies":"Hexaghost","floor":16.0,"turns":10.0},{"damage":3.0,"enemies":"Spheric Guardian","floor":18.0,"turns":4.0},{"damage":13.0,"enemies":"2 Thieves","floor":19.0,"turns":4.0},{"damage":46.0,"enemies":"Sentry and Sphere","floor":22.0,"turns":14.0},{"damage":34.0,"enemies":"Centurion and Healer","floor":24.0,"turns":11.0},{"damage":18.0,"enemies":"Snake Plant","floor":25.0,"turns":4.0},{"damage":21.0,"enemies":"Collector","floor":33.0,"turns":16.0},{"damage":3,"enemies":"Orb Walker","floor":35,"turns":5},{"damage":54,"enemies":"2 Orb Walkers","floor":36,"turns":5}],"seed_played":"884617572091174147","potions_obtained":[{"floor":1.0,"key":"AttackPotion"},{"floor":10.0,"key":"PowerPotion"},{"floor":13.0,"key":"Poison Potion"},{"floor":16.0,"key":"Weak Potion"},{"floor":25.0,"key":"LiquidBronze"},{"floor":33.0,"key":"Poison Potion"}],"is_trial":false,"path_per_floor":["M","?","M","?","?","E","R","?","T","M","$","M","M","M","R","B",null,"M","M","?","?","M","R","M","M","T","R","$","?","R","$","R","B",null,"M","?"],"character_chosen":"DEFECT","items_purchased":["FTL","Sunder","Regen Potion","Apotheosis"],"campfire_rested":4,"item_purchase_floors":[11,28,28,31],"current_hp_per_floor":[71,71,71,64,64,42,64,44,44,40,40,40,36,33,55,43,75,72,59,59,75,29,51,27,19,19,41,41,37,37,37,37,37,37,34,0],"gold":126,"neow_bonus":"RANDOM_COMMON_RELIC","is_prod":false,"is_daily":false,"chose_seed":false,"campfire_upgraded":2,"win_rate":0,"timestamp":1541734317,"path_taken":["M","?","M","?","?","E","R","?","T","M","$","M","M","M","R","BOSS","M","M","?","?","?","R","M","M","T","R","$","?","R","$","R","BOSS","M","?"],"build_version":"2018-11-08","purchased_purges":0,"victory":false,"max_hp_per_floor":[75,75,75,75,75,75,75,75,75,75,75,75,75,75,75,75,75,75,75,75,75,75,75,75,75,75,75,75,37,37,37,37,37,37,37,37],"card_choices":[{"not_picked":["Gash","Ball Lightning"],"picked":"Go for the Eyes","floor":1.0},{"not_picked":["FTL","Force Field"],"picked":"Genetic Algorithm","floor":3.0},{"not_picked":["Stack","Redo"],"picked":"Consume","floor":6.0},{"not_picked":["Ball Lightning","Barrage"],"picked":"Tempest","floor":8.0},{"not_picked":["Ball Lightning","Compile Driver"],"picked":"Conserve Battery","floor":10.0},{"not_picked":["Ball Lightning","Stack","Compile Driver"],"picked":"SKIP","floor":12.0},{"not_picked":["Genetic Algorithm","Lockon","Hyperbeam"],"picked":"SKIP","floor":13.0},{"not_picked":["White Noise","Coolheaded"],"picked":"Chill","floor":14.0},{"not_picked":["Compile Driver","Steam Power"],"picked":"Steam","floor":15.0},{"not_picked":["Machine Learning","Creative AI"],"picked":"Multi-Cast","floor":16.0},{"not_picked":["Consume","Leap","Gash"],"picked":"SKIP","floor":18.0},{"not_picked":["White Noise","BootSequence"],"picked":"Glacier","floor":19.0},{"not_picked":["Go for the Eyes","Leap"],"picked":"Ball Lightning","floor":22.0},{"not_picked":["Turbo","Barrage"],"picked":"Self Repair+1","floor":23.0},{"not_picked":["Steam+1","Conserve Battery"],"picked":"Hologram+1","floor":24.0},{"not_picked":["Go for the Eyes","Static Discharge","Consume"],"picked":"SKIP","floor":25.0},{"not_picked":["Hyperbeam","Thunder Strike"],"picked":"Biased Cognition","floor":33.0},{"not_picked":["Hologram","Recycle"],"picked":"Cold Snap","floor":34},{"not_picked":["Turbo","Melter"],"picked":"Hologram+1","floor":34},{"not_picked":["Gash","Chill","Force Field"],"picked":"SKIP","floor":35}],"player_experience":1110457,"relics_obtained":[{"floor":8.0,"key":"PreservedInsect"},{"floor":9.0,"key":"Vajra"},{"floor":26.0,"key":"Lantern"}],"event_choices":[{"cards_removed":["Strike_B"],"damage_healed":0.0,"max_hp_gain":0.0,"max_hp_loss":0.0,"gold_gain":0.0,"event_name":"The Cleric","player_choice":"Card Removal","floor":2.0,"gold_loss":50.0,"damage_taken":0.0},{"cards_removed":["Defend_B"],"damage_healed":0.0,"max_hp_gain":0.0,"max_hp_loss":0.0,"gold_gain":0.0,"event_name":"Golden Wing","player_choice":"Card Removal","floor":4.0,"gold_loss":0.0,"damage_taken":7.0},{"damage_healed":0.0,"max_hp_gain":0.0,"max_hp_loss":0.0,"gold_gain":0.0,"event_name":"Golden Idol","player_choice":"Ignored","floor":5.0,"gold_loss":0.0,"damage_taken":0.0},{"damage_healed":0.0,"max_hp_gain":0.0,"max_hp_loss":0.0,"gold_gain":0.0,"event_name":"Dead Adventurer","player_choice":"Searched \u00271\u0027 times","floor":8.0,"gold_loss":0.0,"damage_taken":0.0},{"damage_healed":0.0,"max_hp_gain":0.0,"max_hp_loss":0.0,"gold_gain":0.0,"event_name":"Vampires","player_choice":"Ignored","floor":20.0,"gold_loss":0.0,"damage_taken":0.0},{"damage_healed":16.0,"max_hp_gain":0.0,"max_hp_loss":0.0,"gold_gain":0.0,"event_name":"Wheel of Change","player_choice":"Full Heal","floor":21.0,"gold_loss":0.0,"damage_taken":0.0},{"damage_healed":0.0,"max_hp_gain":0.0,"max_hp_loss":38.0,"gold_gain":0.0,"event_name":"Ghosts","player_choice":"Became a Ghost","floor":29.0,"gold_loss":0.0,"damage_taken":0.0,"cards_obtained":["Ghostly","Ghostly","Ghostly","Ghostly","Ghostly"]},{"damage_healed":0,"gold_gain":0,"player_choice":"Fight","damage_taken":0,"max_hp_gain":0,"max_hp_loss":0,"event_name":"Mysterious Sphere","floor":36,"gold_loss":0}],"is_beta":false,"boss_relics":[{"not_picked":["Lizard Tail","Ectoplasm"],"picked":"Empty Cage"},{"not_picked":["Calling Bell","Coffee Dripper"],"picked":"Orrery"}],"items_purged_floors":[],"is_endless":false,"potions_floor_spawned":[1,10,13,16,25,33],"killed_by":"2 Orb Walkers","ascension_level":2}