{"gold_per_floor":[113,126,140,42,54,54,66,85,110,143,143,143,174,184,184,279,279,279,11,11,11,11,11,11,11,11,11,11,11,11,11,11,11,11,11,11,11,11,11,11,11,11,11,11,11,11,11],"floor_reached":47,"playtime":3494,"items_purged":["Strike_R"],"score":684,"play_id":"fca1754d-908b-448e-a7dc-5ac689f5a9a3","local_time":"20181228220751","is_ascension_mode":true,"campfire_choices":[{"data":"Armaments","floor":6.0,"key":"SMITH"},{"data":"Demon Form","floor":12.0,"key":"SMITH"},{"data":"Metallicize","floor":15.0,"key":"SMITH"},{"data":"Pummel","floor":27.0,"key":"SMITH"},{"floor":32.0,"key":"REST"},{"data":"Mind Blast","floor":40,"key":"SMITH"},{"floor":44,"key":"REST"}],"neow_cost":"NONE","seed_source_timestamp":126792945349260,"circlet_count":0,"master_deck":["Strike_R+1","Strike_R+1","Defend_R+1","Defend_R+1","Defend_R+1","Bash","Metallicize+1","Cleave","Shrug It Off","Armaments+1","Twin Strike","Demon Form+1","Pummel+1","Power Through","Impatience","Ghostly Armor","Wild Strike","Limit Break+1","Pommel Strike+1","Spot Weakness+1","Thunderclap","Reckless Charge","Twin Strike+1","Double Tap","Mind Blast+1","Madness","Madness","Impervious","Barricade"],"special_seed":0,"relics":["Burning Blood","Art of War","Omamori","Thread and Needle","Blood Vial","Ectoplasm","ClockworkSouvenir","Bag of Preparation","Tiny Chest","War Paint","Question Card","Matryoshka","White Beast Statue","MawBank","Bag of Marbles","Darkstone Periapt"],"potions_floor_usage":[39,41,46,47],"damage_taken":[{"damage":1.0,"enemies":"Cultist","floor":1.0,"turns":4.0},{"damage":8.0,"enemies":"Small Slimes","floor":2.0,"turns":5.0},{"damage":5.0,"enemies":"2 Louse","floor":3.0,"turns":3.0},{"damage":14.0,"enemies":"Looter","floor":5.0,"turns":3.0},{"damage":0.0,"enemies":"3 Louse","floor":7.0,"turns":4.0},{"damage":16.0,"enemies":"Large Slime","floor":8.0,"turns":6.0},{"damage":9.0,"enemies":"Gremlin Nob","floor":10.0,"turns":4.0},{"damage":22.0,"enemies":"3 Sentries","floor":13.0,"turns":5.0},{"damage":2.0,"enemies":"Looter","floor":14.0,"turns":4.0},{"damage":14.0,"enemies":"Hexaghost","floor":16.0,"turns":8.0},{"damage":6.0,"enemies":"3 Byrds","floor":18.0,"turns":5.0},{"damage":14.0,"enemies":"Shell Parasite","floor":21.0,"turns":7.0},{"damage":17.0,"enemies":"Gremlin Leader","floor":23.0,"turns":6.0},{"damage":27.0,"enemies":"Book of Stabbing","floor":25.0,"turns":5.0},{"damage":23.0,"enemies":"Snake Plant","floor":28.0,"turns":4.0},{"damage":2.0,"enemies":"3 Cultists","floor":29.0,"turns":6.0},{"damage":0.0,"enemies":"Cultist and Chosen","floor":31.0,"turns":4.0},{"damage":31.0,"enemies":"Collector","floor":33.0,"turns":5.0},{"damage":27.0,"enemies":"3 Shapes","floor":35.0,"turns":5.0},{"damage":2,"enemies":"Orb Walker","floor":39,"turns":4},{"damage":40,"enemies":"Reptomancer","floor":41,"turns":7},{"damage":3,"enemies":"Transient","floor":42,"turns":5},{"damage":34,"enemies":"Maw","floor":46,"turns":6}],"seed_played":"-8492152714844899033","potions_obtained":[{"floor":2.0,"key":"SteroidPotion"},{"floor":8.0,"key":"Block Potion"},{"floor":13.0,"key":"Explosive Potion"},{"floor":14.0,"key":"PowerPotion"},{"floor":16.0,"key":"SpeedPotion"},{"floor":18.0,"key":"FairyPotion"},{"floor":28.0,"key":"Poison Potion"},{"floor":29.0,"key":"Swift Potion"},{"floor":31.0,"key":"FearPotion"},{"floor":35.0,"key":"Dexterity Potion"},{"floor":39,"key":"Ancient Potion"},{"floor":41,"key":"Poison Potion"},{"floor":42,"key":"Explosive Potion"},{"floor":46,"key":"Poison Potion"}],"is_trial":false,"path_per_floor":["M","M","M","$","M","R","M","M","T","E","?","R","E","M","R","B",null,"M","$","T","M","?","E","?","E","T","R","M","M","T","M","R","B",null,"M","?","?","?","M","R","E","M","T","R","?","M","M"],"character_chosen":"IRONCLAD","items_purchased":["Armaments","ClockworkSouvenir","Spot Weakness"],"campfire_rested":2,"item_purchase_floors":[4,19,19],"current_hp_per_floor":[77,75,76,76,68,68,74,64,64,61,61,61,45,51,51,45,71,73,73,73,67,67,58,58,39,39,39,24,30,30,38,62,39,70,51,51,51,41,47,47,15,20,20,44,44,18,0],"gold":11,"neow_bonus":"RANDOM_COMMON_RELIC","is_prod":false,"is_daily":false,"chose_seed":false,"campfire_upgraded":5,"win_rate":0,"timestamp":1546056471,"path_taken":["M","M","M","?","M","R","M","M","T","E","?","R","E","M","R","BOSS","M","$","?","M","?","E","?","E","T","R","M","M","?","M","R","BOSS","M","?","?","?","M","R","E","M","T","R","?","M","?"],"build_version":"2018-12-20","purchased_purges":1,"victory":false,"max_hp_per_floor":[80,80,80,80,80,80,80,80,80,80,80,80,80,80,80,80,80,80,80,80,80,80,80,80,80,80,80,80,80,80,80,80,80,80,80,80,80,80,80,80,80,80,80,80,80,80,80],"card_choices":[{"not_picked":["Cleave","Pommel Strike"],"picked":"Metallicize","floor":1.0},{"not_picked":["Dual Wield","Flex"],"picked":"Cleave","floor":2.0},{"not_picked":["Evolve","Infernal Blade"],"picked":"Shrug It Off","floor":3.0},{"not_picked":["Corruption","Searing Blow"],"picked":"Twin Strike","floor":5.0},{"not_picked":["True Grit","Ghostly Armor"],"picked":"Demon Form","floor":7.0},{"not_picked":["Body Slam","Metallicize"],"picked":"Pummel","floor":8.0},{"not_picked":["Offering","Corruption"],"picked":"Power Through","floor":10.0},{"not_picked":["Pommel Strike","Dual Wield"],"picked":"Ghostly Armor","floor":13.0},{"not_picked":["Twin Strike","Warcry"],"picked":"Wild Strike","floor":14.0},{"not_picked":["Immolate","Double Tap"],"picked":"Limit Break","floor":16.0},{"not_picked":["Havoc","Iron Wave"],"picked":"Pommel Strike+1","floor":18.0},{"not_picked":["Armaments","Reckless Charge","Ghostly Armor"],"picked":"SKIP","floor":21.0},{"not_picked":["Flex","Sever Soul+1","Fire Breathing"],"picked":"SKIP","floor":23.0},{"not_picked":["Wild Strike+1","Body Slam"],"picked":"Twin Strike+1","floor":25.0},{"not_picked":["Twin Strike","Sword Boomerang+1","Armaments","True Grit+1"],"picked":"SKIP","floor":28.0},{"not_picked":["Wild Strike","Pommel Strike+1","Feel No Pain","Rupture"],"picked":"SKIP","floor":29.0},{"not_picked":["Inflame","Thunderclap","True Grit","Clash"],"picked":"SKIP","floor":31.0},{"not_picked":["Feed","Dark Embrace","Demon Form"],"picked":"Double Tap","floor":33.0},{"not_picked":["Headbutt","Cleave","True Grit","Pommel Strike"],"picked":"SKIP","floor":35.0},{"not_picked":["HandOfGreed","Dramatic Entrance","Good Instincts"],"picked":"Mind Blast","floor":36.0},{"not_picked":["Sever Soul+1","Armaments+1","Havoc","Wild Strike+1"],"picked":"SKIP","floor":39},{"not_picked":["Twin Strike","Flex","Ghostly Armor"],"picked":"Impervious","floor":41},{"not_picked":["Twin Strike+1","Wild Strike","Combust","Flex"],"picked":"SKIP","floor":42},{"not_picked":["Warcry","Headbutt+1","Carnage+1"],"picked":"Barricade","floor":46}],"player_experience":482806,"relics_obtained":[{"floor":9.0,"key":"Omamori"},{"floor":10.0,"key":"Thread and Needle"},{"floor":13.0,"key":"Blood Vial"},{"floor":20.0,"key":"Bag of Preparation"},{"floor":23.0,"key":"Tiny Chest"},{"floor":25.0,"key":"War Paint"},{"floor":26.0,"key":"Question Card"},{"floor":30.0,"key":"Matryoshka"},{"floor":41,"key":"MawBank"},{"floor":43,"key":"Bag of Marbles"},{"floor":43,"key":"Darkstone Periapt"}],"event_choices":[{"damage_healed":0.0,"max_hp_gain":0.0,"max_hp_loss":0.0,"gold_gain":0.0,"event_name":"Match and Keep!","player_choice":"1 cards matched","floor":11.0,"gold_loss":0.0,"damage_taken":0.0,"cards_obtained":["Impatience"]},{"damage_healed":0.0,"max_hp_gain":0.0,"max_hp_loss":0.0,"gold_gain":0.0,"cards_transformed":["Defend_R","Strike_R"],"event_name":"Drug Dealer","player_choice":"Became Test Subject","floor":22.0,"gold_loss":0.0,"damage_taken":0.0,"cards_obtained":["Thunderclap","Reckless Charge"]},{"damage_healed":0.0,"max_hp_gain":0.0,"max_hp_loss":0.0,"gold_gain":0.0,"event_name":"Back to Basics","player_choice":"Simplicity","floor":24.0,"gold_loss":0.0,"damage_taken":0.0,"cards_upgraded":["Strike_R","Strike_R","Strike_R","Defend_R","Defend_R","Defend_R"]},{"damage_healed":0.0,"max_hp_gain":0.0,"max_hp_loss":0.0,"gold_gain":0.0,"event_name":"SensoryStone","player_choice":"Memory 1","floor":36.0,"gold_loss":0.0,"damage_taken":0.0},{"cards_removed":["Strike_R"],"damage_healed":0.0,"max_hp_gain":0.0,"max_hp_loss":0.0,"gold_gain":0.0,"event_name":"Falling","player_choice":"Removed Attack","floor":37.0,"gold_loss":0.0,"damage_taken":0.0},{"damage_healed":0.0,"max_hp_gain":0.0,"max_hp_loss":0.0,"gold_gain":0.0,"event_name":"Winding Halls","player_choice":"Embrace Madness","floor":38.0,"gold_loss":0.0,"damage_taken":10.0,"cards_obtained":["Madness","Madness"]},{"damage_healed":0,"gold_gain":0,"player_choice":"Cursed","damage_taken":0,"max_hp_gain":0,"max_hp_loss":0,"event_name":"Wheel of Change","floor":45,"gold_loss":0,"cards_obtained":["Decay"]}],"is_beta":false,"boss_relics":[{"not_picked":["Lizard Tail","Runic Dome"],"picked":"Ectoplasm"},{"not_picked":["Philosopher\u0027s Stone","Coffee Dripper"],"picked":"White Beast Statue"}],"items_purged_floors":[4],"is_endless":false,"potions_floor_spawned":[2,8,13,14,16,18,28,29,31,35,39,41,42,46],"killed_by":"4 Shapes","ascension_level":7}