{"gold_per_floor":[119,119,94,109,122,122,138,138,183,225,237,264,276,214,214,311,311,327,340,23,49,63,63,82,82,153,178,190,215,215,232,232,232],"floor_reached":33,"playtime":948,"items_purged":[],"score":312,"play_id":"a6d1719d-0ca2-4edd-aaef-8f2721dc9b98","local_time":"20190812185648","is_ascension_mode":false,"campfire_choices":[{"data":"Cloak And Dagger","floor":6,"key":"SMITH"},{"data":"Finisher","floor":8,"key":"SMITH"},{"data":"Infinite Blades","floor":15,"key":"SMITH"},{"floor":23,"key":"REST"},{"floor":25,"key":"REST"},{"floor":32,"key":"REST"}],"neow_cost":"NONE","seed_source_timestamp":652839147880012,"circlet_count":0,"master_deck":["Strike_G+1","Strike_G","Strike_G","Strike_G","Strike_G","Defend_G","Defend_G","Defend_G","Defend_G","Defend_G","Survivor","Neutralize+1","Terror+1","Cloak And Dagger+1","Deflect","Finisher+1","Infinite Blades+1","Corpse Explosion","Prepared","Outmaneuver","Well Laid Plans"],"relics":["Busted Crown","MawBank","Orichalcum","Bag of Preparation","Philosopher\u0027s Stone","Ninja Scroll","Red Mask","Matryoshka","Whetstone","Nunchaku"],"potions_floor_usage":[10,21,24,33,33,33],"damage_taken":[{"damage":0,"enemies":"Jaw Worm","floor":1,"turns":5},{"damage":0,"enemies":"2 Louse","floor":4,"turns":2},{"damage":0,"enemies":"Small Slimes","floor":5,"turns":3},{"damage":1,"enemies":"2 Fungi Beasts","floor":7,"turns":4},{"damage":5,"enemies":"Gremlin Nob","floor":10,"turns":4},{"damage":2,"enemies":"Gremlin Gang","floor":12,"turns":4},{"damage":8,"enemies":"Slime Boss","floor":16,"turns":6},{"damage":14,"enemies":"Shell Parasite","floor":18,"turns":4},{"damage":15,"enemies":"3 Byrds","floor":19,"turns":4},{"damage":0,"enemies":"Masked Bandits","floor":21,"turns":3},{"damage":1,"enemies":"3 Cultists","floor":22,"turns":3},{"damage":23,"enemies":"Snake Plant","floor":24,"turns":4},{"damage":16,"enemies":"Slavers","floor":27,"turns":2},{"damage":0,"enemies":"Sentry and Sphere","floor":28,"turns":3},{"damage":12,"enemies":"Book of Stabbing","floor":29,"turns":4},{"damage":10,"enemies":"Colosseum Slavers","floor":30,"turns":4},{"damage":0,"enemies":"Cultist and Chosen","floor":31,"turns":3},{"damage":53,"enemies":"Automaton","floor":33,"turns":8}],"seed_played":"-4035477499323656197","potions_obtained":[{"floor":1,"key":"SpeedPotion"},{"floor":4,"key":"PowerPotion"},{"floor":7,"key":"SneckoOil"},{"floor":16,"key":"SkillPotion"},{"floor":21,"key":"Dexterity Potion"},{"floor":27,"key":"Dexterity Potion"},{"floor":29,"key":"Poison Potion"}],"is_trial":false,"path_per_floor":["M","?","?","M","M","R","M","R","T","E","$","M","?","$","R","B",null,"M","M","$","?","M","R","M","R","T","E","M","E","?","M","R","B"],"character_chosen":"THE_SILENT","items_purchased":["Infinite Blades","Ninja Scroll","Regen Potion"],"campfire_rested":3,"item_purchase_floors":[14,20,20],"current_hp_per_floor":[70,70,70,70,70,70,69,69,69,64,64,62,59,59,59,51,70,56,41,41,41,40,61,47,68,68,52,52,40,30,30,51,0],"gold":232,"neow_bonus":"BOSS_RELIC","is_prod":false,"is_daily":false,"chose_seed":false,"campfire_upgraded":3,"win_rate":0,"timestamp":1565607408,"path_taken":["M","?","?","M","M","R","M","R","T","E","$","M","?","$","R","BOSS","M","M","$","?","M","R","M","R","T","E","M","E","?","M","R","BOSS"],"build_version":"2019-07-17","purchased_purges":0,"victory":false,"max_hp_per_floor":[70,70,70,70,70,70,70,70,70,70,70,70,70,70,70,70,70,70,70,70,70,70,70,70,70,70,70,70,70,70,70,70,70],"card_choices":[{"not_picked":[],"picked":"Terror","floor":1},{"not_picked":[],"picked":"Cloak And Dagger","floor":4},{"not_picked":[],"picked":"Deflect","floor":5},{"not_picked":[],"picked":"Finisher","floor":7},{"not_picked":["Skewer"],"picked":"SKIP","floor":10},{"not_picked":["Quick Slash"],"picked":"SKIP","floor":12},{"not_picked":[],"picked":"Corpse Explosion","floor":16},{"not_picked":[],"picked":"Prepared","floor":18},{"not_picked":["Bouncing Flask"],"picked":"SKIP","floor":19},{"not_picked":["Poisoned Stab"],"picked":"SKIP","floor":22},{"not_picked":[],"picked":"Outmaneuver","floor":24},{"not_picked":["Malaise"],"picked":"SKIP","floor":27},{"not_picked":["Outmaneuver"],"picked":"SKIP","floor":28},{"not_picked":["Quick Slash"],"picked":"SKIP","floor":29},{"not_picked":[],"picked":"Well Laid Plans","floor":31}],"player_experience":191116,"relics_obtained":[{"floor":9,"key":"MawBank"},{"floor":10,"key":"Orichalcum"},{"floor":21,"key":"Red Mask"},{"floor":26,"key":"Matryoshka"},{"floor":27,"key":"Whetstone"},{"floor":29,"key":"Nunchaku"}],"event_choices":[{"damage_healed":0,"gold_gain":0,"player_choice":"Grow","damage_taken":0,"max_hp_gain":0,"max_hp_loss":0,"event_name":"Living Wall","floor":2,"gold_loss":0,"cards_upgraded":["Terror"]},{"damage_healed":0,"gold_gain":0,"player_choice":"Left Gold","damage_taken":0,"max_hp_gain":0,"max_hp_loss":0,"event_name":"World of Goop","floor":3,"gold_loss":25},{"damage_healed":0,"gold_gain":0,"player_choice":"Success","damage_taken":3,"relics_obtained":["Bag of Preparation"],"max_hp_gain":0,"max_hp_loss":0,"event_name":"Scrap Ooze","floor":13,"gold_loss":0},{"damage_healed":0,"gold_gain":0,"player_choice":"Fought Bandits","damage_taken":0,"max_hp_gain":0,"max_hp_loss":0,"event_name":"Masked Bandits","floor":21,"gold_loss":0},{"damage_healed":0,"gold_gain":0,"player_choice":"Fight","damage_taken":0,"max_hp_gain":0,"max_hp_loss":0,"event_name":"Colosseum","floor":30,"gold_loss":0},{"damage_healed":0,"gold_gain":0,"player_choice":"Fled From Nobs","damage_taken":0,"max_hp_gain":0,"max_hp_loss":0,"event_name":"Colosseum","floor":30,"gold_loss":0}],"is_beta":false,"boss_relics":[{"not_picked":["Ectoplasm","Runic Pyramid"],"picked":"Philosopher\u0027s Stone"}],"items_purged_floors":[],"is_endless":false,"potions_floor_spawned":[1,4,7,16,18,21,27,29,30,31],"killed_by":"Automaton","ascension_level":0}