{"gold_per_floor":[11,21,39,39,0,26,41,101,124,124,151,147,159,171,183,297,309,331,361,399,125,138,138,153,153,176,191,191,207,207,167,167,263,263,274,285,360,118,138,166,166,0,0,0,0,0,0,12,12,12],"floor_reached":51,"playtime":14416,"items_purged":[],"score":825,"play_id":"cd1c9aee-036a-489a-b75a-008a36338764","local_time":"20190210203336","is_ascension_mode":true,"campfire_choices":[{"data":"Terror","floor":10.0,"key":"SMITH"},{"floor":13.0,"key":"REST"},{"data":"Underhanded Strike","floor":15.0,"key":"SMITH"},{"data":"Leg Sweep","floor":23.0,"key":"SMITH"},{"data":"Bullet Time","floor":25.0,"key":"SMITH"},{"data":"Phantasmal Killer","floor":28.0,"key":"SMITH"},{"data":"Well Laid Plans","floor":30.0,"key":"SMITH"},{"floor":32.0,"key":"REST"},{"data":"Wraith Form v2","floor":41,"key":"SMITH"},{"data":"Accuracy","floor":45,"key":"SMITH"},{"data":"Cloak And Dagger","floor":47,"key":"SMITH"},{"floor":49,"key":"REST"}],"neow_cost":"NO_GOLD","seed_source_timestamp":0,"circlet_count":0,"master_deck":["Defend_G+1","Defend_G","Defend_G","Strike_G","Survivor","Neutralize+1","Infinite Blades+1","Underhanded Strike+1","PiercingWail","Terror+1","Leg Sweep+1","Bullet Time+1","Concentrate+1","Infinite Blades+1","Endless Agony+1","Backflip+1","Acrobatics+1","After Image","Heel Hook+1","Phantasmal Killer+1","Well Laid Plans+1","Wraith Form v2+1","Accuracy+1","Noxious Fumes","Cloak And Dagger+1","Backflip+1"],"special_seed":0,"relics":["Ring of the Snake","Art of War","Anchor","MawBank","Astrolabe","War Paint","Bag of Marbles","Potion Belt","White Beast Statue","Regal Pillow","Peace Pipe","Red Mask","Pocketwatch","Singing Bowl"],"potions_floor_usage":[35,40,40,40,48,50,50,50],"damage_taken":[{"damage":0.0,"enemies":"2 Louse","floor":1.0,"turns":4.0},{"damage":0.0,"enemies":"Jaw Worm","floor":2.0,"turns":6.0},{"damage":4.0,"enemies":"Small Slimes","floor":3.0,"turns":4.0},{"damage":8.0,"enemies":"Gremlin Nob","floor":6.0,"turns":4.0},{"damage":4.0,"enemies":"Red Slaver","floor":7.0,"turns":5.0},{"damage":11.0,"enemies":"Lagavulin","floor":11.0,"turns":7.0},{"damage":3.0,"enemies":"Exordium Thugs","floor":12.0,"turns":4.0},{"damage":34.0,"enemies":"The Guardian","floor":16.0,"turns":9.0},{"damage":13.0,"enemies":"Spheric Guardian","floor":18.0,"turns":5.0},{"damage":1.0,"enemies":"Shell Parasite","floor":19.0,"turns":3.0},{"damage":0.0,"enemies":"Centurion and Healer","floor":22.0,"turns":8.0},{"damage":9.0,"enemies":"Shelled Parasite and Fungi","floor":24.0,"turns":4.0},{"damage":0.0,"enemies":"Snecko","floor":27.0,"turns":6.0},{"damage":0.0,"enemies":"Centurion and Healer","floor":29.0,"turns":6.0},{"damage":12.0,"enemies":"Collector","floor":33.0,"turns":12.0},{"damage":10,"enemies":"Orb Walker","floor":35,"turns":4},{"damage":0,"enemies":"3 Shapes","floor":36,"turns":5},{"damage":11,"enemies":"Writhing Mass","floor":39,"turns":6},{"damage":0,"enemies":"Nemesis","floor":40,"turns":5},{"damage":0,"enemies":"4 Shapes","floor":48,"turns":8},{"damage":39,"enemies":"Donu and Deca","floor":50,"turns":10}],"seed_played":"321579050621896926","potions_obtained":[{"floor":2.0,"key":"SteroidPotion"},{"floor":6.0,"key":"AttackPotion"},{"floor":11.0,"key":"PowerPotion"},{"floor":16.0,"key":"SteroidPotion"},{"floor":19.0,"key":"Regen Potion"},{"floor":22.0,"key":"Weak Potion"},{"floor":31.0,"key":"GhostInAJar"},{"floor":31.0,"key":"Regen Potion"},{"floor":31.0,"key":"EntropicBrew"},{"floor":35,"key":"Explosive Potion"},{"floor":40,"key":"Poison Potion"},{"floor":48,"key":"LiquidBronze"}],"is_trial":false,"path_per_floor":["M","M","M","?","?","E","M","?","T","R","E","M","R","?","R","B",null,"M","M","T","$","M","R","M","R","T","M","R","M","R","?","R","B",null,"M","M","?","$","M","E","R","?","T","?","R","T","R","M","R","B",null],"character_chosen":"THE_SILENT","items_purchased":["After Image","Bag of Marbles","Noxious Fumes","Regal Pillow","Cloak And Dagger"],"campfire_rested":3,"item_purchase_floors":[21,21,38,38,38],"current_hp_per_floor":[70,70,66,52,52,44,40,40,40,40,29,26,47,47,47,13,56,43,42,42,42,57,57,48,48,48,48,48,48,48,48,69,70,70,60,60,53,53,42,42,42,42,42,42,42,42,42,44,72,33],"gold":12,"neow_bonus":"TRANSFORM_TWO_CARDS","is_prod":false,"is_daily":false,"chose_seed":false,"campfire_upgraded":9,"win_rate":0,"timestamp":1549856016,"path_taken":["M","M","M","?","?","E","M","?","T","R","E","M","R","?","R","BOSS","M","M","?","$","M","R","M","R","T","?","R","M","R","?","R","BOSS","M","?","?","$","?","E","R","?","T","?","R","?","R","M","R","BOSS"],"build_version":"2019-01-23","purchased_purges":0,"victory":true,"max_hp_per_floor":[70,70,70,70,70,70,70,70,70,70,70,70,70,70,70,70,70,70,70,70,70,70,70,70,70,70,70,70,70,70,70,70,70,70,70,70,70,70,70,70,70,70,70,70,70,70,70,72,72,72],"card_choices":[{"not_picked":["Slice","Quick Slash","Underhanded Strike"],"picked":"SKIP","floor":1.0},{"not_picked":["Deflect","Underhanded Strike"],"picked":"PiercingWail","floor":2.0},{"not_picked":["Tactician","Slice","PiercingWail"],"picked":"SKIP","floor":3.0},{"not_picked":["Deadly Poison","Catalyst","Wraith Form v2"],"picked":"SKIP","floor":6.0},{"not_picked":["Blade Dance","Infinite Blades"],"picked":"Terror","floor":7.0},{"not_picked":["Endless Agony","PiercingWail"],"picked":"Dagger Throw","floor":11.0},{"not_picked":["Dodge and Roll","Slice"],"picked":"Leg Sweep","floor":12.0},{"not_picked":["Corpse Explosion","Night Terror"],"picked":"Bullet Time","floor":16.0},{"not_picked":["Blade Dance","Finisher"],"picked":"Backflip","floor":18.0},{"not_picked":["Leg Sweep","Skewer"],"picked":"Acrobatics+1","floor":19.0},{"not_picked":["Infinite Blades+1","Calculated Gamble"],"picked":"Heel Hook+1","floor":22.0},{"not_picked":["Acrobatics","All Out Attack","Finisher"],"picked":"SKIP","floor":24.0},{"not_picked":["Bane","Poisoned Stab+1"],"picked":"Phantasmal Killer","floor":27.0},{"not_picked":["Endless Agony","Flechettes+1"],"picked":"Well Laid Plans","floor":29.0},{"not_picked":["Corpse Explosion","Grand Finale"],"picked":"Wraith Form v2","floor":33.0},{"not_picked":["Deflect+1","Acrobatics+1"],"picked":"Accuracy","floor":35},{"not_picked":["Dodge and Roll","Masterful Stab+1","Outmaneuver"],"picked":"SKIP","floor":36},{"not_picked":["Deflect","Catalyst"],"picked":"Backflip+1","floor":39},{"not_picked":["Quick Slash","Slice","Well Laid Plans+1"],"picked":"SKIP","floor":40},{"not_picked":["Concentrate","Skewer","Bouncing Flask"],"picked":"Singing Bowl","floor":48}],"player_experience":1787382,"relics_obtained":[{"floor":6.0,"key":"Art of War"},{"floor":9.0,"key":"Anchor"},{"floor":11.0,"key":"MawBank"},{"floor":20.0,"key":"War Paint"},{"floor":26.0,"key":"Potion Belt"},{"floor":40,"key":"Peace Pipe"},{"floor":43,"key":"Pocketwatch"},{"floor":46,"key":"Singing Bowl"}],"event_choices":[{"damage_healed":0.0,"max_hp_gain":0.0,"max_hp_loss":0.0,"gold_gain":0.0,"event_name":"Shining Light","player_choice":"Entered Light","floor":4.0,"gold_loss":0.0,"damage_taken":14.0,"cards_upgraded":["Infinite Blades","Neutralize"]},{"damage_healed":0.0,"max_hp_gain":0.0,"max_hp_loss":0.0,"gold_gain":0.0,"event_name":"World of Goop","player_choice":"Left Gold","floor":5.0,"gold_loss":39.0,"damage_taken":0.0},{"damage_healed":0.0,"max_hp_gain":0.0,"max_hp_loss":0.0,"gold_gain":60.0,"event_name":"Golden Wing","player_choice":"Gained Gold","floor":8.0,"gold_loss":0.0,"damage_taken":0.0},{"cards_removed":["Defend_G"],"damage_healed":0.0,"max_hp_gain":0.0,"max_hp_loss":0.0,"gold_gain":0.0,"event_name":"Purifier","player_choice":"Purged","floor":14.0,"gold_loss":0.0,"damage_taken":0.0},{"damage_healed":0.0,"max_hp_gain":0.0,"max_hp_loss":0.0,"gold_gain":0.0,"event_name":"The Woman in Blue","player_choice":"Bought 3 Potions","floor":31.0,"gold_loss":0.0,"damage_taken":0.0},{"damage_healed":0,"gold_gain":75,"player_choice":"Touch","damage_taken":7,"max_hp_gain":0,"max_hp_loss":0,"event_name":"FaceTrader","floor":37,"gold_loss":0},{"damage_healed":0,"gold_gain":0,"player_choice":"Paid","damage_taken":0,"relics_obtained":["Red Mask"],"max_hp_gain":0,"max_hp_loss":0,"event_name":"Tomb of Lord Red Mask","floor":42,"gold_loss":166},{"cards_removed":["Dagger Throw"],"damage_healed":0,"gold_gain":0,"player_choice":"Removed Attack","damage_taken":0,"max_hp_gain":0,"max_hp_loss":0,"event_name":"Falling","floor":44,"gold_loss":0}],"is_beta":false,"boss_relics":[{"not_picked":["Ectoplasm","Velvet Choker"],"picked":"Astrolabe"},{"not_picked":["Eternal Feather","Sozu"],"picked":"White Beast Statue"}],"items_purged_floors":[],"is_endless":false,"potions_floor_spawned":[2,6,11,16,19,22,35,36,39,40,48],"ascension_level":5}