{"gold_per_floor":[111,127,146,146,146,146,159,159,159,159,159,176,189,199,199,297,297,297,297,131,131,31,31,31,31,31,31,31,31,31,31,31,31,31,31,0,0,0,0,0,0,0,0,0,0,0,0,0,0,0],"floor_reached":50,"playtime":1807,"items_purged":["Strike_G","Strike_G"],"score":458,"play_id":"39068835-1374-45df-8b93-38ace0fa9fd9","local_time":"20190815074711","is_ascension_mode":false,"campfire_choices":[{"data":"Backstab","floor":6,"key":"SMITH"},{"data":"Backflip","floor":8,"key":"SMITH"},{"data":"Survivor","floor":10,"key":"SMITH"},{"floor":15,"key":"REST"},{"floor":23,"key":"REST"},{"data":"Blade Dance","floor":25,"key":"SMITH"},{"floor":27,"key":"REST"},{"data":"Cloak And Dagger","floor":32,"key":"SMITH"},{"floor":40,"key":"REST"},{"data":"A Thousand Cuts","floor":42,"key":"SMITH"},{"data":"Blade Dance","floor":45,"key":"SMITH"},{"data":"Backstab","floor":47,"key":"SMITH"},{"floor":49,"key":"REST"}],"neow_cost":"NONE","seed_source_timestamp":6187502026378,"circlet_count":0,"master_deck":["Strike_G","Strike_G","Defend_G","Defend_G","Defend_G","Defend_G+1","Defend_G","Survivor+1","Neutralize","Backstab+1","Noxious Fumes+1","Backflip+1","Prepared","Blade Dance+1","Escape Plan","Deadly Poison+1","Backstab+1","Blade Dance+1","Finisher","Outmaneuver","Bane+1","Cloak And Dagger+1","A Thousand Cuts+1","Blade Dance+1","Escape Plan","Blur","Cloak And Dagger+1","Parasite","Dagger Spray+1"],"relics":["Ring of the Serpent","NeowsBlessing","Ginger","Mercury Hourglass","Ectoplasm","Matryoshka","StoneCalendar","Red Mask","Blue Candle","Regal Pillow"],"potions_floor_usage":[7,12,16,16,16,33,38,50],"damage_taken":[{"damage":0,"enemies":"Cultist","floor":1,"turns":1},{"damage":0,"enemies":"Jaw Worm","floor":2,"turns":1},{"damage":0,"enemies":"Small Slimes","floor":3,"turns":1},{"damage":0,"enemies":"Exordium Wildlife","floor":7,"turns":3},{"damage":0,"enemies":"2 Fungi Beasts","floor":12,"turns":2},{"damage":0,"enemies":"Lots of Slimes","floor":13,"turns":3},{"damage":0,"enemies":"Gremlin Gang","floor":14,"turns":3},{"damage":4,"enemies":"Slime Boss","floor":16,"turns":7},{"damage":0,"enemies":"Chosen","floor":18,"turns":4},{"damage":0,"enemies":"Shell Parasite","floor":19,"turns":5},{"damage":26,"enemies":"Centurion and Healer","floor":21,"turns":5},{"damage":8,"enemies":"Cultist and Chosen","floor":24,"turns":5},{"damage":11,"enemies":"Book of Stabbing","floor":28,"turns":5},{"damage":16,"enemies":"Chosen and Byrds","floor":29,"turns":5},{"damage":6,"enemies":"Sentry and Sphere","floor":30,"turns":4},{"damage":47,"enemies":"Champ","floor":33,"turns":11},{"damage":15,"enemies":"3 Darklings","floor":35,"turns":5},{"damage":0,"enemies":"Orb Walker","floor":38,"turns":3},{"damage":6,"enemies":"Transient","floor":39,"turns":5},{"damage":9,"enemies":"Jaw Worm Horde","floor":41,"turns":5},{"damage":2,"enemies":"Writhing Mass","floor":46,"turns":5},{"damage":8,"enemies":"Sphere and 2 Shapes","floor":48,"turns":4},{"damage":101,"enemies":"Awakened One","floor":50,"turns":12}],"seed_played":"-1505753535782077787","potions_obtained":[{"floor":1,"key":"SkillPotion"},{"floor":7,"key":"EntropicBrew"},{"floor":19,"key":"FairyPotion"},{"floor":30,"key":"Swift Potion"},{"floor":33,"key":"SpeedPotion"},{"floor":35,"key":"Block Potion"},{"floor":46,"key":"SkillPotion"}],"is_trial":false,"path_per_floor":["M","M","M","$","?","R","M","R","T","R","T","M","M","M","R","B",null,"M","M","$","M","$","R","M","R","T","R","E","M","M","?","R","B",null,"M","?","?","M","M","R","M","R","T","$","R","M","R","M","R","B"],"character_chosen":"THE_SILENT","items_purchased":["Blade Dance","Finisher"],"campfire_rested":5,"item_purchase_floors":[20,20],"current_hp_per_floor":[70,70,70,70,56,56,56,56,56,56,56,56,56,56,70,66,70,70,70,70,44,44,65,57,57,57,70,59,43,37,60,60,13,70,55,55,55,55,49,70,61,61,61,61,61,59,59,51,70,0],"gold":0,"neow_bonus":"THREE_ENEMY_KILL","is_prod":false,"is_daily":false,"chose_seed":false,"campfire_upgraded":8,"win_rate":0,"timestamp":1565826431,"path_taken":["M","M","M","$","?","R","M","R","T","R","?","M","M","M","R","BOSS","M","M","$","M","?","R","M","R","T","R","E","?","M","?","R","BOSS","M","?","?","?","?","R","M","R","T","?","R","M","R","M","R","BOSS"],"build_version":"2019-07-17","purchased_purges":2,"victory":false,"max_hp_per_floor":[70,70,70,70,70,70,70,70,70,70,70,70,70,70,70,70,70,70,70,70,70,70,70,70,70,70,70,70,70,70,70,70,70,70,70,70,70,70,70,70,70,70,70,70,70,70,70,70,70,70],"card_choices":[{"not_picked":["Heel Hook","Quick Slash","Dagger Spray"],"picked":"SKIP","floor":1},{"not_picked":["Flying Knee","Sucker Punch"],"picked":"Backstab","floor":2},{"not_picked":["All Out Attack","Malaise"],"picked":"Noxious Fumes","floor":3},{"not_picked":["Sucker Punch","Bouncing Flask"],"picked":"Backflip","floor":7},{"not_picked":["Dodge and Roll","Quick Slash"],"picked":"Prepared","floor":12},{"not_picked":["Underhanded Strike","Skewer"],"picked":"Blade Dance","floor":13},{"not_picked":["Distraction","Flechettes"],"picked":"Escape Plan","floor":14},{"not_picked":["Backstab","Underhanded Strike"],"picked":"Deadly Poison+1","floor":18},{"not_picked":["Bane","PiercingWail"],"picked":"Backstab","floor":19},{"not_picked":["Poisoned Stab","Prepared","Dagger Spray"],"picked":"SKIP","floor":21},{"not_picked":["Predator+1","Dash","Sucker Punch+1"],"picked":"SKIP","floor":24},{"not_picked":["Masterful Stab","Storm of Steel"],"picked":"Outmaneuver","floor":28},{"not_picked":["Reflex","Expertise"],"picked":"Bane+1","floor":29},{"not_picked":["Quick Slash","Backflip"],"picked":"Cloak And Dagger","floor":30},{"not_picked":["Glass Knife","Doppelganger"],"picked":"A Thousand Cuts","floor":33},{"not_picked":["Quick Slash+1","Backstab"],"picked":"Blade Dance+1","floor":35},{"not_picked":["Finisher+1","Poisoned Stab+1"],"picked":"Escape Plan","floor":38},{"not_picked":["Noxious Fumes","Slice"],"picked":"Blur","floor":39},{"not_picked":["Deflect","Acrobatics+1"],"picked":"Cloak And Dagger+1","floor":41},{"not_picked":["Quick Slash+1","Outmaneuver+1","Prepared"],"picked":"SKIP","floor":46},{"not_picked":["Outmaneuver","Underhanded Strike+1"],"picked":"Dagger Spray+1","floor":48}],"player_experience":202861,"relics_obtained":[{"floor":9,"key":"Ginger"},{"floor":11,"key":"Mercury Hourglass"},{"floor":26,"key":"Matryoshka"},{"floor":28,"key":"StoneCalendar"},{"floor":43,"key":"Blue Candle"},{"floor":43,"key":"Regal Pillow"}],"event_choices":[{"damage_healed":0,"gold_gain":0,"player_choice":"Entered Light","damage_taken":14,"max_hp_gain":0,"max_hp_loss":0,"event_name":"Shining Light","floor":5,"gold_loss":0,"cards_upgraded":["Noxious Fumes","Defend_G"]},{"damage_healed":23,"gold_gain":0,"player_choice":"Heal","damage_taken":0,"max_hp_gain":0,"max_hp_loss":0,"event_name":"The Library","floor":31,"gold_loss":0},{"damage_healed":0,"gold_gain":0,"player_choice":"Paid","damage_taken":0,"relics_obtained":["Red Mask"],"max_hp_gain":0,"max_hp_loss":0,"event_name":"Tomb of Lord Red Mask","floor":36,"gold_loss":31},{"cards_removed":["Strike_G"],"damage_healed":0,"gold_gain":0,"player_choice":"Purged","damage_taken":0,"max_hp_gain":0,"max_hp_loss":0,"event_name":"Purifier","floor":37,"gold_loss":0}],"is_beta":false,"boss_relics":[{"not_picked":["Runic Dome","Black Star"],"picked":"Ectoplasm"},{"not_picked":["Tiny House","Cursed Key"],"picked":"Ring of the Serpent"}],"items_purged_floors":[20,22],"is_endless":false,"potions_floor_spawned":[1,7,12,19,30,33,35,46],"killed_by":"Awakened One","ascension_level":0}