{"gold_per_floor":[114,114,132,407,420,420,449,449,476,504,247,247,263,283,283,382,382,395,415,263,9,23,23,35,60,60,60,60,75,75,92,92,92],"floor_reached":33,"playtime":1948,"items_purged":["Regret","Defend_G","Strike_G"],"score":291,"play_id":"2da95a05-6605-4d9d-ab65-87938d14a15e","local_time":"20181110195604","is_ascension_mode":true,"campfire_choices":[{"data":"Well Laid Plans","floor":6,"key":"SMITH"},{"data":"Caltrops","floor":8,"key":"SMITH"},{"floor":12,"key":"REST"},{"floor":15,"key":"REST"},{"data":"Adrenaline","floor":23,"key":"SMITH"},{"data":"Caltrops","floor":27,"key":"SMITH"},{"floor":32,"key":"REST"}],"neow_cost":"NONE","seed_source_timestamp":527203296282,"circlet_count":0,"master_deck":["Defend_G+1","Defend_G+1","Defend_G+1","Defend_G+1","Strike_G+1","Strike_G+1","Strike_G+1","Strike_G+1","Survivor","Neutralize","Backflip+1","Poisoned Stab","Well Laid Plans+1","Caltrops+1","Noxious Fumes","Noxious Fumes","Slice","Calculated Gamble","Leg Sweep","Deadly Poison","Adrenaline+1","Caltrops+1","Outmaneuver+1","Deflect","Deadly Poison","Slice","Poisoned Stab","Prepared+1","Endless Agony","Infinite Blades+1","Doubt","Deflect+1","Setup"],"relics":["Ring of the Snake","Anchor","Centennial Puzzle","Blood Vial","Cursed Key","Question Card","Mummified Hand"],"potions_floor_usage":[7,10,18,22,24,24,24,24,33],"damage_taken":[{"damage":2,"enemies":"Small Slimes","floor":1,"turns":4},{"damage":1,"enemies":"Cultist","floor":3,"turns":5},{"damage":3,"enemies":"2 Louse","floor":5,"turns":2},{"damage":29,"enemies":"3 Sentries","floor":7,"turns":12},{"damage":36,"enemies":"Gremlin Nob","floor":10,"turns":5},{"damage":16,"enemies":"Gremlin Gang","floor":13,"turns":4},{"damage":3,"enemies":"Lots of Slimes","floor":14,"turns":3},{"damage":26,"enemies":"The Guardian","floor":16,"turns":8},{"damage":0,"enemies":"3 Byrds","floor":18,"turns":3},{"damage":5,"enemies":"Spheric Guardian","floor":19,"turns":4},{"damage":0,"enemies":"Snecko","floor":22,"turns":4},{"damage":5,"enemies":"Centurion and Healer","floor":24,"turns":4},{"damage":9,"enemies":"Book of Stabbing","floor":25,"turns":5},{"damage":23,"enemies":"3 Cultists","floor":29,"turns":5},{"damage":0,"enemies":"Snake Plant","floor":31,"turns":3},{"damage":57,"enemies":"Collector","floor":33,"turns":4}],"seed_played":"-148710119630667549","potions_obtained":[{"floor":5,"key":"EssenceOfSteel"},{"floor":7,"key":"Block Potion"},{"floor":13,"key":"GhostInAJar"},{"floor":16,"key":"EntropicBrew"},{"floor":19,"key":"Weak Potion"},{"floor":29,"key":"SneckoOil"},{"floor":31,"key":"AttackPotion"}],"is_trial":false,"path_per_floor":["M","?","M","?","M","R","E","R","T","E","$","R","M","M","R","B",null,"M","M","$","$","M","R","M","E","T","R","?","M","?","M","R","B"],"character_chosen":"THE_SILENT","items_purchased":["Noxious Fumes","Slice","Calculated Gamble","Deflect","Deadly Poison","Slice","Poisoned Stab"],"campfire_rested":3,"item_purchase_floors":[11,11,11,20,21,21,21],"current_hp_per_floor":[75,75,74,74,71,71,42,42,42,6,6,29,15,14,37,13,77,77,72,72,72,74,74,71,64,64,64,64,43,29,31,55,0],"gold":92,"neow_bonus":"TEN_PERCENT_HP_BONUS","is_prod":false,"is_daily":false,"chose_seed":false,"campfire_upgraded":4,"win_rate":0,"timestamp":1541867164,"path_taken":["M","?","?","?","?","R","E","R","T","E","$","R","M","M","R","BOSS","M","M","?","$","M","R","M","E","T","R","?","M","?","M","R","BOSS"],"build_version":"2018-11-08","purchased_purges":3,"victory":false,"max_hp_per_floor":[77,77,77,77,77,77,77,77,77,77,77,77,77,77,77,77,77,77,77,77,77,77,77,77,77,77,77,77,77,82,82,82,82],"card_choices":[{"not_picked":["Expertise","PiercingWail"],"picked":"Backflip","floor":1},{"not_picked":["Finisher","Dash"],"picked":"Poisoned Stab","floor":3},{"not_picked":["PiercingWail","Acrobatics"],"picked":"Well Laid Plans","floor":5},{"not_picked":["Bullet Time","Cloak And Dagger"],"picked":"Caltrops","floor":7},{"not_picked":["Unload","Choke"],"picked":"Noxious Fumes","floor":10},{"not_picked":["Slice","Poisoned Stab"],"picked":"Leg Sweep","floor":13},{"not_picked":["Dagger Throw","Cloak And Dagger"],"picked":"Deadly Poison","floor":14},{"not_picked":["Burst","Tools of the Trade"],"picked":"Adrenaline","floor":16},{"not_picked":["Poisoned Stab","Terror"],"picked":"Caltrops","floor":18},{"not_picked":["Well Laid Plans","Dagger Throw"],"picked":"Outmaneuver+1","floor":19},{"not_picked":["Predator","Backflip"],"picked":"Prepared+1","floor":22},{"not_picked":["All Out Attack","Dagger Throw+1"],"picked":"Endless Agony","floor":24},{"not_picked":["Blade Dance+1","Poisoned Stab+1"],"picked":"Infinite Blades+1","floor":25},{"not_picked":["Heel Hook","Flying Knee+1","Slice"],"picked":"Deflect+1","floor":29},{"not_picked":["Dagger Throw","Cloak And Dagger","Tactician"],"picked":"Setup","floor":31}],"player_experience":144433,"relics_obtained":[{"floor":7,"key":"Anchor"},{"floor":9,"key":"Centennial Puzzle"},{"floor":10,"key":"Blood Vial"},{"floor":25,"key":"Question Card"},{"floor":26,"key":"Mummified Hand"}],"event_choices":[{"damage_healed":0,"gold_gain":0,"player_choice":"Forge","damage_taken":0,"max_hp_gain":0,"max_hp_loss":0,"event_name":"Accursed Blacksmith","floor":2,"gold_loss":0,"cards_upgraded":["Backflip"]},{"damage_healed":0,"gold_gain":275,"player_choice":"Desecrate","damage_taken":0,"max_hp_gain":0,"max_hp_loss":0,"event_name":"Golden Shrine","floor":4,"gold_loss":0,"cards_obtained":["Regret"]},{"damage_healed":0,"gold_gain":0,"player_choice":"Simplicity","damage_taken":0,"max_hp_gain":0,"max_hp_loss":0,"event_name":"Back to Basics","floor":28,"gold_loss":0,"cards_upgraded":["Defend_G","Defend_G","Defend_G","Defend_G","Strike_G","Strike_G","Strike_G","Strike_G"]},{"damage_healed":0,"gold_gain":0,"player_choice":"Shed Blood","damage_taken":19,"max_hp_gain":5,"max_hp_loss":0,"event_name":"Forgotten Altar","floor":30,"gold_loss":0}],"is_beta":true,"boss_relics":[{"not_picked":["White Beast Statue","Lizard Tail"],"picked":"Cursed Key"}],"items_purged_floors":[11,20,21],"is_endless":false,"potions_floor_spawned":[5,7,13,16,19,29,31],"killed_by":"Collector","ascension_level":1}