{"gold_per_floor":[365,385,560,578,590,625,625,650,650,676,46,46,63,63,63,63],"floor_reached":16,"playtime":746,"items_purged":["Doubt"],"score":126,"play_id":"d7b1074b-b569-4a57-ace9-eeb2a1012555","local_time":"20190114040830","is_ascension_mode":true,"campfire_choices":[{"floor":7.0,"key":"REST"},{"floor":15,"key":"REST"}],"neow_cost":"TEN_PERCENT_HP_LOSS","seed_source_timestamp":0,"circlet_count":0,"master_deck":["Defend_G","Defend_G","Defend_G","Defend_G","Defend_G","Strike_G","Strike_G","Strike_G","Strike_G","Strike_G","Survivor","Neutralize","Sucker Punch","Setup","Blade Dance","Poisoned Stab","Blur","Well Laid Plans","Envenom","Caltrops","Blade Dance","Infinite Blades","Sucker Punch+1","Acrobatics","Parasite"],"special_seed":0,"relics":["Ring of the Snake","Darkstone Periapt","The Courier","Molten Egg 2","Singing Bowl","Mercury Hourglass","Meat on the Bone"],"potions_floor_usage":[13],"damage_taken":[{"damage":2.0,"enemies":"Small Slimes","floor":1.0,"turns":4.0},{"damage":1.0,"enemies":"Cultist","floor":2.0,"turns":4.0},{"damage":2.0,"enemies":"Jaw Worm","floor":4.0,"turns":5.0},{"damage":8.0,"enemies":"3 Louse","floor":5.0,"turns":5.0},{"damage":10.0,"enemies":"Gremlin Nob","floor":6.0,"turns":5.0},{"damage":29.0,"enemies":"3 Sentries","floor":8.0,"turns":12.0},{"damage":18.0,"enemies":"Lagavulin","floor":10.0,"turns":11.0},{"damage":9,"enemies":"Gremlin Gang","floor":13,"turns":4},{"damage":57,"enemies":"Slime Boss","floor":16,"turns":8}],"seed_played":"8173728271462143754","potions_obtained":[{"floor":2.0,"key":"Block Potion"},{"floor":8.0,"key":"Dexterity Potion"},{"floor":10.0,"key":"Energy Potion"}],"is_trial":false,"path_per_floor":["M","M","?","M","M","E","R","E","T","E","$","?","M","?","R","B"],"character_chosen":"THE_SILENT","items_purchased":["Caltrops","Blade Dance","Mercury Hourglass","Infinite Blades","Meat on the Bone","Sucker Punch+1"],"campfire_rested":2,"item_purchase_floors":[11,11,11,11,11,11],"current_hp_per_floor":[61,60,60,58,50,40,58,29,29,11,11,11,14,35,55,0],"gold":63,"neow_bonus":"TWO_FIFTY_GOLD","is_prod":false,"is_daily":false,"chose_seed":false,"campfire_upgraded":0,"win_rate":0,"timestamp":1547426310,"path_taken":["M","M","?","M","M","E","R","E","T","E","$","?","?","?","R","BOSS"],"build_version":"2019-01-10","purchased_purges":1,"victory":false,"max_hp_per_floor":[63,63,63,63,63,63,63,63,63,63,63,63,63,69,69,69],"card_choices":[{"not_picked":["Dagger Spray","Crippling Poison"],"picked":"Sucker Punch","floor":1.0},{"not_picked":["Riddle With Holes","Dodge and Roll"],"picked":"Setup","floor":2.0},{"not_picked":["Acrobatics","Quick Slash"],"picked":"Blade Dance","floor":4.0},{"not_picked":["Sucker Punch","Deadly Poison"],"picked":"Poisoned Stab","floor":5.0},{"not_picked":["Prepared","Distraction"],"picked":"Blur","floor":6.0},{"not_picked":["All Out Attack","Finisher"],"picked":"Well Laid Plans","floor":8.0},{"not_picked":["Deadly Poison","Dagger Throw+1"],"picked":"Envenom","floor":10.0},{"not_picked":["Underhanded Strike+1","Choke+1"],"picked":"Acrobatics","floor":13}],"player_experience":430814,"relics_obtained":[{"floor":6.0,"key":"Darkstone Periapt"},{"floor":8.0,"key":"The Courier"},{"floor":9.0,"key":"Molten Egg 2"},{"floor":10.0,"key":"Singing Bowl"}],"event_choices":[{"damage_healed":0.0,"max_hp_gain":0.0,"max_hp_loss":0.0,"gold_gain":175.0,"event_name":"Liars Game","player_choice":"AGREE","floor":3.0,"gold_loss":0.0,"damage_taken":0.0,"cards_obtained":["Doubt"]},{"damage_healed":0.0,"max_hp_gain":0.0,"max_hp_loss":0.0,"gold_gain":0.0,"event_name":"NoteForYourself","player_choice":"Ignored","floor":12.0,"gold_loss":0.0,"damage_taken":0.0},{"damage_healed":15,"gold_gain":0,"player_choice":"Healed and dodged fight","damage_taken":0,"max_hp_gain":0,"max_hp_loss":0,"event_name":"Mushrooms","floor":14,"gold_loss":0,"cards_obtained":["Parasite"]}],"is_beta":true,"boss_relics":[],"items_purged_floors":[11],"is_endless":false,"potions_floor_spawned":[2,8,10],"killed_by":"Slime Boss","ascension_level":1}