{"gold_per_floor":[112,130,130,150,169,204,204,229,252,252,252,270,302,318,318,423,423,395,423,423,443,458,458,458,5,30,47,47,59,74,87,87,187,187,205,221,443,456,468,468,496,496],"floor_reached":42,"playtime":3886,"items_purged":[],"score":529,"play_id":"0fb04185-c55a-43f4-9511-c78d65cb4138","local_time":"20190628165710","is_ascension_mode":false,"campfire_choices":[{"data":"Footwork","floor":7,"key":"SMITH"},{"floor":10,"key":"REST"},{"data":"Noxious Fumes","floor":15,"key":"SMITH"},{"floor":23,"key":"REST"},{"floor":28,"key":"REST"},{"floor":32,"key":"REST"},{"floor":40,"key":"REST"}],"neow_cost":"NONE","seed_source_timestamp":84853776592900,"circlet_count":0,"master_deck":["Defend_G+1","Defend_G+1","Defend_G+1","Defend_G+1","Defend_G+1","Strike_G+1","Strike_G+1","Strike_G+1","Strike_G+1","Strike_G+1","Survivor","Neutralize","Infinite Blades+1","Poisoned Stab","Crippling Poison","Footwork+1","Blade Dance","Envenom","Predator","Noxious Fumes+1","Caltrops","A Thousand Cuts","Blade Dance","PiercingWail","Dagger Throw","Deadly Poison+1","Slice","Phantasmal Killer+1","Flying Knee","Outmaneuver+1","After Image","Blade Dance+1","Acrobatics+1","PiercingWail+1","Sucker Punch+1","Noxious Fumes+1"],"relics":["Ring of the Snake","Darkstone Periapt","PreservedInsect","Anchor","Happy Flower","Sozu","Red Mask","Membership Card","Toxic Egg 2","Letter Opener","Lantern","WristBlade","Pear"],"potions_floor_usage":[],"damage_taken":[{"damage":1,"enemies":"Cultist","floor":1,"turns":5},{"damage":0,"enemies":"2 Louse","floor":2,"turns":3},{"damage":3,"enemies":"Jaw Worm","floor":4,"turns":3},{"damage":4,"enemies":"Blue Slaver","floor":5,"turns":6},{"damage":0,"enemies":"Lagavulin","floor":6,"turns":9},{"damage":16,"enemies":"3 Sentries","floor":8,"turns":10},{"damage":1,"enemies":"2 Fungi Beasts","floor":12,"turns":5},{"damage":16,"enemies":"Gremlin Nob","floor":13,"turns":4},{"damage":1,"enemies":"Exordium Wildlife","floor":14,"turns":4},{"damage":42,"enemies":"Hexaghost","floor":16,"turns":8},{"damage":14,"enemies":"2 Thieves","floor":18,"turns":5},{"damage":31,"enemies":"Masked Bandits","floor":19,"turns":5},{"damage":10,"enemies":"Chosen","floor":21,"turns":5},{"damage":14,"enemies":"Snecko","floor":22,"turns":5},{"damage":3,"enemies":"Shelled Parasite and Fungi","floor":27,"turns":5},{"damage":7,"enemies":"Snake Plant","floor":29,"turns":4},{"damage":14,"enemies":"Snecko","floor":30,"turns":5},{"damage":14,"enemies":"Chosen and Byrds","floor":31,"turns":5},{"damage":25,"enemies":"Champ","floor":33,"turns":9},{"damage":20,"enemies":"Orb Walker","floor":35,"turns":4},{"damage":6,"enemies":"3 Darklings","floor":36,"turns":4},{"damage":11,"enemies":"Transient","floor":38,"turns":5},{"damage":19,"enemies":"Sphere and 2 Shapes","floor":39,"turns":3},{"damage":30,"enemies":"Reptomancer","floor":41,"turns":6},{"damage":32,"enemies":"Spire Growth","floor":42,"turns":4}],"seed_played":"-2054112717419995071","potions_obtained":[{"floor":1,"key":"Fire Potion"},{"floor":6,"key":"Poison Potion"},{"floor":13,"key":"FearPotion"}],"is_trial":false,"path_per_floor":["M","M","?","M","M","E","R","E","T","R","?","M","E","M","R","B",null,"M","?","?","M","M","R","?","$","T","M","R","M","M","M","R","B",null,"M","M","?","M","M","R","E","M"],"character_chosen":"THE_SILENT","items_purchased":["Membership Card","Toxic Egg 2","Letter Opener"],"campfire_rested":5,"item_purchase_floors":[25,25,25],"current_hp_per_floor":[76,76,76,73,69,69,69,53,53,76,81,80,64,63,63,21,82,68,37,37,27,13,37,37,37,37,34,58,51,37,23,47,22,82,62,56,56,45,26,50,30,0],"gold":496,"neow_bonus":"TEN_PERCENT_HP_BONUS","is_prod":false,"is_daily":false,"chose_seed":false,"campfire_upgraded":2,"win_rate":0.0,"timestamp":1561723030,"path_taken":["M","M","?","M","M","E","R","E","T","R","?","M","E","M","R","BOSS","M","?","?","M","M","R","?","$","T","M","R","?","M","M","R","BOSS","M","M","?","M","M","R","E","M"],"build_version":"2019-01-23","purchased_purges":0,"victory":false,"max_hp_per_floor":[77,77,77,77,77,77,77,77,77,77,82,82,82,82,82,82,82,82,82,82,82,82,82,82,82,82,82,82,82,82,82,82,82,82,82,82,82,82,82,82,92,92],"card_choices":[{"not_picked":["Blade Dance","Underhanded Strike"],"picked":"Infinite Blades","floor":1},{"not_picked":["Crippling Poison","Quick Slash"],"picked":"Poisoned Stab","floor":2},{"not_picked":["Reflex","Masterful Stab"],"picked":"Crippling Poison","floor":4},{"not_picked":["Blade Dance","Dagger Throw"],"picked":"Footwork","floor":5},{"not_picked":["Slice","Dagger Throw"],"picked":"Blade Dance","floor":6},{"not_picked":["Tactician","Sucker Punch"],"picked":"Envenom","floor":8},{"not_picked":["Dagger Throw","Underhanded Strike"],"picked":"Predator","floor":12},{"not_picked":["Blade Dance","Expertise"],"picked":"Noxious Fumes","floor":13},{"not_picked":["Acrobatics","Backflip"],"picked":"Caltrops","floor":14},{"not_picked":["Unload","Tools of the Trade"],"picked":"A Thousand Cuts","floor":16},{"not_picked":["Flechettes","Dagger Spray"],"picked":"Blade Dance","floor":18},{"not_picked":["All Out Attack","Backstab"],"picked":"PiercingWail","floor":19},{"not_picked":["Underhanded Strike","Choke"],"picked":"Dagger Throw","floor":21},{"not_picked":["Poisoned Stab","Backflip+1"],"picked":"Deadly Poison+1","floor":22},{"not_picked":["Eviscerate","Well Laid Plans"],"picked":"Slice","floor":27},{"not_picked":["Acrobatics+1","Blur+1"],"picked":"Phantasmal Killer+1","floor":29},{"not_picked":["Endless Agony","Quick Slash"],"picked":"Flying Knee","floor":30},{"not_picked":["Endless Agony","Footwork+1"],"picked":"Outmaneuver+1","floor":31},{"not_picked":["Phantasmal Killer+1","Tools of the Trade"],"picked":"After Image","floor":33},{"not_picked":["Dagger Throw","Prepared+1"],"picked":"Blade Dance+1","floor":35},{"not_picked":["Sucker Punch+1","Underhanded Strike"],"picked":"Acrobatics+1","floor":36},{"not_picked":["Deadly Poison+1","Dodge and Roll+1"],"picked":"PiercingWail+1","floor":38},{"not_picked":["Caltrops+1","Heel Hook"],"picked":"Sucker Punch+1","floor":39},{"not_picked":["Outmaneuver+1","PiercingWail+1"],"picked":"Noxious Fumes+1","floor":41}],"player_experience":29699,"relics_obtained":[{"floor":6,"key":"Darkstone Periapt"},{"floor":8,"key":"PreservedInsect"},{"floor":9,"key":"Anchor"},{"floor":13,"key":"Happy Flower"},{"floor":19,"key":"Red Mask"},{"floor":26,"key":"Lantern"},{"floor":41,"key":"Pear"}],"event_choices":[{"damage_healed":0,"gold_gain":0,"player_choice":"Grow","damage_taken":0,"max_hp_gain":0,"max_hp_loss":0,"event_name":"Living Wall","floor":3,"gold_loss":0,"cards_upgraded":["Infinite Blades"]},{"damage_healed":0,"gold_gain":0,"player_choice":"Donut","damage_taken":0,"max_hp_gain":5,"max_hp_loss":0,"event_name":"Big Fish","floor":11,"gold_loss":0},{"damage_healed":0,"gold_gain":0,"player_choice":"Fought Bandits","damage_taken":0,"max_hp_gain":0,"max_hp_loss":0,"event_name":"Masked Bandits","floor":19,"gold_loss":0},{"damage_healed":0,"gold_gain":0,"player_choice":"Ignored","damage_taken":0,"max_hp_gain":0,"max_hp_loss":0,"event_name":"Ghosts","floor":20,"gold_loss":0},{"damage_healed":0,"gold_gain":0,"player_choice":"Simplicity","damage_taken":0,"max_hp_gain":0,"max_hp_loss":0,"event_name":"Back to Basics","floor":24,"gold_loss":0,"cards_upgraded":["Defend_G","Defend_G","Defend_G","Defend_G","Defend_G","Strike_G","Strike_G","Strike_G","Strike_G","Strike_G"]},{"damage_healed":0,"gold_gain":222,"player_choice":"Wore Mask","damage_taken":0,"max_hp_gain":0,"max_hp_loss":0,"event_name":"Tomb of Lord Red Mask","floor":37,"gold_loss":0}],"is_beta":false,"boss_relics":[{"not_picked":["HoveringKite","Velvet Choker"],"picked":"Sozu"},{"not_picked":["Ring of the Serpent","Lizard Tail"],"picked":"WristBlade"}],"items_purged_floors":[],"is_endless":false,"potions_floor_spawned":[1,6,13,14,16,19,22,27,30,36],"killed_by":"Spire Growth","ascension_level":0}