{"gold_per_floor":[111,111,127,52,52,52,52,52,52,65,76,95,95,95,95,196,196,215,140,5,5,18,18,18],"floor_reached":24,"playtime":854,"items_purged":["Decay"],"score":193,"play_id":"732db957-b7aa-4345-ba83-209b0654af3c","local_time":"20181226183257","is_ascension_mode":true,"campfire_choices":[{"data":"Demon Form","floor":6,"key":"SMITH"},{"data":"Defend_R","floor":8,"key":"SMITH"},{"data":"Havoc","floor":13,"key":"SMITH"},{"data":"Combust","floor":15,"key":"SMITH"},{"floor":23,"key":"REST"}],"neow_cost":"CURSE","seed_source_timestamp":183384375424595,"circlet_count":0,"master_deck":["Strike_R","Strike_R","Strike_R","Strike_R","Defend_R","Defend_R","Defend_R","Defend_R+1","Demon Form+1","Havoc+1","Second Wind","Combust+1","Offering","Rupture","Rage","Shrug It Off","Anger","Brutality","Necronomicurse","Cleave+1"],"relics":["Burning Blood","Dodecahedron","Shuriken","Orrery","Necronomicon"],"potions_floor_usage":[3,24],"damage_taken":[{"damage":8,"enemies":"2 Louse","floor":1,"turns":3},{"damage":7,"enemies":"Jaw Worm","floor":3,"turns":4},{"damage":8,"enemies":"Small Slimes","floor":10,"turns":3},{"damage":12,"enemies":"Exordium Thugs","floor":11,"turns":5},{"damage":10,"enemies":"Red Slaver","floor":12,"turns":4},{"damage":54,"enemies":"Hexaghost","floor":16,"turns":8},{"damage":26,"enemies":"Spheric Guardian","floor":18,"turns":4},{"damage":24,"enemies":"Chosen","floor":22,"turns":5},{"damage":50,"enemies":"Snecko","floor":24,"turns":6}],"seed_played":"6988301570163288015","potions_obtained":[{"floor":1,"key":"Strength Potion"},{"floor":16,"key":"Ancient Potion"},{"floor":18,"key":"Block Potion"}],"is_trial":false,"path_per_floor":["M","?","M","$","?","R","?","R","T","M","M","M","R","$","R","B",null,"M","?","$","?","M","R","M"],"character_chosen":"IRONCLAD","items_purchased":["Brutality"],"campfire_rested":1,"item_purchase_floors":[20],"current_hp_per_floor":[78,75,74,74,67,67,72,72,72,70,64,60,60,60,60,12,80,60,60,60,44,26,50,0],"gold":18,"neow_bonus":"THREE_RARE_CARDS","is_prod":false,"is_daily":false,"chose_seed":false,"campfire_upgraded":4,"win_rate":0,"timestamp":1545836577,"path_taken":["M","?","M","$","?","R","?","R","T","M","M","?","R","?","R","BOSS","M","?","$","?","M","R","M"],"build_version":"2018-12-25","purchased_purges":1,"victory":false,"max_hp_per_floor":[80,80,80,80,80,80,80,80,80,80,80,80,80,80,80,80,80,80,80,80,80,80,80,80],"card_choices":[{"not_picked":["Limit Break","Impervious"],"picked":"Demon Form","floor":0},{"not_picked":["True Grit","Warcry"],"picked":"Headbutt","floor":1},{"not_picked":["Warcry","True Grit","Armaments"],"picked":"SKIP","floor":3},{"not_picked":["Headbutt","Armaments"],"picked":"Havoc","floor":10},{"not_picked":["Headbutt","Wild Strike"],"picked":"Second Wind","floor":11},{"not_picked":["Iron Wave","Wild Strike"],"picked":"Combust","floor":12},{"not_picked":["Barricade","Brutality"],"picked":"Offering","floor":16},{"not_picked":["Body Slam","Sever Soul"],"picked":"Rupture","floor":17},{"not_picked":["Havoc","Carnage"],"picked":"Rage","floor":17},{"not_picked":["Warcry","Corruption"],"picked":"Shrug It Off","floor":17},{"not_picked":["Bloodletting","Twin Strike"],"picked":"Anger","floor":17},{"not_picked":["Twin Strike+1","Ghostly Armor","Corruption+1"],"picked":"SKIP","floor":18},{"not_picked":["Brutality","Sever Soul"],"picked":"Cleave+1","floor":22}],"player_experience":247282,"relics_obtained":[{"floor":9,"key":"Shuriken"},{"floor":21,"key":"Necronomicon"}],"event_choices":[{"damage_healed":0,"gold_gain":0,"player_choice":"Success","damage_taken":3,"relics_obtained":["Dodecahedron"],"max_hp_gain":0,"max_hp_loss":0,"event_name":"Scrap Ooze","floor":2,"gold_loss":0},{"cards_removed":["Bash"],"damage_healed":0,"gold_gain":0,"player_choice":"Card Removal","damage_taken":7,"max_hp_gain":0,"max_hp_loss":0,"event_name":"Golden Wing","floor":5,"gold_loss":0},{"cards_removed":["Headbutt"],"damage_healed":5,"gold_gain":0,"player_choice":"Offered Common","damage_taken":0,"max_hp_gain":0,"max_hp_loss":0,"event_name":"Bonfire Elementals","floor":7,"gold_loss":0},{"cards_removed":["Headbutt"],"damage_healed":5,"gold_gain":0,"player_choice":"Offered Special","damage_taken":0,"max_hp_gain":0,"max_hp_loss":0,"event_name":"Bonfire Elementals","floor":7,"gold_loss":0},{"cards_removed":["Strike_R"],"damage_healed":0,"gold_gain":0,"player_choice":"Gave Gold","damage_taken":0,"max_hp_gain":0,"max_hp_loss":0,"event_name":"Beggar","floor":19,"gold_loss":75},{"damage_healed":0,"gold_gain":0,"player_choice":"Obtained Book","damage_taken":16,"max_hp_gain":0,"max_hp_loss":0,"event_name":"Cursed Tome","floor":21,"gold_loss":0}],"is_beta":true,"boss_relics":[{"not_picked":["Tiny House","Runic Cube"],"picked":"Orrery"}],"items_purged_floors":[4],"is_endless":false,"potions_floor_spawned":[1,16,18],"killed_by":"Snecko","ascension_level":1}