{"gold_per_floor":[113,15,90,90,101,101,120,120,144,144,157,157,45,63,63,167,167,183,183,198,123,138,138,38,51,103,103,153,153],"floor_reached":29,"playtime":932,"items_purged":["Strike_R","Havoc+1"],"score":256,"play_id":"929d718f-67c2-446c-a497-5e10c445a0c1","local_time":"20190711181835","is_ascension_mode":true,"campfire_choices":[{"data":"Carnage","floor":6,"key":"SMITH"},{"data":"Shockwave","floor":8,"key":"SMITH"},{"data":"Headbutt","floor":10,"key":"SMITH"},{"data":"Barricade","floor":15,"key":"SMITH"},{"data":"Metallicize","floor":23,"key":"SMITH"},{"data":"Flame Barrier","floor":27,"key":"SMITH"}],"neow_cost":"PERCENT_DAMAGE","seed_source_timestamp":160153461939,"circlet_count":0,"master_deck":["Strike_R","Strike_R","Strike_R","Defend_R","Defend_R","Defend_R","Bash","Shockwave+1","Headbutt+1","Carnage+1","Metallicize+1","Flame Barrier+1","Barricade+1","Reaper","Metallicize+1","Spot Weakness","Inflame","Demon Form"],"relics":["Burning Blood","Juzu Bracelet","Lizard Tail","Bag of Marbles"],"potions_floor_usage":[7,11,18,22,29],"damage_taken":[{"damage":16,"enemies":"Jaw Worm","floor":1,"turns":4},{"damage":0,"enemies":"2 Louse","floor":5,"turns":2},{"damage":3,"enemies":"Small Slimes","floor":7,"turns":3},{"damage":5,"enemies":"Blue Slaver","floor":11,"turns":3},{"damage":0,"enemies":"2 Fungi Beasts","floor":14,"turns":3},{"damage":15,"enemies":"Slime Boss","floor":16,"turns":9},{"damage":48,"enemies":"Spheric Guardian","floor":18,"turns":10},{"damage":5,"enemies":"Shell Parasite","floor":20,"turns":6},{"damage":37,"enemies":"Centurion and Healer","floor":22,"turns":12},{"damage":64,"enemies":"3 Cultists","floor":25,"turns":9},{"damage":53,"enemies":"Sentry and Sphere","floor":29,"turns":5}],"seed_played":"-2578399661976595644","potions_obtained":[{"floor":1,"key":"Energy Potion"},{"floor":5,"key":"Fire Potion"},{"floor":7,"key":"LiquidBronze"},{"floor":18,"key":"BloodPotion"},{"floor":25,"key":"PowerPotion"}],"is_trial":false,"path_per_floor":["M","$","?","?","M","R","M","R","T","R","M","?","$","M","R","B",null,"M","?","M","$","M","R","$","M","T","R","?","M"],"character_chosen":"IRONCLAD","items_purchased":["Shockwave","Headbutt","Metallicize","Flame Barrier"],"campfire_rested":0,"item_purchase_floors":[2,2,13,13],"current_hp_per_floor":[46,46,35,35,41,41,44,44,44,44,45,71,71,77,77,68,80,42,42,43,43,52,52,52,46,46,46,46,0],"gold":153,"neow_bonus":"REMOVE_TWO","is_prod":false,"is_daily":false,"chose_seed":false,"campfire_upgraded":6,"win_rate":0,"timestamp":1562856515,"path_taken":["M","$","?","?","M","R","M","R","T","R","M","?","?","M","R","BOSS","M","?","M","$","M","R","?","M","T","R","?","M"],"build_version":"2019-06-11","purchased_purges":2,"victory":false,"max_hp_per_floor":[80,80,80,80,80,80,80,80,80,80,80,80,80,80,80,80,80,80,80,80,80,80,80,80,80,80,80,80,80],"card_choices":[{"not_picked":["Entrench","Perfected Strike","Twin Strike"],"picked":"SKIP","floor":1},{"not_picked":["True Grit","Flex"],"picked":"Carnage","floor":5},{"not_picked":["Perfected Strike","Warcry","Bloodletting"],"picked":"SKIP","floor":7},{"not_picked":["Twin Strike","Thunderclap"],"picked":"Havoc","floor":11},{"not_picked":["Sword Boomerang","Headbutt"],"picked":"Barricade","floor":14},{"not_picked":["Barricade","Fiend Fire"],"picked":"Reaper","floor":16},{"not_picked":["Headbutt","Twin Strike+1"],"picked":"Metallicize+1","floor":18},{"not_picked":["Whirlwind","Sword Boomerang+1"],"picked":"Spot Weakness","floor":20},{"not_picked":["Body Slam","Heavy Blade"],"picked":"Inflame","floor":22},{"not_picked":["Twin Strike","Dropkick"],"picked":"Demon Form","floor":25}],"player_experience":726086,"relics_obtained":[{"floor":9,"key":"Juzu Bracelet"},{"floor":26,"key":"Bag of Marbles"}],"event_choices":[{"damage_healed":0,"gold_gain":75,"player_choice":"Gather Gold","damage_taken":11,"max_hp_gain":0,"max_hp_loss":0,"event_name":"World of Goop","floor":3,"gold_loss":0},{"damage_healed":0,"gold_gain":0,"player_choice":"Fled","damage_taken":0,"max_hp_gain":0,"max_hp_loss":0,"event_name":"Scrap Ooze","floor":4,"gold_loss":0},{"damage_healed":26,"gold_gain":0,"player_choice":"Banana","damage_taken":0,"max_hp_gain":0,"max_hp_loss":0,"event_name":"Big Fish","floor":12,"gold_loss":0},{"damage_healed":0,"gold_gain":0,"player_choice":"Forge","damage_taken":0,"max_hp_gain":0,"max_hp_loss":0,"event_name":"Accursed Blacksmith","floor":19,"gold_loss":0,"cards_upgraded":["Havoc"]},{"damage_healed":0,"gold_gain":100,"player_choice":"Bet on Murderer","damage_taken":0,"max_hp_gain":0,"max_hp_loss":0,"event_name":"The Joust","floor":28,"gold_loss":50}],"is_beta":true,"boss_relics":[{"not_picked":["Black Star","Orrery"],"picked":"Lizard Tail"}],"items_purged_floors":[21,24],"is_endless":false,"potions_floor_spawned":[1,5,7,18,25],"killed_by":"Sentry and Sphere","ascension_level":4}