{"gold_per_floor":[114,129,129,28,44,44,78,78,103,136,136,150,77,43,43,43],"floor_reached":16,"playtime":832,"items_purged":["Normality"],"score":116,"play_id":"95bd1ba4-baf6-4532-b4c2-f8563e0b715d","local_time":"20190108044557","is_ascension_mode":true,"campfire_choices":[{"data":"Wraith Form v2","floor":6,"key":"SMITH"},{"floor":8,"key":"REST"},{"floor":11,"key":"REST"},{"floor":15,"key":"REST"}],"neow_cost":"NONE","seed_source_timestamp":19602001382107,"circlet_count":0,"master_deck":["Defend_G","Defend_G","Defend_G","Defend_G","Defend_G","Strike_G","Strike_G","Strike_G+1","Strike_G","Strike_G","Survivor","Neutralize+1","Blur","Outmaneuver","Wraith Form v2+1","Slice","Poisoned Stab","Sucker Punch","After Image","Unload","Leg Sweep","Blade Dance"],"relics":["Ring of the Snake","Boot","Whetstone","Oddly Smooth Stone"],"potions_floor_usage":[10,10,12,12],"damage_taken":[{"damage":6,"enemies":"Cultist","floor":1,"turns":5},{"damage":3,"enemies":"Small Slimes","floor":2,"turns":4},{"damage":4,"enemies":"2 Louse","floor":5,"turns":3},{"damage":59,"enemies":"3 Sentries","floor":7,"turns":16},{"damage":22,"enemies":"Lagavulin","floor":10,"turns":9},{"damage":0,"enemies":"Large Slime","floor":12,"turns":6},{"damage":10,"enemies":"Exordium Thugs","floor":14,"turns":5},{"damage":44,"enemies":"Slime Boss","floor":16,"turns":14}],"seed_played":"593614424625907716","potions_obtained":[{"floor":1,"key":"Strength Potion"},{"floor":5,"key":"Energy Potion"},{"floor":7,"key":"SkillPotion"},{"floor":10,"key":"Explosive Potion"}],"is_trial":false,"path_per_floor":["M","M","?","$","M","R","E","R","T","E","R","M","$","M","R","B"],"character_chosen":"THE_SILENT","items_purchased":["Slice","Leg Sweep"],"campfire_rested":3,"item_purchase_floors":[4,13],"current_hp_per_floor":[71,68,68,68,64,64,5,28,28,6,29,29,29,19,42,0],"gold":43,"neow_bonus":"TEN_PERCENT_HP_BONUS","is_prod":false,"is_daily":false,"chose_seed":false,"campfire_upgraded":1,"win_rate":0,"timestamp":1546910157,"path_taken":["M","?","?","$","M","R","E","R","T","E","R","M","$","?","R","BOSS"],"build_version":"2019-01-03v4","purchased_purges":1,"victory":false,"max_hp_per_floor":[77,77,77,77,77,77,77,77,77,77,77,77,77,77,77,77],"card_choices":[{"not_picked":["Terror","Quick Slash"],"picked":"Blur","floor":1},{"not_picked":["Dodge and Roll","Flying Knee"],"picked":"Outmaneuver","floor":2},{"not_picked":["Riddle With Holes","Predator"],"picked":"Poisoned Stab","floor":5},{"not_picked":["PiercingWail","All Out Attack"],"picked":"Sucker Punch","floor":7},{"not_picked":["Underhanded Strike","Dagger Throw"],"picked":"After Image","floor":10},{"not_picked":["Underhanded Strike","Bane"],"picked":"Unload","floor":12},{"not_picked":["Concentrate","Distraction"],"picked":"Blade Dance","floor":14}],"player_experience":314358,"relics_obtained":[{"floor":7,"key":"Boot"},{"floor":9,"key":"Whetstone"},{"floor":10,"key":"Oddly Smooth Stone"}],"event_choices":[{"damage_healed":0,"gold_gain":0,"player_choice":"2 cards matched","damage_taken":0,"max_hp_gain":0,"max_hp_loss":0,"event_name":"Match and Keep!","floor":3,"gold_loss":0,"cards_obtained":["Normality","Wraith Form v2"]}],"is_beta":true,"boss_relics":[],"items_purged_floors":[4],"is_endless":false,"potions_floor_spawned":[1,5,7,10],"killed_by":"Slime Boss","ascension_level":1}