{"path_per_floor":["M","M","M","?","M","R","M","R","T","$","R","M","T","?","R","B",null,"M","$","M","M","?","R","M","M","T"],"character_chosen":"THE_SILENT","items_purchased":["Noxious Fumes","Trip","Slice"],"gold_per_floor":[111,126,144,144,163,163,182,182,182,12,12,28,28,28,28,132,132,144,23,33,53,53,53,65,83,130],"floor_reached":27,"campfire_rested":1,"playtime":1588,"current_hp_per_floor":[63,56,52,52,42,42,42,42,42,42,42,41,41,41,41,36,63,49,49,34,33,33,51,45,39,39],"items_purged":["Strike_G"],"gold":130,"play_id":"8f45880a-0d1d-4492-a96f-9ef9ba0b0d24","is_prod":false,"is_daily":false,"campfire_rituals":0,"campfire_upgraded":4,"is_hardmode":false,"path_taken":["M","M","M","?","M","R","M","R","T","$","R","M","?","?","R","BOSS","M","$","M","M","?","R","?","M","T","?"],"build_version":"2018-01-18-PROD4","purchased_purges":1,"victory":false,"master_deck":["Defend_G","Defend_G","Defend_G","Defend_G","Strike_G","Strike_G","Strike_G","Strike_G","Survivor","Neutralize","Deflect","Poisoned Stab","Dagger Spray","Die Die Die","Neutralize","Acrobatics","Backflip","Heel Hook","Noxious Fumes","Trip","Quick Slash","Envenom","Prepared","Slice","PiercingWail","Prepared","Prepared","Reflex","Wraith Form"],"max_hp_per_floor":[63,63,63,63,63,63,63,63,63,63,63,63,63,63,63,63,63,63,63,63,63,63,63,63,63,63],"relics":["Ring of the Snake","Ginger","Sundial","Oddly Smooth Stone","Runic Pyramid","Molten Egg"],"campfire_meditates":0,"card_choices":[{"not_picked":["PiercingWail","Malaise"],"picked":"Deflect"},{"not_picked":["Backflip","Slice"],"picked":"Poisoned Stab"},{"not_picked":["Dodge and Roll","Choke"],"picked":"Dagger Spray"},{"not_picked":["Malaise","Masterful Stab"],"picked":"Backflip"},{"not_picked":["Venomology","Dagger Throw"],"picked":"Heel Hook"},{"not_picked":["Catalyst","PiercingWail"],"picked":"Quick Slash"},{"not_picked":["Phantasmal Killer","Die Die Die"],"picked":"Envenom"},{"not_picked":["Riddle With Holes","Flying Knee"],"picked":"Prepared"},{"not_picked":["Distraction","Sucker Punch"],"picked":"PiercingWail"},{"not_picked":["Blur","Eviscerate"],"picked":"Prepared"},{"not_picked":["Dagger Throw","Dash"],"picked":"Reflex"},{"not_picked":["Choke","Masterful Stab"],"picked":"Wraith Form"}],"player_experience":31352,"potions_floor_usage":[16,18,21],"damage_taken":[{"damage":0,"enemies":"Jaw Worm","floor":1,"turns":6},{"damage":7,"enemies":"Blue Slaver","floor":2,"turns":5},{"damage":4,"enemies":"2 Louse","floor":3,"turns":3},{"damage":10,"enemies":"Exordium Thugs","floor":5,"turns":4},{"damage":0,"enemies":"Large Slime","floor":7,"turns":6},{"damage":1,"enemies":"Exordium Wildlife","floor":12,"turns":3},{"damage":20,"enemies":"Hexaghost","floor":16,"turns":11},{"damage":14,"enemies":"2 Thieves","floor":18,"turns":4},{"damage":15,"enemies":"3 Byrds","floor":20,"turns":4},{"damage":1,"enemies":"Centurion and Healer","floor":21,"turns":5},{"damage":6,"enemies":"Snake Plant","floor":24,"turns":5},{"damage":6,"enemies":"Slaver and Parasite","floor":25,"turns":6},{"damage":47,"enemies":"3 Cultists","floor":27,"turns":4}],"event_choices":[{"event_name":"Match and Keep!","player_choice":"3 cards matched","floor":4,"damage_taken":0},{"event_name":"Match and Keep!","player_choice":"3 cards matched","floor":4,"damage_taken":0},{"event_name":"Liars Game","player_choice":"disagreed","floor":14,"damage_taken":0},{"event_name":"Transmorgrifier","player_choice":"Transform","floor":22,"damage_taken":0}],"boss_relics":[{"not_picked":["Snecko Eye","Orrery"],"picked":"Runic Pyramid"}],"potions_floor_spawned":[3,7,12,20],"seed_played":"7584523809806709165","killed_by":"3 Cultists","is_trial":false}