{"gold_per_floor":[117,134,151,326,326,326,326,326,326,326,180,199,233,233,233,334,334,347,367,82,102,102,102,201,21,21,21,41,41,56,84,84,189,189,201,0,17,17,28,28,48,64,113,129,29,29,29],"floor_reached":47,"playtime":2090,"items_purged":["Doubt","Defend_G+1"],"score":470,"play_id":"73dcbe14-694e-4fbb-8545-a71ccad30f92","local_time":"20190111234302","is_ascension_mode":false,"campfire_choices":[{"data":"Backflip","floor":6,"key":"SMITH"},{"data":"Survivor","floor":10,"key":"SMITH"},{"data":"Infinite Blades","floor":15,"key":"SMITH"},{"data":"Bullet Time","floor":23,"key":"SMITH"},{"data":"Well Laid Plans","floor":27,"key":"SMITH"},{"floor":32,"key":"REST"},{"data":"After Image","floor":40,"key":"SMITH"},{"floor":46,"key":"REST"}],"neow_cost":"NONE","seed_source_timestamp":158762428706847,"circlet_count":0,"master_deck":["Defend_G","Defend_G","Defend_G","Survivor+1","Neutralize+1","Slice","Backflip+1","Acrobatics","Noxious Fumes","Infinite Blades+1","PiercingWail","Bullet Time+1","Cloak And Dagger+1","Sucker Punch","Caltrops","Well Laid Plans+1","Accuracy","Caltrops","Bite","Bite","Bite","Bite","Bite","Backstab","Blade Dance+1","After Image+1","Accuracy","Noxious Fumes+1"],"relics":["Ring of the Snake","NeowsBlessing","Vajra","Mercury Hourglass","Empty Cage","Toy Ornithopter","Lantern","Letter Opener","Happy Flower","Philosopher\u0027s Stone","Red Mask","Potion Belt"],"potions_floor_usage":[13,13,30,33,33,41,42],"damage_taken":[{"damage":0,"enemies":"Cultist","floor":1,"turns":1},{"damage":0,"enemies":"Jaw Worm","floor":2,"turns":1},{"damage":0,"enemies":"2 Louse","floor":3,"turns":1},{"damage":5,"enemies":"Large Slime","floor":12,"turns":5},{"damage":7,"enemies":"Gremlin Nob","floor":13,"turns":4},{"damage":23,"enemies":"Hexaghost","floor":16,"turns":10},{"damage":5,"enemies":"Shell Parasite","floor":18,"turns":7},{"damage":24,"enemies":"2 Thieves","floor":19,"turns":4},{"damage":8,"enemies":"Snake Plant","floor":21,"turns":5},{"damage":14,"enemies":"Centurion and Healer","floor":28,"turns":6},{"damage":23,"enemies":"Sentry and Sphere","floor":30,"turns":4},{"damage":18,"enemies":"Gremlin Leader","floor":31,"turns":7},{"damage":64,"enemies":"Collector","floor":33,"turns":9},{"damage":17,"enemies":"3 Shapes","floor":35,"turns":4},{"damage":0,"enemies":"Orb Walker","floor":37,"turns":4},{"damage":34,"enemies":"Writhing Mass","floor":39,"turns":7},{"damage":16,"enemies":"4 Shapes","floor":41,"turns":5},{"damage":27,"enemies":"Transient","floor":42,"turns":5},{"damage":31,"enemies":"Maw","floor":44,"turns":8}],"seed_played":"-8657558182777136435","potions_obtained":[{"floor":3,"key":"GhostInAJar"},{"floor":12,"key":"EssenceOfSteel"},{"floor":13,"key":"SpeedPotion"},{"floor":18,"key":"Ancient Potion"},{"floor":19,"key":"GamblersBrew"},{"floor":31,"key":"GhostInAJar"},{"floor":39,"key":"LiquidBronze"},{"floor":41,"key":"PowerPotion"}],"is_trial":false,"path_per_floor":["M","M","M","?","?","R","?","?","T","R","$","M","E","?","R","B",null,"M","M","$","M","T","R","?","$","T","R","M","?","M","E","R","B",null,"M","?","M","$","M","R","M","M","T","M","$","R","M"],"character_chosen":"THE_SILENT","items_purchased":["Noxious Fumes","Toy Ornithopter","Caltrops","Accuracy","Lantern"],"campfire_rested":2,"item_purchase_floors":[11,20,20,25,25],"current_hp_per_floor":[70,70,70,70,70,70,70,56,56,56,56,51,44,44,44,23,70,65,43,43,37,37,37,37,37,37,37,25,25,19,19,40,12,70,57,57,63,63,45,45,42,34,34,19,19,40,0],"gold":29,"neow_bonus":"THREE_ENEMY_KILL","is_prod":false,"is_daily":false,"chose_seed":false,"campfire_upgraded":6,"win_rate":0,"timestamp":1547237582,"path_taken":["M","M","M","?","?","R","?","?","T","R","$","?","E","?","R","BOSS","M","M","$","M","?","R","?","$","T","R","M","?","?","E","R","BOSS","M","?","M","$","M","R","M","M","T","M","$","R","M"],"build_version":"2019-01-10","purchased_purges":2,"victory":false,"max_hp_per_floor":[70,70,70,70,70,70,70,70,70,70,70,70,70,70,70,70,70,70,70,70,70,70,70,70,70,70,70,70,70,70,70,70,70,70,70,70,70,70,70,70,70,70,70,70,70,70,70],"card_choices":[{"not_picked":["Deflect","Deadly Poison"],"picked":"Slice","floor":1},{"not_picked":["Prepared","Deadly Poison"],"picked":"Backflip","floor":2},{"not_picked":["Dagger Spray","Dagger Throw"],"picked":"Acrobatics","floor":3},{"not_picked":["Leg Sweep","Night Terror"],"picked":"Infinite Blades","floor":12},{"not_picked":["All Out Attack","Bane"],"picked":"PiercingWail","floor":13},{"not_picked":["Die Die Die","Glass Knife"],"picked":"Bullet Time","floor":16},{"not_picked":["Setup","Outmaneuver"],"picked":"Cloak And Dagger+1","floor":18},{"not_picked":["Dagger Spray+1","Underhanded Strike+1"],"picked":"Sucker Punch","floor":19},{"not_picked":["Backstab","Deadly Poison+1"],"picked":"Well Laid Plans","floor":21},{"not_picked":["Underhanded Strike+1","Bane"],"picked":"Caltrops","floor":28},{"not_picked":["Deadly Poison+1","PiercingWail"],"picked":"Backstab","floor":30},{"not_picked":["Catalyst","Flying Knee"],"picked":"Blade Dance+1","floor":31},{"not_picked":["Corpse Explosion","Unload"],"picked":"After Image","floor":33},{"not_picked":["Expertise","All Out Attack+1"],"picked":"Accuracy","floor":35},{"not_picked":["Quick Slash","Bane+1","PiercingWail+1"],"picked":"SKIP","floor":37},{"not_picked":["Underhanded Strike","Skewer+1","Dagger Spray"],"picked":"SKIP","floor":39},{"not_picked":["Underhanded Strike+1","Glass Knife","Poisoned Stab+1"],"picked":"SKIP","floor":41},{"not_picked":["Catalyst+1","Backflip"],"picked":"Noxious Fumes+1","floor":42},{"not_picked":["Concentrate+1","Underhanded Strike+1","Expertise+1"],"picked":"SKIP","floor":44}],"player_experience":364075,"relics_obtained":[{"floor":9,"key":"Mercury Hourglass"},{"floor":13,"key":"Blood Vial"},{"floor":26,"key":"Letter Opener"},{"floor":31,"key":"Happy Flower"},{"floor":43,"key":"Potion Belt"}],"event_choices":[{"damage_healed":0,"gold_gain":175,"player_choice":"AGREE","damage_taken":0,"max_hp_gain":0,"max_hp_loss":0,"event_name":"Liars Game","floor":4,"gold_loss":0,"cards_obtained":["Doubt"]},{"damage_healed":0,"gold_gain":0,"player_choice":"Box","damage_taken":0,"relics_obtained":["Vajra"],"max_hp_gain":0,"max_hp_loss":0,"event_name":"Big Fish","floor":5,"gold_loss":0,"cards_obtained":["Regret"]},{"damage_healed":0,"gold_gain":0,"player_choice":"Grow","damage_taken":0,"max_hp_gain":0,"max_hp_loss":0,"event_name":"Living Wall","floor":7,"gold_loss":0,"cards_upgraded":["Neutralize"]},{"damage_healed":0,"gold_gain":0,"player_choice":"Entered Light","damage_taken":14,"max_hp_gain":0,"max_hp_loss":0,"event_name":"Shining Light","floor":8,"gold_loss":0,"cards_upgraded":["Defend_G","Defend_G"]},{"damage_healed":0,"gold_gain":0,"player_choice":"Ignored","damage_taken":0,"max_hp_gain":0,"max_hp_loss":0,"event_name":"NoteForYourself","floor":14,"gold_loss":0},{"damage_healed":0,"gold_gain":99,"player_choice":"Stole From Cult","damage_taken":0,"max_hp_gain":0,"max_hp_loss":0,"event_name":"Nest","floor":24,"gold_loss":0},{"damage_healed":0,"gold_gain":0,"player_choice":"Became a vampire (Vial)","damage_taken":0,"max_hp_gain":0,"max_hp_loss":0,"event_name":"Vampires","floor":29,"relics_lost":["Blood Vial"],"gold_loss":0,"cards_obtained":["Bite","Bite","Bite","Bite","Bite"]},{"damage_healed":0,"gold_gain":0,"player_choice":"Paid","damage_taken":0,"relics_obtained":["Red Mask"],"max_hp_gain":0,"max_hp_loss":0,"event_name":"Tomb of Lord Red Mask","floor":36,"gold_loss":201}],"is_beta":true,"boss_relics":[{"not_picked":["Black Star","Astrolabe"],"picked":"Empty Cage"},{"not_picked":["Snecko Eye","Pandora\u0027s Box"],"picked":"Philosopher\u0027s Stone"}],"items_purged_floors":[11,45],"is_endless":false,"potions_floor_spawned":[3,12,13,18,19,31,39,41],"killed_by":"4 Shapes","ascension_level":0}