{"gold_per_floor":[117,117,133,208,222,222,262,286,362,401,401,413,280,303,303,426,426,444,67,67,85,85,85,101,120,120,120,73,89,133,8,8,136,136,156,170,195,119,137,137],"floor_reached":40,"playtime":1999,"items_purged":["Injury","Reprogram","Lockon"],"score":481,"play_id":"3272052f-e6d6-4b00-b58e-b3e766c4b705","local_time":"20190724175010","is_ascension_mode":true,"campfire_choices":[{"data":"Static Discharge","floor":6.0,"key":"SMITH"},{"data":"Electrodynamics","floor":12.0,"key":"SMITH"},{"floor":15.0,"key":"REST"},{"data":"Turbo","floor":23.0,"key":"SMITH"},{"data":"Echo Form","floor":27.0,"key":"SMITH"},{"floor":32.0,"key":"REST"}],"neow_cost":"NONE","seed_source_timestamp":8131090983590,"circlet_count":0,"master_deck":["Zap","Dualcast","Auto Shields","Turbo+1","Static Discharge+1","Leap","Electrodynamics+1","Defragment","Echo Form+1","Seek","Echo Form","Conserve Battery","Loop","Reboot","Undo","Glacier","Seek","Turbo","Hologram+1","Rainbow","Capacitor","Go for the Eyes","Beam Cell","Darkness+1"],"special_seed":0,"relics":["Cracked Core","Golden Idol","Girya","Bottled Lightning","Juzu Bracelet","MawBank","Pandora\u0027s Box","Singing Bowl","Ginger","Bag of Marbles","Nuclear Battery"],"potions_floor_usage":[40],"damage_taken":[{"damage":0.0,"enemies":"Small Slimes","floor":1.0,"turns":2.0},{"damage":1.0,"enemies":"Jaw Worm","floor":3.0,"turns":3.0},{"damage":3.0,"enemies":"2 Louse","floor":5.0,"turns":3.0},{"damage":8.0,"enemies":"3 Sentries","floor":7.0,"turns":5.0},{"damage":4.0,"enemies":"Red Slaver","floor":8.0,"turns":3.0},{"damage":15.0,"enemies":"Gremlin Nob","floor":10.0,"turns":4.0},{"damage":3.0,"enemies":"Lots of Slimes","floor":14.0,"turns":2.0},{"damage":10.0,"enemies":"Slime Boss","floor":16.0,"turns":6.0},{"damage":15.0,"enemies":"Shell Parasite","floor":18.0,"turns":4.0},{"damage":5.0,"enemies":"Spheric Guardian","floor":21.0,"turns":3.0},{"damage":4.0,"enemies":"Snake Plant","floor":24.0,"turns":5.0},{"damage":0.0,"enemies":"Snecko","floor":25.0,"turns":4.0},{"damage":7.0,"enemies":"Chosen and Byrds","floor":29.0,"turns":4.0},{"damage":8.0,"enemies":"Slavers","floor":30.0,"turns":1.0},{"damage":58.0,"enemies":"Champ","floor":33.0,"turns":17.0},{"damage":0.0,"enemies":"3 Shapes","floor":35.0,"turns":3.0},{"damage":16.0,"enemies":"Orb Walker","floor":36.0,"turns":3.0},{"damage":17,"enemies":"Maw","floor":37,"turns":11},{"damage":15,"enemies":"Sphere and 2 Shapes","floor":39,"turns":5},{"damage":52,"enemies":"Reptomancer","floor":40,"turns":2}],"seed_played":"-1359519486296053762","potions_obtained":[{"floor":0.0,"key":"FocusPotion"},{"floor":0.0,"key":"Weak Potion"},{"floor":0.0,"key":"Block Potion"},{"floor":7.0,"key":"Energy Potion"},{"floor":8.0,"key":"Dexterity Potion"},{"floor":10.0,"key":"Explosive Potion"},{"floor":24.0,"key":"AttackPotion"},{"floor":30.0,"key":"FearPotion"},{"floor":37,"key":"Weak Potion"}],"is_trial":false,"path_per_floor":["M","?","M","?","M","R","E","M","T","E","?","R","$","M","R","B",null,"M","$","?","M","?","R","M","M","T","R","$","M","E","$","R","B",null,"M","M","M","$","M","E"],"character_chosen":"DEFECT","items_purchased":["Defragment","Singing Bowl","Glacier","Turbo","Go for the Eyes","Beam Cell"],"campfire_rested":2,"item_purchase_floors":[13,19,19,28,38,38],"current_hp_per_floor":[75,75,74,63,60,60,52,48,48,33,33,33,33,30,52,42,75,60,60,75,72,72,72,70,72,72,72,72,67,59,59,83,25,83,85,71,54,54,39,0],"gold":137,"neow_bonus":"THREE_SMALL_POTIONS","is_prod":false,"is_daily":false,"chose_seed":false,"campfire_upgraded":4,"win_rate":0,"timestamp":1563978010,"path_taken":["M","?","M","?","?","R","E","M","T","E","?","R","$","M","R","BOSS","M","$","?","M","?","R","M","M","T","R","$","M","E","?","R","BOSS","M","M","M","$","M","E"],"build_version":"2019-07-18","purchased_purges":3,"victory":false,"max_hp_per_floor":[75,75,75,75,75,75,75,75,75,75,75,75,75,75,75,75,75,75,75,75,77,77,77,79,81,81,81,81,83,83,83,83,83,83,85,87,87,87,87,87],"card_choices":[{"not_picked":["Go for the Eyes","Gash"],"picked":"Auto Shields","floor":1.0},{"not_picked":["Skim","Redo"],"picked":"Turbo","floor":3.0},{"not_picked":["Beam Cell","Streamline"],"picked":"Static Discharge","floor":5.0},{"not_picked":["Streamline","Gash"],"picked":"Leap","floor":7.0},{"not_picked":["Turbo","Go for the Eyes","Sweeping Beam"],"picked":"SKIP","floor":8.0},{"not_picked":["Ball Lightning","Hello World"],"picked":"Electrodynamics","floor":10.0},{"not_picked":["Coolheaded","Rebound","Turbo"],"picked":"SKIP","floor":14.0},{"not_picked":["Meteor Strike","All For One"],"picked":"Echo Form","floor":16.0},{"not_picked":["Skim+1","Conserve Battery","Darkness"],"picked":"SKIP","floor":18.0},{"not_picked":["Compile Driver","Beam Cell+1","Darkness+1"],"picked":"Singing Bowl","floor":21.0},{"not_picked":["Compile Driver","Stack+1","Leap"],"picked":"Singing Bowl","floor":24.0},{"not_picked":["Beam Cell","Conserve Battery","Go for the Eyes"],"picked":"Singing Bowl","floor":25.0},{"not_picked":["Conserve Battery","Barrage","Genetic Algorithm"],"picked":"Singing Bowl","floor":29.0},{"not_picked":["Self Repair","Streamline"],"picked":"Hologram+1","floor":30.0},{"not_picked":["Amplify","Thunder Strike"],"picked":"Rainbow","floor":33.0},{"not_picked":["Ball Lightning+1","Compile Driver+1","Steam"],"picked":"Singing Bowl","floor":35.0},{"not_picked":["Hologram","Redo","Streamline"],"picked":"Singing Bowl","floor":36.0},{"not_picked":["Hologram","Sunder+1"],"picked":"Capacitor","floor":37},{"not_picked":["Gash+1","BootSequence"],"picked":"Darkness+1","floor":39}],"player_experience":757109,"relics_obtained":[{"floor":7.0,"key":"Girya"},{"floor":9.0,"key":"Bottled Lightning"},{"floor":10.0,"key":"Juzu Bracelet"},{"floor":26.0,"key":"Ginger"},{"floor":30.0,"key":"Bag of Marbles"}],"event_choices":[{"damage_healed":0.0,"max_hp_gain":0.0,"max_hp_loss":0.0,"gold_gain":0.0,"event_name":"Golden Idol","player_choice":"Take Wound","floor":2.0,"gold_loss":0.0,"damage_taken":0.0,"relics_obtained":["Golden Idol"],"cards_obtained":["Injury"]},{"damage_healed":0.0,"max_hp_gain":0.0,"max_hp_loss":0.0,"gold_gain":75.0,"event_name":"World of Goop","player_choice":"Gather Gold","floor":4.0,"gold_loss":0.0,"damage_taken":11.0},{"damage_healed":0.0,"max_hp_gain":0.0,"max_hp_loss":0.0,"gold_gain":0.0,"event_name":"WeMeetAgain","player_choice":"Gave Potion","floor":11.0,"gold_loss":0.0,"damage_taken":0.0,"relics_obtained":["MawBank"]},{"damage_healed":15.0,"max_hp_gain":0.0,"max_hp_loss":0.0,"gold_gain":0.0,"event_name":"Wheel of Change","player_choice":"Full Heal","floor":20.0,"gold_loss":0.0,"damage_taken":0.0},{"damage_healed":0.0,"max_hp_gain":0.0,"max_hp_loss":0.0,"gold_gain":0.0,"event_name":"Duplicator","player_choice":"Copied","floor":22.0,"gold_loss":0.0,"damage_taken":0.0,"cards_obtained":["Seek"]}],"is_beta":true,"boss_relics":[{"not_picked":["Eternal Feather","Calling Bell"],"picked":"Pandora\u0027s Box"},{"not_picked":["Runic Dome","Runic Pyramid"],"picked":"Nuclear Battery"}],"items_purged_floors":[13,19,31],"is_endless":false,"potions_floor_spawned":[7,8,10,24,30,37],"killed_by":"Reptomancer","ascension_level":3}