{"gold_per_floor":[112,34,34,54,69,102,102,27,51,81,81,92,42,117,117,117],"floor_reached":16,"playtime":749,"items_purged":["Strike_G"],"score":119,"play_id":"e9a7dce6-0ec1-46f2-9de4-29f9947e7c57","local_time":"20190731223512","is_ascension_mode":true,"campfire_choices":[{"data":"Blur","floor":7,"key":"SMITH"},{"floor":11,"key":"REST"},{"floor":15,"key":"REST"}],"neow_cost":"NONE","seed_source_timestamp":3628422558263600,"circlet_count":0,"master_deck":["Defend_G","Defend_G","Defend_G","Defend_G","Survivor","Neutralize","Die Die Die+1","Sucker Punch+1","Predator+1","Acrobatics","Footwork","Deflect","Distraction","Blur+1","Crippling Poison","Backflip","Adrenaline","Dash"],"relics":["Astrolabe","Vajra","Dream Catcher","Happy Flower"],"potions_floor_usage":[6,16],"damage_taken":[{"damage":0,"enemies":"Small Slimes","floor":1,"turns":1},{"damage":0,"enemies":"Cultist","floor":4,"turns":3},{"damage":0,"enemies":"Jaw Worm","floor":5,"turns":3},{"damage":36,"enemies":"3 Sentries","floor":6,"turns":9},{"damage":11,"enemies":"Gremlin Nob","floor":10,"turns":5},{"damage":0,"enemies":"Large Slime","floor":12,"turns":7},{"damage":57,"enemies":"Slime Boss","floor":16,"turns":17}],"seed_played":"8616812662606402280","potions_obtained":[{"floor":1,"key":"SkillPotion"},{"floor":10,"key":"PowerPotion"}],"is_trial":false,"path_per_floor":["M","$","?","M","M","E","R","$","T","E","R","M","?","?","R","B"],"character_chosen":"THE_SILENT","items_purchased":["Footwork"],"campfire_rested":2,"item_purchase_floors":[2],"current_hp_per_floor":[70,70,70,70,70,34,34,34,34,23,44,44,44,33,54,0],"gold":117,"neow_bonus":"BOSS_RELIC","is_prod":false,"is_daily":false,"chose_seed":false,"campfire_upgraded":1,"win_rate":0,"timestamp":1564637712,"path_taken":["M","$","?","M","?","E","R","$","T","E","R","M","?","?","R","BOSS"],"build_version":"2019-07-17","purchased_purges":1,"victory":false,"max_hp_per_floor":[70,70,70,70,70,70,70,70,70,70,70,70,70,70,70,70],"card_choices":[{"not_picked":["Predator","Backstab"],"picked":"Acrobatics","floor":1},{"not_picked":["Dagger Spray","Cloak And Dagger"],"picked":"Deflect","floor":4},{"not_picked":["Finisher","Dagger Throw"],"picked":"Distraction","floor":5},{"not_picked":["Sucker Punch","Masterful Stab"],"picked":"Blur","floor":6},{"not_picked":["Dash","Acrobatics"],"picked":"Crippling Poison","floor":10},{"not_picked":["Blade Dance","Finisher"],"picked":"Backflip","floor":11},{"not_picked":["Choke","Caltrops"],"picked":"Adrenaline","floor":12},{"not_picked":["Deflect","Flying Knee"],"picked":"Dash","floor":15}],"player_experience":113072,"relics_obtained":[{"floor":6,"key":"Vajra"},{"floor":9,"key":"Dream Catcher"},{"floor":10,"key":"Happy Flower"}],"event_choices":[{"cards_removed":["Strike_G"],"damage_healed":0,"gold_gain":0,"player_choice":"Card Removal","damage_taken":0,"max_hp_gain":0,"max_hp_loss":0,"event_name":"Wheel of Change","floor":3,"gold_loss":0},{"cards_removed":["Defend_G"],"damage_healed":0,"gold_gain":0,"player_choice":"Card Removal","damage_taken":0,"max_hp_gain":0,"max_hp_loss":0,"event_name":"The Cleric","floor":13,"gold_loss":50},{"damage_healed":0,"gold_gain":75,"player_choice":"Gather Gold","damage_taken":11,"max_hp_gain":0,"max_hp_loss":0,"event_name":"World of Goop","floor":14,"gold_loss":0}],"is_beta":false,"boss_relics":[],"items_purged_floors":[8],"is_endless":false,"potions_floor_spawned":[1,10],"killed_by":"Slime Boss","ascension_level":2}