{"gold_per_floor":[114,132,132,19,33,58,58,71,71,88,88,105,119,119,119,119],"floor_reached":16,"playtime":650,"items_purged":[],"score":109,"play_id":"781d3f51-879b-46c0-aec5-69184e8cef31","local_time":"20180928135611","is_ascension_mode":true,"campfire_choices":[{"data":"Setup","floor":7,"key":"SMITH"},{"data":"Caltrops","floor":11,"key":"SMITH"},{"floor":15,"key":"REST"}],"neow_cost":"","seed_source_timestamp":1852963775824,"circlet_count":0,"master_deck":["Defend_G","Defend_G","Defend_G","Defend_G","Defend_G","Strike_G","Strike_G","Strike_G","Strike_G","Survivor","Neutralize","Infinite Blades+1","Footwork","Leg Sweep","Caltrops+1","Setup+1","Flying Knee","Dash","Poisoned Stab","Dodge and Roll","Deadly Poison","Glass Knife"],"relics":["Ring of the Snake","Ninja Scroll","Dodecahedron"],"potions_floor_usage":[6,12,12],"damage_taken":[{"damage":0,"enemies":"2 Louse","floor":1,"turns":4},{"damage":9,"enemies":"Jaw Worm","floor":2,"turns":4},{"damage":1,"enemies":"Small Slimes","floor":5,"turns":5},{"damage":23,"enemies":"Gremlin Nob","floor":6,"turns":5},{"damage":19,"enemies":"Exordium Thugs","floor":8,"turns":6},{"damage":0,"enemies":"Blue Slaver","floor":10,"turns":4},{"damage":0,"enemies":"Red Slaver","floor":12,"turns":1},{"damage":12,"enemies":"Large Slime","floor":13,"turns":6},{"damage":28,"enemies":"Slime Boss","floor":16,"turns":5}],"seed_played":"-4630396554048259894","potions_obtained":[{"floor":1,"key":"Strength Potion"},{"floor":8,"key":"SteroidPotion"},{"floor":10,"key":"SteroidPotion"}],"is_trial":false,"path_per_floor":["M","M","?","$","M","E","R","M","T","M","R","M","M","?","R"],"character_chosen":"THE_SILENT","items_purchased":["Leg Sweep","Caltrops"],"campfire_rested":1,"item_purchase_floors":[4,4],"current_hp_per_floor":[70,61,61,61,60,37,37,18,18,18,18,18,6,6,27,0],"gold":119,"neow_bonus":"","is_prod":false,"is_daily":false,"chose_seed":false,"campfire_upgraded":2,"win_rate":0,"timestamp":1538168171,"path_taken":["M","M","?","$","M","E","R","M","T","?","R","M","M","?","R","BOSS"],"build_version":"2018-09-27","purchased_purges":0,"victory":false,"max_hp_per_floor":[70,70,70,70,70,70,70,70,70,70,70,70,70,70,70,70],"card_choices":[{"not_picked":["Sucker Punch","Quick Slash"],"picked":"Infinite Blades","floor":1},{"not_picked":["Heel Hook","Concentrate"],"picked":"Footwork","floor":2},{"not_picked":["Underhanded Strike","Flying Knee"],"picked":"Setup","floor":5},{"not_picked":["Quick Slash","Prepared"],"picked":"Flying Knee","floor":6},{"not_picked":["Storm of Steel","Flying Knee"],"picked":"Dash","floor":8},{"not_picked":["Catalyst","Deflect"],"picked":"Poisoned Stab","floor":10},{"not_picked":["Sucker Punch","Tactician"],"picked":"Dodge and Roll","floor":12},{"not_picked":["Sucker Punch","Deflect"],"picked":"Deadly Poison","floor":13}],"player_experience":133683,"relics_obtained":[{"floor":6,"key":"Ninja Scroll"},{"floor":9,"key":"Dodecahedron"}],"event_choices":[{"event_name":"Living Wall","player_choice":"Grow","floor":3,"damage_taken":0},{"event_name":"Transmorgrifier","player_choice":"Transform","floor":14,"damage_taken":0}],"is_beta":true,"boss_relics":[],"items_purged_floors":[],"is_endless":false,"potions_floor_spawned":[1,8,10],"killed_by":"Slime Boss","ascension_level":1}