{"gold_per_floor":[112,112,128,128,128,128,128,128,155,189,216,216,141,24,24,98,98,115,115,130,130,130],"floor_reached":22,"playtime":909,"items_purged":[],"score":356,"play_id":"666d9e4d-be20-401a-86a7-c90f78b17296","local_time":"20190712012239","is_ascension_mode":true,"campfire_choices":[{"data":"Neutralize","floor":6.0,"key":"SMITH"},{"data":"PiercingWail","floor":8.0,"key":"SMITH"},{"data":"Calculated Gamble","floor":12,"key":"SMITH"},{"floor":15,"key":"REST"}],"neow_cost":"NONE","seed_source_timestamp":130393656045600,"circlet_count":0,"master_deck":["AscendersBane","Strike_G","Strike_G","Strike_G","Strike_G","Defend_G","Defend_G","Defend_G","Survivor","Neutralize+1","Predator","PiercingWail+1","Calculated Gamble+1","Deflect","Noxious Fumes","Dagger Spray","Malaise","Cloak And Dagger+1","Dodge and Roll"],"special_seed":0,"relics":["Ring of the Snake","Strawberry","Oddly Smooth Stone","Orichalcum","Odd Mushroom","Sundial"],"potions_floor_usage":[10,11,16,20,22],"damage_taken":[{"damage":4.0,"enemies":"Small Slimes","floor":1.0,"turns":4.0},{"damage":0.0,"enemies":"2 Louse","floor":3.0,"turns":3.0},{"damage":26,"enemies":"3 Sentries","floor":10,"turns":11},{"damage":0,"enemies":"The Mushroom Lair","floor":11,"turns":4},{"damage":45,"enemies":"Slime Boss","floor":16,"turns":12},{"damage":21,"enemies":"Spheric Guardian","floor":18,"turns":6},{"damage":9,"enemies":"Chosen","floor":20,"turns":6},{"damage":30,"enemies":"3 Cultists","floor":22,"turns":5}],"seed_played":"5141664988979107001","potions_obtained":[{"floor":1.0,"key":"Poison Potion"},{"floor":10,"key":"Block Potion"},{"floor":11,"key":"Swift Potion"},{"floor":18,"key":"Swift Potion"},{"floor":20,"key":"Fruit Juice"}],"is_trial":false,"path_per_floor":["M","?","M","?","?","R","?","R","T","E","?","R","?","$","R","B",null,"M","T","M","$","M"],"character_chosen":"THE_SILENT","items_purchased":["Noxious Fumes","Dagger Spray"],"campfire_rested":1,"item_purchase_floors":[14,14],"current_hp_per_floor":[55,51,51,51,51,51,51,51,51,25,25,25,25,25,46,1,55,34,34,30,30,0],"gold":130,"neow_bonus":"REMOVE_CARD","is_prod":false,"is_daily":false,"chose_seed":false,"campfire_upgraded":3,"win_rate":0,"timestamp":1562865759,"path_taken":["M","?","M","?","?","R","?","R","T","E","?","R","?","?","R","BOSS","M","?","?","?","?"],"build_version":"2019-07-05","purchased_purges":0,"victory":false,"max_hp_per_floor":[66,73,73,73,73,73,73,73,73,73,73,73,73,73,73,73,73,73,73,78,78,78],"card_choices":[{"not_picked":["Caltrops","Deflect"],"picked":"Predator","floor":1.0},{"not_picked":["Expertise","Bane"],"picked":"PiercingWail","floor":3.0},{"not_picked":["Distraction","Dagger Spray"],"picked":"Calculated Gamble","floor":10},{"not_picked":["Backstab","Predator"],"picked":"Deflect","floor":11},{"not_picked":["Doppelganger","Glass Knife"],"picked":"Malaise","floor":16},{"not_picked":["Slice","Eviscerate"],"picked":"Cloak And Dagger+1","floor":18},{"not_picked":["Blur","Deflect"],"picked":"Dodge and Roll","floor":20}],"player_experience":762655,"relics_obtained":[{"floor":9.0,"key":"Oddly Smooth Stone"},{"floor":10,"key":"Orichalcum"},{"floor":11,"key":"Odd Mushroom"},{"floor":19,"key":"Sundial"}],"event_choices":[{"damage_healed":0.0,"max_hp_gain":0.0,"max_hp_loss":0.0,"gold_gain":0.0,"event_name":"Scrap Ooze","player_choice":"Success","floor":2.0,"gold_loss":0.0,"damage_taken":11.0,"relics_obtained":["Strawberry"]},{"damage_healed":0.0,"max_hp_gain":0.0,"max_hp_loss":0.0,"gold_gain":0.0,"event_name":"Liars Game","player_choice":"Ignored","floor":4.0,"gold_loss":0.0,"damage_taken":0.0},{"cards_removed":["Strike_G"],"damage_healed":0.0,"max_hp_gain":0.0,"max_hp_loss":0.0,"gold_gain":0.0,"event_name":"Living Wall","player_choice":"Forget","floor":5.0,"gold_loss":0.0,"damage_taken":0.0},{"damage_healed":0.0,"max_hp_gain":0.0,"max_hp_loss":0.0,"gold_gain":0.0,"event_name":"Dead Adventurer","player_choice":"Searched \u00270\u0027 times","floor":7.0,"gold_loss":0.0,"damage_taken":0.0},{"damage_healed":0,"gold_gain":0,"player_choice":"Fought Mushrooms","damage_taken":0,"max_hp_gain":0,"max_hp_loss":0,"event_name":"Mushrooms","floor":11,"gold_loss":0},{"cards_removed":["Defend_G"],"damage_healed":0,"gold_gain":0,"player_choice":"Card Removal","damage_taken":0,"max_hp_gain":0,"max_hp_loss":0,"event_name":"The Cleric","floor":13,"gold_loss":75}],"is_beta":false,"boss_relics":[{"not_picked":["Calling Bell","Coffee Dripper","HoveringKite"]}],"items_purged_floors":[],"is_endless":false,"potions_floor_spawned":[1,10,11,18,20],"killed_by":"3 Cultists","ascension_level":20}