{"gold_per_floor":[115,66,86,36,36,36,47,80,80,80,97,107,107,107,107,107],"floor_reached":16,"playtime":519,"items_purged":[],"score":100,"play_id":"dc46709c-15ea-4577-90c0-45edb6984bd3","local_time":"20190109202611","is_ascension_mode":false,"campfire_choices":[{"data":"Shrug It Off","floor":6,"key":"SMITH"},{"data":"Havoc","floor":10,"key":"SMITH"},{"data":"Metallicize","floor":13,"key":"SMITH"},{"floor":15,"key":"REST"}],"neow_cost":"NONE","seed_source_timestamp":2903037716920,"circlet_count":0,"master_deck":["Strike_R","Strike_R","Strike_R","Strike_R","Strike_R","Defend_R","Defend_R","Defend_R","Defend_R","Shrug It Off+1","Havoc+1","Regret","Spot Weakness","Metallicize+1","Headbutt"],"relics":["Burning Blood","Singing Bowl","Orichalcum","Bag of Marbles","Bottled Lightning"],"potions_floor_usage":[8,8,11],"damage_taken":[{"damage":2,"enemies":"2 Louse","floor":1,"turns":3},{"damage":2,"enemies":"Jaw Worm","floor":3,"turns":4},{"damage":3,"enemies":"Small Slimes","floor":7,"turns":4},{"damage":50,"enemies":"Lagavulin","floor":8,"turns":12},{"damage":9,"enemies":"2 Fungi Beasts","floor":11,"turns":4},{"damage":16,"enemies":"Lots of Slimes","floor":12,"turns":5},{"damage":61,"enemies":"Slime Boss","floor":16,"turns":12}],"seed_played":"-2706584877307260491","potions_obtained":[{"floor":1,"key":"Strength Potion"},{"floor":7,"key":"Swift Potion"},{"floor":8,"key":"LiquidBronze"}],"is_trial":false,"path_per_floor":["M","$","M","?","?","R","M","E","T","R","M","M","R","T","R","B"],"character_chosen":"IRONCLAD","items_purchased":["Shrug It Off"],"campfire_rested":1,"item_purchase_floors":[2],"current_hp_per_floor":[88,88,88,88,88,88,90,46,46,46,43,33,33,33,60,0],"gold":107,"neow_bonus":"TEN_PERCENT_HP_BONUS","is_prod":false,"is_daily":false,"chose_seed":false,"campfire_upgraded":3,"win_rate":0,"timestamp":1547052971,"path_taken":["M","$","M","?","?","R","M","E","T","R","M","M","R","?","R","BOSS"],"build_version":"2019-01-08","purchased_purges":0,"victory":false,"max_hp_per_floor":[88,88,88,88,88,88,90,90,90,90,90,90,90,90,90,90],"card_choices":[{"not_picked":["Bloodletting","Iron Wave","Corruption"],"picked":"SKIP","floor":1},{"not_picked":["Cleave","Twin Strike"],"picked":"Havoc","floor":3},{"not_picked":["Shrug It Off","Body Slam","Pummel"],"picked":"Singing Bowl","floor":7},{"not_picked":["Heavy Blade","Impervious"],"picked":"Spot Weakness","floor":8},{"not_picked":["Armaments","Shrug It Off"],"picked":"Metallicize","floor":11},{"not_picked":["Perfected Strike","Iron Wave"],"picked":"Headbutt","floor":12}],"player_experience":348626,"relics_obtained":[{"floor":8,"key":"Orichalcum"},{"floor":9,"key":"Bag of Marbles"},{"floor":14,"key":"Bottled Lightning"}],"event_choices":[{"cards_removed":["Bash"],"damage_healed":0,"gold_gain":0,"player_choice":"Card Removal","damage_taken":0,"max_hp_gain":0,"max_hp_loss":0,"event_name":"The Cleric","floor":4,"gold_loss":50},{"damage_healed":0,"gold_gain":0,"player_choice":"Box","damage_taken":0,"relics_obtained":["Singing Bowl"],"max_hp_gain":0,"max_hp_loss":0,"event_name":"Big Fish","floor":5,"gold_loss":0,"cards_obtained":["Regret"]}],"is_beta":true,"boss_relics":[],"items_purged_floors":[],"is_endless":false,"potions_floor_spawned":[1,7,8],"killed_by":"Slime Boss","ascension_level":0}