{"gold_per_floor":[117,127,138,8,22,50,50,77,77,109,109,123,136,156,156,254,254,265,180,180,24,34,64,64,64,64,89,104,104,115,115],"floor_reached":31,"playtime":6097,"items_purged":[],"score":312,"play_id":"ef41a34e-b4c1-4e2f-a55b-4d7b646e295d","local_time":"20190106023546","is_ascension_mode":true,"campfire_choices":[{"floor":7,"key":"RECALL"},{"floor":11,"key":"REST"},{"floor":15,"key":"REST"},{"floor":24,"key":"REST"}],"neow_cost":"CURSE","seed_source_timestamp":19304397644095,"circlet_count":0,"master_deck":["Defend_G+1","Defend_G+1","Defend_G+1","Defend_G+1","Strike_G+1","Strike_G+1","Strike_G+1","Strike_G+1","Strike_G+1","Survivor","Neutralize","Parasite","Burst","Slice","Quick Slash","Backflip","Noxious Fumes","Cloak And Dagger","Well Laid Plans","Blade Dance","Cloak And Dagger","Noxious Fumes","Outmaneuver","Caltrops","Envenom","Blade Dance","Cloak And Dagger+1","Footwork","Slice","Slice"],"relics":["Ring of the Snake","Dodecahedron","Incense Burner","Shuriken","Lizard Tail","Pen Nib","Vajra","Art of War","Pantograph","Ninja Scroll"],"potions_floor_usage":[5,6,14,16,23,27],"damage_taken":[{"damage":1,"enemies":"Cultist","floor":1,"turns":5},{"damage":1,"enemies":"2 Louse","floor":2,"turns":3},{"damage":0,"enemies":"Small Slimes","floor":3,"turns":4},{"damage":6,"enemies":"Exordium Thugs","floor":5,"turns":6},{"damage":9,"enemies":"3 Sentries","floor":6,"turns":7},{"damage":23,"enemies":"Gremlin Nob","floor":8,"turns":5},{"damage":14,"enemies":"3 Sentries","floor":10,"turns":9},{"damage":0,"enemies":"3 Louse","floor":12,"turns":3},{"damage":17,"enemies":"Lots of Slimes","floor":13,"turns":3},{"damage":0,"enemies":"2 Fungi Beasts","floor":14,"turns":3},{"damage":14,"enemies":"Slime Boss","floor":16,"turns":10},{"damage":11,"enemies":"3 Byrds","floor":18,"turns":4},{"damage":0,"enemies":"Chosen","floor":22,"turns":5},{"damage":14,"enemies":"Gremlin Leader","floor":23,"turns":5},{"damage":59,"enemies":"Slavers","floor":27,"turns":6},{"damage":16,"enemies":"Shelled Parasite and Fungi","floor":28,"turns":6},{"damage":18,"enemies":"Snake Plant","floor":30,"turns":4},{"damage":15,"enemies":"Snecko","floor":31,"turns":3}],"seed_played":"3012589048104295750","potions_obtained":[{"floor":1,"key":"PowerPotion"},{"floor":2,"key":"Explosive Potion"},{"floor":8,"key":"GamblersBrew"},{"floor":13,"key":"SkillPotion"},{"floor":22,"key":"Weak Potion"},{"floor":23,"key":"EssenceOfSteel"}],"is_trial":false,"path_per_floor":["M","M","M","$","M","E","R","E","T","E","R","M","M","M","R","B",null,"M","?","?","$","M","E","R","$","T","E","M","?","M","M"],"character_chosen":"THE_SILENT","items_purchased":["Noxious Fumes","Cloak And Dagger","Vajra"],"campfire_rested":3,"item_purchase_floors":[4,4,21],"current_hp_per_floor":[69,68,68,68,62,53,53,30,30,16,37,37,20,20,41,27,70,59,59,59,59,59,45,66,66,66,7,28,28,10,0],"gold":115,"neow_bonus":"THREE_RARE_CARDS","is_prod":false,"is_daily":false,"chose_seed":false,"campfire_upgraded":0,"win_rate":0,"timestamp":1546729546,"path_taken":["M","M","M","$","M","E","R","E","T","E","R","M","M","?","R","BOSS","M","?","?","$","M","E","R","$","T","E","?","?","M","M"],"build_version":"2018-12-25","purchased_purges":0,"victory":false,"max_hp_per_floor":[70,70,70,70,70,70,70,70,70,70,70,70,70,70,70,70,70,70,70,70,70,70,70,70,70,70,70,70,70,70,70],"card_choices":[{"not_picked":["Phantasmal Killer","Doppelganger"],"picked":"Burst","floor":0},{"not_picked":["Bane","PiercingWail"],"picked":"Slice","floor":1},{"not_picked":["Underhanded Strike","Acrobatics"],"picked":"Quick Slash","floor":2},{"not_picked":["Poisoned Stab","Prepared"],"picked":"Backflip","floor":3},{"not_picked":["Escape Plan","Blade Dance"],"picked":"Well Laid Plans","floor":5},{"not_picked":["Setup","Backstab"],"picked":"Blade Dance","floor":6},{"not_picked":["Dagger Spray","Bane"],"picked":"Cloak And Dagger","floor":8},{"not_picked":["Die Die Die","Prepared"],"picked":"Noxious Fumes","floor":10},{"not_picked":["Flying Knee","Deadly Poison"],"picked":"Outmaneuver","floor":12},{"not_picked":["Quick Slash","Catalyst","Dagger Spray"],"picked":"SKIP","floor":13},{"not_picked":["Skewer","Infinite Blades"],"picked":"Caltrops","floor":14},{"not_picked":["Malaise","Wraith Form v2"],"picked":"Envenom","floor":16},{"not_picked":["Reflex","Choke"],"picked":"Blade Dance","floor":18},{"not_picked":["Outmaneuver","Sucker Punch"],"picked":"Cloak And Dagger+1","floor":22},{"not_picked":["Deadly Poison+1","Sucker Punch+1","Underhanded Strike"],"picked":"SKIP","floor":23},{"not_picked":["Malaise","Outmaneuver"],"picked":"Footwork","floor":27},{"not_picked":["Deflect","Dagger Spray","Bane"],"picked":"SKIP","floor":28},{"not_picked":["Bullet Time","Dagger Throw+1"],"picked":"Slice","floor":30}],"player_experience":302180,"relics_obtained":[{"floor":6,"key":"Dodecahedron"},{"floor":8,"key":"Incense Burner"},{"floor":10,"key":"Shuriken"},{"floor":23,"key":"Art of War"},{"floor":26,"key":"Pantograph"},{"floor":27,"key":"Ninja Scroll"}],"event_choices":[{"damage_healed":0,"gold_gain":0,"player_choice":"Obtained Relic","damage_taken":0,"relics_obtained":["Pen Nib"],"max_hp_gain":0,"max_hp_loss":0,"event_name":"Addict","floor":19,"gold_loss":85},{"damage_healed":0,"gold_gain":0,"player_choice":"Simplicity","damage_taken":0,"max_hp_gain":0,"max_hp_loss":0,"event_name":"Back to Basics","floor":20,"gold_loss":0,"cards_upgraded":["Defend_G","Defend_G","Defend_G","Defend_G","Defend_G","Strike_G","Strike_G","Strike_G","Strike_G","Strike_G"]},{"damage_healed":0,"gold_gain":0,"cards_transformed":["Defend_G"],"player_choice":"Transformed","damage_taken":0,"max_hp_gain":0,"max_hp_loss":0,"event_name":"Transmorgrifier","floor":29,"gold_loss":0,"cards_obtained":["Slice"]}],"is_beta":true,"boss_relics":[{"not_picked":["WristBlade","Orrery"],"picked":"Lizard Tail"}],"items_purged_floors":[],"is_endless":false,"potions_floor_spawned":[1,2,8,13,22,23],"killed_by":"Snecko","ascension_level":1}