{"gold_per_floor":[111,111,111,111,126,161,181,208,231,262,106,136,150,161,161,262,262,280,280,296,311,323,323,339,339,339,339,30,42,42,75,75,178,178,192,203,123,123,123,150,150,150,197,197,0,0,0,31,31,31],"floor_reached":51,"playtime":2672,"items_purged":[],"score":802,"play_id":"a36b9021-e0c8-4bcf-abd2-80a44add9557","local_time":"20190720022437","is_ascension_mode":true,"campfire_choices":[{"data":"Armaments","floor":15,"key":"SMITH"},{"floor":23,"key":"REST"},{"data":"Metallicize","floor":25,"key":"SMITH"},{"floor":27,"key":"REST"},{"data":"Metallicize","floor":30,"key":"SMITH"},{"data":"Berserk","floor":32,"key":"SMITH"},{"floor":41,"key":"REST"},{"data":"Barricade","floor":44,"key":"SMITH"},{"floor":49,"key":"REST"}],"neow_cost":"NONE","seed_source_timestamp":745453674369900,"circlet_count":0,"master_deck":["Strike_R+1","Strike_R","Strike_R+1","Strike_R","Defend_R+1","Defend_R","Defend_R","Bash","Perfected Strike","Armaments+1","Shrug It Off+1","Shrug It Off","Metallicize+1","Offering","Perfected Strike+1","Shrug It Off+1","Berserk+1","Metallicize+1","Metallicize+1","Barricade+1","Ghostly Armor","Armaments","Ghostly Armor","Forethought","Discovery","Madness","Madness","Bloodletting+1"],"relics":["Black Blood","NeowsBlessing","Red Skull","Regal Pillow","Torii","Whetstone","Bronze Scales","Oddly Smooth Stone","Odd Mushroom","Black Star","CultistMask","Mercury Hourglass","Vajra","War Paint","Bag of Preparation","Bottled Lightning","Bag of Marbles","Strawberry","Red Mask","Gremlin Horn","Dead Branch"],"potions_floor_usage":[10,10,33,40,50,50,50],"damage_taken":[{"damage":0,"enemies":"Small Slimes","floor":1,"turns":1},{"damage":0,"enemies":"2 Louse","floor":5,"turns":1},{"damage":0,"enemies":"Gremlin Nob","floor":6,"turns":1},{"damage":0,"enemies":"Jaw Worm","floor":7,"turns":3},{"damage":37,"enemies":"Lagavulin","floor":8,"turns":7},{"damage":28,"enemies":"Gremlin Nob","floor":10,"turns":4},{"damage":20,"enemies":"The Mushroom Lair","floor":12,"turns":4},{"damage":6,"enemies":"Gremlin Gang","floor":13,"turns":5},{"damage":7,"enemies":"Looter","floor":14,"turns":3},{"damage":10,"enemies":"Slime Boss","floor":16,"turns":17},{"damage":36,"enemies":"2 Thieves","floor":18,"turns":4},{"damage":21,"enemies":"Shell Parasite","floor":20,"turns":6},{"damage":13,"enemies":"Cultist and Chosen","floor":21,"turns":6},{"damage":7,"enemies":"Snake Plant","floor":22,"turns":3},{"damage":40,"enemies":"Centurion and Healer","floor":24,"turns":5},{"damage":7,"enemies":"Sentry and Sphere","floor":29,"turns":6},{"damage":12,"enemies":"Book of Stabbing","floor":31,"turns":6},{"damage":38,"enemies":"Collector","floor":33,"turns":14},{"damage":27,"enemies":"3 Darklings","floor":35,"turns":8},{"damage":6,"enemies":"Orb Walker","floor":36,"turns":5},{"damage":59,"enemies":"Reptomancer","floor":40,"turns":11},{"damage":25,"enemies":"Nemesis","floor":48,"turns":11},{"damage":46,"enemies":"Awakened One","floor":50,"turns":20}],"seed_played":"4452654262178607142","potions_obtained":[{"floor":1,"key":"BloodPotion"},{"floor":5,"key":"BloodPotion"},{"floor":6,"key":"Fire Potion"},{"floor":12,"key":"Fire Potion"},{"floor":13,"key":"SpeedPotion"},{"floor":36,"key":"SpeedPotion"},{"floor":40,"key":"SteroidPotion"}],"is_trial":false,"path_per_floor":["M","?","?","?","M","E","M","E","T","E","$","?","M","M","R","B",null,"M","?","M","M","M","R","M","R","T","R","$","M","R","E","R","B",null,"M","M","$","?","?","E","R","$","T","R","?","$","?","E","R","B",null],"character_chosen":"IRONCLAD","items_purchased":["Oddly Smooth Stone","Berserk","Vajra","Ghostly Armor"],"campfire_rested":4,"item_purchase_floors":[11,28,28,37],"current_hp_per_floor":[80,73,73,55,61,67,73,42,42,60,60,46,46,45,45,41,80,50,50,35,28,27,66,32,32,32,71,71,70,70,64,64,32,80,63,67,67,67,62,13,52,52,59,59,59,59,48,33,74,38],"gold":31,"neow_bonus":"THREE_ENEMY_KILL","is_prod":false,"is_daily":false,"chose_seed":false,"campfire_upgraded":5,"win_rate":0,"timestamp":1563571477,"path_taken":["M","?","?","?","M","E","M","E","T","E","$","?","?","?","R","BOSS","M","?","M","?","M","R","M","R","T","R","$","M","R","E","R","BOSS","M","?","$","?","?","E","R","$","T","R","?","?","?","E","R","BOSS"],"build_version":"2019-07-17","purchased_purges":0,"victory":true,"max_hp_per_floor":[80,80,80,80,80,80,80,80,80,80,80,80,80,80,80,80,80,80,80,80,80,80,80,80,80,80,80,80,80,80,80,80,80,80,80,80,80,80,80,80,80,80,87,87,87,87,87,87,87,87],"card_choices":[{"not_picked":["Corruption","Wild Strike"],"picked":"Perfected Strike","floor":1},{"not_picked":["Flame Barrier","Shrug It Off"],"picked":"Armaments","floor":5},{"not_picked":["Havoc","Headbutt"],"picked":"Shrug It Off","floor":6},{"not_picked":["Sword Boomerang","Fire Breathing","Shockwave"],"picked":"SKIP","floor":7},{"not_picked":["True Grit","Dark Embrace","Headbutt"],"picked":"SKIP","floor":8},{"not_picked":["Cleave","Whirlwind"],"picked":"Shrug It Off","floor":10},{"not_picked":["Clash","Dual Wield"],"picked":"Metallicize","floor":12},{"not_picked":["Carnage","Warcry","Sword Boomerang"],"picked":"SKIP","floor":13},{"not_picked":["Infernal Blade","Anger","Whirlwind"],"picked":"SKIP","floor":14},{"not_picked":["Exhume","Double Tap"],"picked":"Offering","floor":16},{"not_picked":["Dropkick","Flame Barrier","Sword Boomerang"],"picked":"SKIP","floor":18},{"not_picked":["Flex+1","Sword Boomerang"],"picked":"Perfected Strike+1","floor":20},{"not_picked":["Body Slam","Blood for Blood+1","Carnage"],"picked":"SKIP","floor":21},{"not_picked":["Power Through+1","Thunderclap","Heavy Blade"],"picked":"SKIP","floor":22},{"not_picked":["Heavy Blade","Hemokinesis"],"picked":"Shrug It Off+1","floor":24},{"not_picked":["Intimidate","Pummel"],"picked":"Metallicize","floor":29},{"not_picked":["Feel No Pain","Reckless Charge+1"],"picked":"Metallicize+1","floor":31},{"not_picked":["Reaper","Offering"],"picked":"Barricade","floor":33},{"not_picked":["Inflame+1","Uppercut"],"picked":"Ghostly Armor","floor":35},{"not_picked":["Heavy Blade+1","Rage+1"],"picked":"Armaments","floor":36},{"not_picked":["Sadistic Nature","Trip"],"picked":"Forethought","floor":39},{"not_picked":["Mind Blast","PanicButton"],"picked":"Discovery","floor":39},{"not_picked":["Warcry","Feel No Pain+1","Thunderclap"],"picked":"SKIP","floor":40},{"not_picked":["Anger+1","Immolate"],"picked":"Bloodletting+1","floor":48}],"player_experience":135922,"relics_obtained":[{"floor":6,"key":"Regal Pillow"},{"floor":8,"key":"Torii"},{"floor":9,"key":"Whetstone"},{"floor":10,"key":"Bronze Scales"},{"floor":12,"key":"Odd Mushroom"},{"floor":26,"key":"Mercury Hourglass"},{"floor":31,"key":"War Paint"},{"floor":31,"key":"Bag of Preparation"},{"floor":40,"key":"Bottled Lightning"},{"floor":40,"key":"Bag of Marbles"},{"floor":43,"key":"Strawberry"},{"floor":48,"key":"Gremlin Horn"},{"floor":48,"key":"Dead Branch"}],"event_choices":[{"cards_removed":["Defend_R"],"damage_healed":0,"gold_gain":0,"player_choice":"Card Removal","damage_taken":7,"max_hp_gain":0,"max_hp_loss":0,"event_name":"Golden Wing","floor":2,"gold_loss":0},{"damage_healed":0,"gold_gain":0,"player_choice":"Ignored","damage_taken":0,"max_hp_gain":0,"max_hp_loss":0,"event_name":"Liars Game","floor":3,"gold_loss":0},{"damage_healed":0,"gold_gain":0,"player_choice":"Success","damage_taken":18,"relics_obtained":["Red Skull"],"max_hp_gain":0,"max_hp_loss":0,"event_name":"Scrap Ooze","floor":4,"gold_loss":0},{"damage_healed":0,"gold_gain":0,"player_choice":"Fought Mushrooms","damage_taken":0,"max_hp_gain":0,"max_hp_loss":0,"event_name":"Mushrooms","floor":12,"gold_loss":0},{"damage_healed":0,"gold_gain":0,"player_choice":"Trade","damage_taken":0,"relics_obtained":["CultistMask"],"max_hp_gain":0,"max_hp_loss":0,"event_name":"FaceTrader","floor":19,"gold_loss":0},{"cards_removed":["Strike_R"],"damage_healed":0,"gold_gain":0,"player_choice":"Removed Attack","damage_taken":0,"max_hp_gain":0,"max_hp_loss":0,"event_name":"Falling","floor":38,"gold_loss":0},{"damage_healed":0,"gold_gain":0,"player_choice":"Memory 2","damage_taken":5,"max_hp_gain":0,"max_hp_loss":0,"event_name":"SensoryStone","floor":39,"gold_loss":0},{"damage_healed":0,"gold_gain":0,"player_choice":"Paid","damage_taken":0,"relics_obtained":["Red Mask"],"max_hp_gain":0,"max_hp_loss":0,"event_name":"Tomb of Lord Red Mask","floor":45,"gold_loss":197},{"damage_healed":0,"gold_gain":0,"player_choice":"Embrace Madness","damage_taken":11,"max_hp_gain":0,"max_hp_loss":0,"event_name":"Winding Halls","floor":47,"gold_loss":0,"cards_obtained":["Madness","Madness"]}],"is_beta":false,"boss_relics":[{"not_picked":["Pandora\u0027s Box","Tiny House"],"picked":"Black Star"},{"not_picked":["Runic Pyramid","Mark of Pain"],"picked":"Black Blood"}],"items_purged_floors":[],"is_endless":false,"potions_floor_spawned":[1,5,6,12,13,16,21,22,29,31,36,40,48],"ascension_level":1}