{"gold_per_floor":[109,109,128,57,68,68,94,108,108,108,138,213,213,233,233,336,336,307,153,166,98,117,117,132,132,155,174,191,191,208,223,223,223],"floor_reached":33,"playtime":1304,"items_purged":["Defend_B"],"score":261,"play_id":"2d75b7f8-907d-498e-a36f-bfbe8bfcee6b","local_time":"20190130163618","is_ascension_mode":false,"campfire_choices":[{"data":"Zap","floor":6.0,"key":"SMITH"},{"data":"Tempest","floor":10.0,"key":"SMITH"},{"data":"Coolheaded","floor":15.0,"key":"SMITH"},{"floor":23.0,"key":"REST"},{"data":"Defragment","floor":25.0,"key":"SMITH"},{"data":"Defragment","floor":29.0,"key":"SMITH"},{"data":"Loop","floor":32,"key":"SMITH"}],"neow_cost":"NONE","seed_source_timestamp":81249263218842,"circlet_count":0,"master_deck":["Strike_B","Strike_B","Strike_B","Defend_B","Defend_B","Defend_B","Zap+1","Dualcast","Machine Learning","BootSequence","Coolheaded+1","Auto Shields","Loop+1","Tempest+1","Ball Lightning","Skim","Conserve Battery","Echo Form","Defragment+1","Defragment+1","Loop","Cold Snap","Static Discharge+1","Turbo","Leap","Self Repair"],"special_seed":0,"relics":["Cracked Core","Meat on the Bone","Vajra","Question Card","Potion Belt","Inserter","Kunai"],"potions_floor_usage":[30,30,31],"damage_taken":[{"damage":5.0,"enemies":"Cultist","floor":1.0,"turns":4.0},{"damage":1.0,"enemies":"Jaw Worm","floor":3.0,"turns":3.0},{"damage":4.0,"enemies":"Small Slimes","floor":5.0,"turns":5.0},{"damage":18.0,"enemies":"3 Sentries","floor":7.0,"turns":11.0},{"damage":7.0,"enemies":"Exordium Wildlife","floor":8.0,"turns":4.0},{"damage":8.0,"enemies":"Lagavulin","floor":11.0,"turns":5.0},{"damage":1.0,"enemies":"Blue Slaver","floor":14.0,"turns":3.0},{"damage":30.0,"enemies":"Hexaghost","floor":16.0,"turns":11.0},{"damage":17.0,"enemies":"2 Thieves","floor":18.0,"turns":5.0},{"damage":22.0,"enemies":"3 Byrds","floor":20.0,"turns":4.0},{"damage":24.0,"enemies":"Snake Plant","floor":22.0,"turns":5.0},{"damage":12.0,"enemies":"Chosen and Byrds","floor":24.0,"turns":6.0},{"damage":10.0,"enemies":"Snecko","floor":27.0,"turns":5.0},{"damage":8.0,"enemies":"Centurion and Healer","floor":28.0,"turns":6.0},{"damage":17,"enemies":"Cultist and Chosen","floor":30,"turns":5},{"damage":0,"enemies":"Snake Plant","floor":31,"turns":4},{"damage":53,"enemies":"Collector","floor":33,"turns":3}],"seed_played":"-1714591376893539606","potions_obtained":[{"floor":1.0,"key":"SpeedPotion"},{"floor":5.0,"key":"Fruit Juice"},{"floor":11.0,"key":"Swift Potion"},{"floor":24.0,"key":"SteroidPotion"},{"floor":28.0,"key":"Dexterity Potion"},{"floor":30,"key":"SkillPotion"}],"is_trial":false,"path_per_floor":["M","?","M","$","M","R","E","M","T","R","E","?","?","M","R","B",null,"M","$","M","?","M","R","M","R","T","M","M","R","M","M","R","B"],"character_chosen":"DEFECT","items_purchased":["Auto Shields","Defragment"],"campfire_rested":1,"item_purchase_floors":[4,19],"current_hp_per_floor":[70,63,62,62,63,63,45,50,50,50,42,31,24,35,35,17,80,63,63,41,41,29,53,41,41,41,43,47,47,42,42,42,0],"gold":223,"neow_bonus":"ONE_RANDOM_RARE_CARD","is_prod":false,"is_daily":false,"chose_seed":false,"campfire_upgraded":6,"win_rate":0,"timestamp":1548853578,"path_taken":["M","?","M","$","M","R","E","M","T","R","E","?","?","?","R","BOSS","M","$","M","?","M","R","M","R","T","?","M","R","M","M","R","BOSS"],"build_version":"2019-01-23","purchased_purges":1,"victory":false,"max_hp_per_floor":[75,75,75,75,80,80,80,80,80,80,80,80,80,80,80,80,80,80,80,80,80,80,80,80,80,80,80,80,80,80,80,80,80],"card_choices":[{"not_picked":["Recycle","Beam Cell"],"picked":"BootSequence","floor":1.0},{"not_picked":["Tempest","Melter"],"picked":"Coolheaded","floor":3.0},{"not_picked":["Tempest","Barrage"],"picked":"Loop","floor":5.0},{"not_picked":["Blizzard","Sweeping Beam"],"picked":"Tempest","floor":7.0},{"not_picked":["Tempest","Hologram"],"picked":"Ball Lightning","floor":8.0},{"not_picked":["Scrape","Reprogram","Ball Lightning"],"picked":"Skim","floor":11.0},{"not_picked":["Leap","Auto Shields","Streamline"],"picked":"Conserve Battery","floor":14.0},{"not_picked":["Biased Cognition","Thunder Strike","Meteor Strike"],"picked":"Echo Form","floor":16.0},{"not_picked":["Melter","Rebound","Coolheaded+1"],"picked":"Defragment","floor":18.0},{"not_picked":["Redo","Hologram","Sweeping Beam"],"picked":"Loop","floor":20.0},{"not_picked":["Machine Learning","Stack","Go for the Eyes"],"picked":"Cold Snap","floor":22.0},{"not_picked":["Sweeping Beam","Sunder+1","Storm"],"picked":"Static Discharge+1","floor":24.0},{"not_picked":["Consume","Reinforced Body","Ball Lightning"],"picked":"Turbo","floor":27.0},{"not_picked":["Steam","Coolheaded","Stack"],"picked":"Leap","floor":28.0},{"not_picked":["Leap+1","Barrage","Amplify"],"picked":"Self Repair","floor":30},{"not_picked":["Steam","Doom and Gloom","Sunder","Leap"],"picked":"SKIP","floor":31}],"player_experience":495396,"relics_obtained":[{"floor":7.0,"key":"Vajra"},{"floor":9.0,"key":"Question Card"},{"floor":11.0,"key":"Potion Belt"}],"event_choices":[{"damage_healed":0.0,"max_hp_gain":0.0,"max_hp_loss":0.0,"gold_gain":0.0,"event_name":"Scrap Ooze","player_choice":"Success","floor":2.0,"gold_loss":0.0,"damage_taken":7.0,"relics_obtained":["Meat on the Bone"]},{"damage_healed":0.0,"max_hp_gain":0.0,"max_hp_loss":0.0,"gold_gain":75.0,"event_name":"World of Goop","player_choice":"Gather Gold","floor":12.0,"gold_loss":0.0,"damage_taken":11.0},{"cards_removed":["Strike_B"],"damage_healed":0.0,"max_hp_gain":0.0,"max_hp_loss":0.0,"gold_gain":0.0,"event_name":"Golden Wing","player_choice":"Card Removal","floor":13.0,"gold_loss":0.0,"damage_taken":7.0},{"damage_healed":0.0,"max_hp_gain":0.0,"max_hp_loss":0.0,"gold_gain":0.0,"event_name":"WeMeetAgain","player_choice":"Paid Gold","floor":21.0,"gold_loss":68.0,"damage_taken":0.0,"relics_obtained":["Kunai"]}],"is_beta":true,"boss_relics":[{"not_picked":["Sozu","Black Star"],"picked":"Inserter"}],"items_purged_floors":[19],"is_endless":false,"potions_floor_spawned":[1,5,11,24,28,30],"killed_by":"Collector","ascension_level":0}