{"gold_per_floor":[15,32,43,63,78,107,107,136,187,187,152,152,164,239,239,338,338,350,350,119,130,30,42,42,42,42,42,57,57,57,69,69,170,170,187,62,62,75,75,75,94,24,24,41,141,141,141],"floor_reached":47,"playtime":1902,"items_purged":["Strike_R","Defend_R","Pain"],"score":482,"play_id":"b5956a5c-1f86-497d-9e64-d20bbfd95db9","local_time":"20181226193522","is_ascension_mode":true,"campfire_choices":[{"data":"Hemokinesis","floor":7,"key":"SMITH"},{"data":"Seeing Red","floor":10,"key":"SMITH"},{"data":"Heavy Blade","floor":15,"key":"SMITH"},{"floor":25,"key":"REST"},{"floor":29,"key":"REST"},{"floor":32,"key":"REST"},{"floor":40,"key":"REST"},{"floor":46,"key":"REST"}],"neow_cost":"NO_GOLD","seed_source_timestamp":186083153710017,"circlet_count":0,"master_deck":["Strike_R","Strike_R","Strike_R","Defend_R","Defend_R","Defend_R","Disarm","Sword Boomerang","Demon Form","Seeing Red+1","Hemokinesis+1","Whirlwind","Seeing Red","Heavy Blade+1","Berserk","Shrug It Off","Inflame","Rampage","Anger+1","Flex","Double Tap","Disarm+1","Shockwave","Seeing Red"],"relics":["Black Blood","Oddly Smooth Stone","Juzu Bracelet","Vajra","Runic Pyramid","Mercury Hourglass","Meat on the Bone","WarpedTongs","Sundial"],"potions_floor_usage":[16,16,23,41],"damage_taken":[{"damage":12,"enemies":"Small Slimes","floor":1,"turns":5},{"damage":6,"enemies":"2 Louse","floor":2,"turns":3},{"damage":4,"enemies":"Jaw Worm","floor":3,"turns":3},{"damage":5,"enemies":"Looter","floor":4,"turns":5},{"damage":18,"enemies":"2 Fungi Beasts","floor":5,"turns":4},{"damage":40,"enemies":"3 Sentries","floor":6,"turns":7},{"damage":8,"enemies":"Lagavulin","floor":8,"turns":5},{"damage":13,"enemies":"Exordium Thugs","floor":13,"turns":3},{"damage":14,"enemies":"Hexaghost","floor":16,"turns":7},{"damage":74,"enemies":"2 Thieves","floor":18,"turns":4},{"damage":10,"enemies":"Chosen","floor":21,"turns":4},{"damage":17,"enemies":"3 Cultists","floor":23,"turns":3},{"damage":34,"enemies":"Shelled Parasite and Fungi","floor":28,"turns":4},{"damage":28,"enemies":"Snake Plant","floor":31,"turns":3},{"damage":54,"enemies":"Champ","floor":33,"turns":6},{"damage":22,"enemies":"Orb Walker","floor":35,"turns":3},{"damage":54,"enemies":"3 Darklings","floor":38,"turns":4},{"damage":26,"enemies":"Maw","floor":41,"turns":7},{"damage":62,"enemies":"Sphere and 2 Shapes","floor":44,"turns":6},{"damage":60,"enemies":"Transient","floor":47,"turns":2}],"seed_played":"-4593587260723838906","potions_obtained":[{"floor":2,"key":"GamblersBrew"},{"floor":3,"key":"SpeedPotion"},{"floor":5,"key":"SkillPotion"},{"floor":8,"key":"Ancient Potion"},{"floor":13,"key":"Energy Potion"},{"floor":21,"key":"Regen Potion"},{"floor":35,"key":"AttackPotion"}],"is_trial":false,"path_per_floor":["M","M","M","M","M","E","R","E","T","R","?","?","M","?","R","B",null,"M","?","$","M","$","M","?","R","T","?","M","R","?","M","R","B",null,"M","$","?","M","?","R","M","$","T","M","?","R","M"],"character_chosen":"IRONCLAD","items_purchased":["Inflame","Rampage","Shockwave"],"campfire_rested":5,"item_purchase_floors":[20,20,42],"current_hp_per_floor":[90,90,92,93,81,47,47,45,45,45,69,62,55,44,44,36,96,28,28,28,24,24,22,22,50,50,50,34,62,62,52,80,44,96,84,84,84,52,52,80,64,64,64,24,24,52,0],"gold":141,"neow_bonus":"TWENTY_PERCENT_HP_BONUS","is_prod":false,"is_daily":false,"chose_seed":false,"campfire_upgraded":3,"win_rate":0,"timestamp":1545840322,"path_taken":["M","M","M","M","M","E","R","E","T","R","?","?","M","?","R","BOSS","M","?","$","M","$","M","?","R","T","?","M","R","?","M","R","BOSS","M","$","?","M","?","R","M","$","T","M","?","R","M"],"build_version":"2018-12-25","purchased_purges":3,"victory":false,"max_hp_per_floor":[96,96,96,96,96,96,96,96,96,96,96,96,96,96,96,96,96,96,96,96,96,96,96,96,96,96,96,96,96,96,96,96,96,96,96,96,96,96,96,96,96,96,96,96,96,96,96],"card_choices":[{"not_picked":["Shrug It Off","Armaments"],"picked":"Disarm","floor":1},{"not_picked":["Clothesline","Searing Blow"],"picked":"Sword Boomerang","floor":2},{"not_picked":["Blood for Blood","Sword Boomerang"],"picked":"Demon Form","floor":3},{"not_picked":["Body Slam","Ghostly Armor"],"picked":"Seeing Red","floor":4},{"not_picked":["Warcry","Rampage"],"picked":"Hemokinesis","floor":5},{"not_picked":["Cleave","Headbutt"],"picked":"Whirlwind","floor":6},{"not_picked":["Feed","Wild Strike"],"picked":"Seeing Red","floor":8},{"not_picked":["Havoc","Searing Blow"],"picked":"Heavy Blade","floor":13},{"not_picked":["Immolate","Brutality"],"picked":"Berserk","floor":16},{"not_picked":["Warcry","Searing Blow"],"picked":"Shrug It Off","floor":18},{"not_picked":["Cleave","Iron Wave","Ghostly Armor"],"picked":"SKIP","floor":21},{"not_picked":["Sword Boomerang+1","Body Slam"],"picked":"Anger+1","floor":23},{"not_picked":["Warcry","Intimidate"],"picked":"Flex","floor":28},{"not_picked":["Clash","Perfected Strike","Wild Strike"],"picked":"SKIP","floor":31},{"not_picked":["Dark Embrace","Brutality"],"picked":"Double Tap","floor":33},{"not_picked":["Iron Wave","Sword Boomerang"],"picked":"Disarm+1","floor":35},{"not_picked":["Anger","Heavy Blade+1","Perfected Strike"],"picked":"SKIP","floor":38},{"not_picked":["Wild Strike","Demon Form","Whirlwind"],"picked":"SKIP","floor":41},{"not_picked":["Anger+1","Body Slam"],"picked":"Seeing Red","floor":44}],"player_experience":249799,"relics_obtained":[{"floor":6,"key":"Oddly Smooth Stone"},{"floor":8,"key":"Juzu Bracelet"},{"floor":9,"key":"Vajra"},{"floor":26,"key":"Meat on the Bone"},{"floor":43,"key":"Sundial"}],"event_choices":[{"damage_healed":24,"gold_gain":0,"player_choice":"Healed","damage_taken":0,"max_hp_gain":0,"max_hp_loss":0,"event_name":"The Cleric","floor":11,"gold_loss":35},{"cards_removed":["Bash"],"damage_healed":0,"gold_gain":0,"player_choice":"Card Removal","damage_taken":7,"max_hp_gain":0,"max_hp_loss":0,"event_name":"Golden Wing","floor":12,"gold_loss":0},{"damage_healed":0,"gold_gain":75,"player_choice":"Gather Gold","damage_taken":11,"max_hp_gain":0,"max_hp_loss":0,"event_name":"World of Goop","floor":14,"gold_loss":0},{"damage_healed":0,"gold_gain":0,"player_choice":"Opened","damage_taken":0,"relics_obtained":["Mercury Hourglass"],"max_hp_gain":0,"max_hp_loss":0,"event_name":"The Mausoleum","floor":19,"gold_loss":0},{"cards_removed":["Strike_R"],"damage_healed":0,"gold_gain":0,"player_choice":"Elegance","damage_taken":0,"max_hp_gain":0,"max_hp_loss":0,"event_name":"Back to Basics","floor":24,"gold_loss":0},{"damage_healed":0,"gold_gain":0,"player_choice":"Rummage","damage_taken":0,"relics_obtained":["WarpedTongs"],"max_hp_gain":0,"max_hp_loss":0,"event_name":"Accursed Blacksmith","floor":27,"gold_loss":0,"cards_obtained":["Pain"]},{"damage_healed":0,"gold_gain":0,"player_choice":"Ignored","damage_taken":0,"max_hp_gain":0,"max_hp_loss":0,"event_name":"SecretPortal","floor":37,"gold_loss":0},{"damage_healed":0,"gold_gain":0,"player_choice":"Ignored","damage_taken":0,"max_hp_gain":0,"max_hp_loss":0,"event_name":"Mysterious Sphere","floor":39,"gold_loss":0},{"damage_healed":0,"gold_gain":100,"player_choice":"Pray","damage_taken":0,"max_hp_gain":0,"max_hp_loss":0,"event_name":"Golden Shrine","floor":45,"gold_loss":0}],"is_beta":true,"boss_relics":[{"not_picked":["Empty Cage","Runic Dome"],"picked":"Runic Pyramid"},{"not_picked":["Eternal Feather","Tiny House"],"picked":"Black Blood"}],"items_purged_floors":[20,22,36],"is_endless":false,"potions_floor_spawned":[2,3,5,8,13,21,35],"killed_by":"Transient","ascension_level":1}