{"gold_per_floor":[110,185,135,35,35,35,60,60,83,112,129,153,169,195,195,292,292,309,309],"floor_reached":19,"playtime":791,"items_purged":["Strike_R"],"score":256,"play_id":"8887238a-99b3-48b4-9c7d-62f16f941ea2","local_time":"20190731214310","is_ascension_mode":true,"campfire_choices":[{"data":"Armaments","floor":6,"key":"SMITH"},{"data":"Limit Break","floor":8,"key":"SMITH"},{"data":"Heavy Blade","floor":15,"key":"SMITH"}],"neow_cost":"NONE","seed_source_timestamp":3625256357066800,"circlet_count":0,"master_deck":["Strike_R","Strike_R","Strike_R","Defend_R","Defend_R","Defend_R+1","Defend_R","Bash","Heavy Blade+1","Armaments+1","Regret","Limit Break+1","Clothesline","Infernal Blade+1","Pommel Strike","Armaments","Limit Break","Clothesline"],"relics":["Burning Blood","NeowsBlessing","Oddly Smooth Stone","Potion Belt","Orichalcum","PreservedInsect","Boot","War Paint","Lizard Tail"],"potions_floor_usage":[14,14,16,19],"damage_taken":[{"damage":0,"enemies":"Small Slimes","floor":1,"turns":1},{"damage":0,"enemies":"Gremlin Nob","floor":7,"turns":1},{"damage":2,"enemies":"3 Sentries","floor":10,"turns":3},{"damage":11,"enemies":"Jaw Worm","floor":11,"turns":4},{"damage":3,"enemies":"2 Louse","floor":13,"turns":3},{"damage":15,"enemies":"Lagavulin","floor":14,"turns":5},{"damage":74,"enemies":"Slime Boss","floor":16,"turns":14},{"damage":110,"enemies":"3 Byrds","floor":18,"turns":13},{"damage":16,"enemies":"Shell Parasite","floor":19,"turns":5}],"seed_played":"1698955121840197661","potions_obtained":[{"floor":10,"key":"Regen Potion"},{"floor":11,"key":"Fire Potion"},{"floor":13,"key":"FearPotion"},{"floor":18,"key":"SkillPotion"}],"is_trial":false,"path_per_floor":["M","?","?","$","?","R","E","R","T","E","M","T","M","E","R","B",null,"M","M"],"character_chosen":"IRONCLAD","items_purchased":["Armaments"],"campfire_rested":0,"item_purchase_floors":[4],"current_hp_per_floor":[80,69,69,69,69,69,75,75,75,79,74,74,77,80,80,12,80,16,0],"gold":309,"neow_bonus":"THREE_ENEMY_KILL","is_prod":false,"is_daily":false,"chose_seed":false,"campfire_upgraded":3,"win_rate":0,"timestamp":1564634590,"path_taken":["M","?","?","$","?","R","E","R","T","E","M","?","?","E","R","BOSS","M","M"],"build_version":"2019-07-17","purchased_purges":1,"victory":false,"max_hp_per_floor":[80,80,80,80,80,80,80,80,80,80,80,80,80,80,80,80,80,80,80],"card_choices":[{"not_picked":["Sword Boomerang","Evolve"],"picked":"Heavy Blade","floor":1},{"not_picked":["Flame Barrier","Thunderclap"],"picked":"Limit Break","floor":7},{"not_picked":["Sword Boomerang","Pummel"],"picked":"Clothesline","floor":10},{"not_picked":["Headbutt","Flex"],"picked":"Infernal Blade","floor":11},{"not_picked":["Thunderclap","Cleave"],"picked":"Pommel Strike","floor":13},{"not_picked":["Fiend Fire","Thunderclap"],"picked":"Armaments","floor":14},{"not_picked":["Fiend Fire","Dark Embrace"],"picked":"Limit Break","floor":16},{"not_picked":["Sword Boomerang","Pommel Strike"],"picked":"Clothesline","floor":18}],"player_experience":109965,"relics_obtained":[{"floor":7,"key":"Potion Belt"},{"floor":9,"key":"Orichalcum"},{"floor":10,"key":"PreservedInsect"},{"floor":12,"key":"Boot"},{"floor":14,"key":"War Paint"}],"event_choices":[{"damage_healed":0,"gold_gain":75,"player_choice":"Gather Gold","damage_taken":11,"max_hp_gain":0,"max_hp_loss":0,"event_name":"World of Goop","floor":2,"gold_loss":0},{"cards_removed":["Strike_R"],"damage_healed":0,"gold_gain":0,"player_choice":"Card Removal","damage_taken":0,"max_hp_gain":0,"max_hp_loss":0,"event_name":"The Cleric","floor":3,"gold_loss":50},{"damage_healed":0,"gold_gain":0,"player_choice":"Box","damage_taken":0,"relics_obtained":["Oddly Smooth Stone"],"max_hp_gain":0,"max_hp_loss":0,"event_name":"Big Fish","floor":5,"gold_loss":0,"cards_obtained":["Regret"]}],"is_beta":false,"boss_relics":[{"not_picked":["Runic Pyramid","Black Star"],"picked":"Lizard Tail"}],"items_purged_floors":[4],"is_endless":false,"potions_floor_spawned":[10,11,13,18],"killed_by":"Shell Parasite","ascension_level":2}