{"gold_per_floor":[367,385,203,203,217,217,236,236,288,298,198,198,373,162,162,263,263,275,125,225,225,140,140],"floor_reached":23,"playtime":750,"items_purged":["Bash","Strike_R","Doubt","Strike_R"],"score":177,"play_id":"347b3dd8-b058-4d75-82a1-e21dd38e21b1","local_time":"20190210200021","is_ascension_mode":false,"campfire_choices":[{"data":"Shrug It Off","floor":6.0,"key":"SMITH"},{"data":"Rampage","floor":8.0,"key":"SMITH"},{"data":"Inflame","floor":12.0,"key":"SMITH"},{"data":"Metallicize","floor":15.0,"key":"SMITH"}],"neow_cost":"PERCENT_DAMAGE","seed_source_timestamp":0,"circlet_count":0,"master_deck":["Strike_R","Strike_R","Strike_R","Defend_R","Defend_R","Defend_R","Defend_R","Rampage+1","Heavy Blade","Shrug It Off+1","Uppercut","Cleave","Inflame+1","Metallicize+1","Shrug It Off","Juggernaut"],"special_seed":0,"relics":["Burning Blood","CultistMask","Ancient Tea Set","Eternal Feather","Magic Flower","Singing Bowl","Boot"],"potions_floor_usage":[],"damage_taken":[{"damage":10.0,"enemies":"Small Slimes","floor":1.0,"turns":4.0},{"damage":1.0,"enemies":"Cultist","floor":2.0,"turns":3.0},{"damage":0.0,"enemies":"2 Louse","floor":5.0,"turns":3.0},{"damage":2.0,"enemies":"Looter","floor":7.0,"turns":4.0},{"damage":3.0,"enemies":"Large Slime","floor":10.0,"turns":5.0},{"damage":31.0,"enemies":"Slime Boss","floor":16.0,"turns":10.0},{"damage":10.0,"enemies":"Spheric Guardian","floor":18.0,"turns":5.0},{"damage":28.0,"enemies":"Colosseum Slavers","floor":20.0,"turns":8.0},{"damage":40.0,"enemies":"Colosseum Nobs","floor":20.0,"turns":7.0},{"damage":49,"enemies":"Book of Stabbing","floor":23,"turns":6}],"seed_played":"-2162585620781546412","potions_obtained":[{"floor":1.0,"key":"Weak Potion"},{"floor":2.0,"key":"PowerPotion"},{"floor":5.0,"key":"Regen Potion"},{"floor":16.0,"key":"FairyPotion"},{"floor":18.0,"key":"Dexterity Potion"}],"is_trial":false,"path_per_floor":["M","M","$","?","M","R","M","R","T","M","$","R","?","$","R","B",null,"M","$","?","?","?","E"],"character_chosen":"IRONCLAD","items_purchased":["Shrug It Off","Uppercut","Metallicize","Shrug It Off"],"campfire_rested":0,"item_purchase_floors":[3,3,14,14],"current_hp_per_floor":[52,57,57,57,63,63,67,67,67,70,70,70,70,70,70,45,80,76,76,37,21,21,0],"gold":140,"neow_bonus":"TWO_FIFTY_GOLD","is_prod":false,"is_daily":false,"chose_seed":false,"campfire_upgraded":4,"win_rate":0,"timestamp":1549816221,"path_taken":["M","M","$","?","M","R","M","R","T","M","?","R","?","$","R","BOSS","M","$","?","?","?","E"],"build_version":"2019-02-06","purchased_purges":4,"victory":false,"max_hp_per_floor":[80,80,80,80,80,80,80,80,80,80,80,80,80,80,80,80,80,80,80,82,87,87,87],"card_choices":[{"not_picked":["Entrench","Bloodletting"],"picked":"Rampage","floor":1.0},{"not_picked":["Second Wind","Perfected Strike"],"picked":"Heavy Blade","floor":2.0},{"not_picked":["Perfected Strike","Heavy Blade","Anger"],"picked":"SKIP","floor":5.0},{"not_picked":["Intimidate","Clothesline"],"picked":"Cleave","floor":7.0},{"not_picked":["Wild Strike","Rupture"],"picked":"Inflame","floor":10.0},{"not_picked":["Fiend Fire","Dark Embrace"],"picked":"Juggernaut","floor":16.0},{"not_picked":["Body Slam","Heavy Blade","Cleave"],"picked":"SKIP","floor":18.0},{"not_picked":["Perfected Strike","Cleave+1","Havoc"],"picked":"Singing Bowl","floor":20.0}],"player_experience":623338,"relics_obtained":[{"floor":9.0,"key":"Ancient Tea Set"},{"floor":20.0,"key":"Magic Flower"},{"floor":20.0,"key":"Singing Bowl"}],"event_choices":[{"damage_healed":0.0,"max_hp_gain":0.0,"max_hp_loss":0.0,"gold_gain":0.0,"event_name":"FaceTrader","player_choice":"Trade","floor":4.0,"gold_loss":0.0,"damage_taken":0.0,"relics_obtained":["CultistMask"]},{"damage_healed":0.0,"max_hp_gain":0.0,"max_hp_loss":0.0,"gold_gain":175.0,"event_name":"Liars Game","player_choice":"AGREE","floor":13.0,"gold_loss":0.0,"damage_taken":0.0,"cards_obtained":["Doubt"]},{"damage_healed":0.0,"max_hp_gain":0.0,"max_hp_loss":0.0,"gold_gain":0.0,"event_name":"Colosseum","player_choice":"Fight","floor":20.0,"gold_loss":0.0,"damage_taken":0.0},{"damage_healed":0.0,"max_hp_gain":0.0,"max_hp_loss":0.0,"gold_gain":0.0,"event_name":"Colosseum","player_choice":"Fought Nobs","floor":20.0,"gold_loss":0.0,"damage_taken":0.0},{"damage_healed":0.0,"max_hp_gain":5.0,"max_hp_loss":0.0,"gold_gain":0.0,"event_name":"Forgotten Altar","player_choice":"Shed Blood","floor":21.0,"gold_loss":0.0,"damage_taken":21.0},{"damage_healed":0.0,"max_hp_gain":0.0,"max_hp_loss":0.0,"gold_gain":0.0,"event_name":"Addict","player_choice":"Obtained Relic","floor":22.0,"gold_loss":85.0,"damage_taken":0.0,"relics_obtained":["Boot"]}],"is_beta":true,"boss_relics":[{"not_picked":["Black Star","Snecko Eye"],"picked":"Eternal Feather"}],"items_purged_floors":[3,11,14,19],"is_endless":false,"potions_floor_spawned":[1,2,5,16,18],"killed_by":"Book of Stabbing","ascension_level":0}