{"gold_per_floor":[19,33,308,323,2,27,27,52,52,18,18,29,29,43,43,146,146,163,183,198,47,47],"floor_reached":22,"playtime":3329,"items_purged":["Regret"],"score":196,"play_id":"5ffd8aa2-dde6-4411-94d5-75c1df044667","local_time":"20190130203711","is_ascension_mode":false,"campfire_choices":[{"data":"Zap","floor":7.0,"key":"SMITH"},{"data":"Dualcast","floor":11.0,"key":"SMITH"},{"data":"Capacitor","floor":13.0,"key":"SMITH"},{"data":"Leap","floor":15.0,"key":"SMITH"}],"neow_cost":"NO_GOLD","seed_source_timestamp":93760561548080,"circlet_count":0,"master_deck":["Zap+1","Dualcast+1","Capacitor+1","Cold Snap","Leap+1","Ball Lightning","Doom and Gloom","Echo Form","Heatsinks","Stack","Streamline","Hello World","Heatsinks","Chaos","Conserve Battery","Loop","Conserve Battery+1"],"special_seed":0,"relics":["Cracked Core","Chemical X","Ornamental Fan","Kunai","Matryoshka","Pandora\u0027s Box","Lantern"],"potions_floor_usage":[],"damage_taken":[{"damage":0.0,"enemies":"Small Slimes","floor":1.0,"turns":2.0},{"damage":1.0,"enemies":"Cultist","floor":2.0,"turns":3.0},{"damage":0.0,"enemies":"2 Louse","floor":4.0,"turns":2.0},{"damage":21.0,"enemies":"Gremlin Nob","floor":6.0,"turns":5.0},{"damage":6.0,"enemies":"Lagavulin","floor":8.0,"turns":6.0},{"damage":5.0,"enemies":"Looter","floor":12.0,"turns":2.0},{"damage":12.0,"enemies":"Blue Slaver","floor":14.0,"turns":3.0},{"damage":18.0,"enemies":"Hexaghost","floor":16.0,"turns":9.0},{"damage":15.0,"enemies":"Spheric Guardian","floor":18.0,"turns":4.0},{"damage":32.0,"enemies":"3 Byrds","floor":19.0,"turns":5.0},{"damage":21.0,"enemies":"Snecko","floor":20.0,"turns":5.0},{"damage":9,"enemies":"Snake Plant","floor":22,"turns":1}],"seed_played":"3781755702452613596","potions_obtained":[{"floor":1.0,"key":"PowerPotion"},{"floor":4.0,"key":"LiquidBronze"},{"floor":6.0,"key":"Regen Potion"},{"floor":8.0,"key":"FocusPotion"},{"floor":20.0,"key":"Dexterity Potion"}],"is_trial":false,"path_per_floor":["M","M","?","M","$","E","R","E","T","$","R","M","R","M","R","B",null,"M","M","M","$","M"],"character_chosen":"DEFECT","items_purchased":["Chemical X","Leap","Doom and Gloom","Lantern"],"campfire_rested":0,"item_purchase_floors":[5,5,10,21],"current_hp_per_floor":[75,74,74,74,74,53,53,62,62,62,62,57,57,45,45,27,75,60,28,7,7,0],"gold":47,"neow_bonus":"REMOVE_TWO","is_prod":false,"is_daily":false,"chose_seed":false,"campfire_upgraded":4,"win_rate":0,"timestamp":1548868031,"path_taken":["M","M","?","M","?","E","R","E","T","$","R","M","R","M","R","BOSS","M","M","M","$","M"],"build_version":"2019-01-23","purchased_purges":1,"victory":false,"max_hp_per_floor":[75,75,75,75,75,75,75,75,75,75,75,75,75,75,75,75,75,75,75,75,75,75],"card_choices":[{"not_picked":["Consume","Coolheaded"],"picked":"Capacitor","floor":1.0},{"not_picked":["Stack","Sunder"],"picked":"Cold Snap","floor":2.0},{"not_picked":["Sweeping Beam","Beam Cell","Gash"],"picked":"SKIP","floor":4.0},{"not_picked":["Go for the Eyes","Redo","Blizzard"],"picked":"SKIP","floor":6.0},{"not_picked":["Blizzard","Recycle"],"picked":"Ball Lightning","floor":8.0},{"not_picked":["Double Energy","Compile Driver","Aggregate"],"picked":"SKIP","floor":12.0},{"not_picked":["Genetic Algorithm","Go for the Eyes","Amplify"],"picked":"SKIP","floor":14.0},{"not_picked":["Rainbow","Creative AI"],"picked":"Echo Form","floor":16.0},{"not_picked":["Stack","Rebound"],"picked":"Conserve Battery","floor":18.0},{"not_picked":["Rebound","Melter"],"picked":"Loop","floor":19.0},{"not_picked":["Go for the Eyes","Barrage"],"picked":"Conserve Battery+1","floor":20.0}],"player_experience":499740,"relics_obtained":[{"floor":6.0,"key":"Ornamental Fan"},{"floor":8.0,"key":"Kunai"},{"floor":9.0,"key":"Matryoshka"}],"event_choices":[{"damage_healed":0.0,"max_hp_gain":0.0,"max_hp_loss":0.0,"gold_gain":275.0,"event_name":"Golden Shrine","player_choice":"Desecrate","floor":3.0,"gold_loss":0.0,"damage_taken":0.0,"cards_obtained":["Regret"]}],"is_beta":true,"boss_relics":[{"not_picked":["Eternal Feather","Lizard Tail"],"picked":"Pandora\u0027s Box"}],"items_purged_floors":[5],"is_endless":false,"potions_floor_spawned":[1,4,6,8,20],"killed_by":"Snake Plant","ascension_level":0}