{"gold_per_floor":[114,114,124,141,141,141,153,183,207,221,221,221,255,269,269,374,424,438,454,471,381,400,400,400],"floor_reached":24,"playtime":1530,"items_purged":[],"score":221,"play_id":"539331d8-28bb-4fc6-8aa9-98bfd926632e","local_time":"20190725233555","is_ascension_mode":true,"campfire_choices":[{"data":"Neutralize","floor":6,"key":"SMITH"},{"floor":15,"key":"REST"},{"data":"Blur","floor":23,"key":"SMITH"}],"neow_cost":"NONE","seed_source_timestamp":3112882007553500,"circlet_count":0,"master_deck":["Strike_G","Strike_G","Strike_G","Defend_G+1","Defend_G","Defend_G","Defend_G+1","Defend_G","Survivor","Neutralize+1","Dash","Well Laid Plans","Bane","Flying Knee","Deadly Poison","Sucker Punch","Decay","Cloak And Dagger","Envenom","Poisoned Stab","Leg Sweep","Blur+1","Footwork+1","Envenom"],"relics":["Ring of the Snake","NeowsBlessing","Bag of Marbles","GremlinMask","Centennial Puzzle","Strawberry","Bag of Preparation","Tiny House"],"potions_floor_usage":[7,8,13,13,20,22,22,24],"damage_taken":[{"damage":0,"enemies":"2 Louse","floor":1,"turns":1},{"damage":0,"enemies":"Jaw Worm","floor":3,"turns":1},{"damage":0,"enemies":"Cultist","floor":4,"turns":1},{"damage":1,"enemies":"Gremlin Gang","floor":7,"turns":4},{"damage":16,"enemies":"Lagavulin","floor":8,"turns":8},{"damage":3,"enemies":"2 Fungi Beasts","floor":10,"turns":4},{"damage":19,"enemies":"3 Sentries","floor":13,"turns":10},{"damage":0,"enemies":"Looter","floor":14,"turns":2},{"damage":23,"enemies":"The Guardian","floor":16,"turns":13},{"damage":5,"enemies":"3 Byrds","floor":18,"turns":8},{"damage":4,"enemies":"Chosen","floor":19,"turns":5},{"damage":23,"enemies":"Shelled Parasite and Fungi","floor":20,"turns":8},{"damage":9,"enemies":"Snecko","floor":22,"turns":7},{"damage":47,"enemies":"Slavers","floor":24,"turns":4}],"seed_played":"9173436969710271799","potions_obtained":[{"floor":1,"key":"Block Potion"},{"floor":4,"key":"Explosive Potion"},{"floor":8,"key":"SteroidPotion"},{"floor":10,"key":"FearPotion"},{"floor":16,"key":"Swift Potion"},{"floor":17,"key":"EssenceOfSteel"},{"floor":18,"key":"Explosive Potion"},{"floor":22,"key":"Poison Potion"}],"is_trial":false,"path_per_floor":["M","?","M","M","?","R","M","E","T","M","?","?","E","M","R","B",null,"M","M","M","?","M","R","E"],"character_chosen":"THE_SILENT","items_purchased":[],"campfire_rested":1,"item_purchase_floors":[],"current_hp_per_floor":[70,63,63,63,63,63,62,46,53,50,43,43,24,24,47,24,82,77,73,50,50,41,41,0],"gold":400,"neow_bonus":"THREE_ENEMY_KILL","is_prod":false,"is_daily":false,"chose_seed":false,"campfire_upgraded":2,"win_rate":0,"timestamp":1564122955,"path_taken":["M","?","M","M","?","R","?","E","T","?","?","?","E","M","R","BOSS","M","M","?","?","?","R","E"],"build_version":"2019-07-17","purchased_purges":0,"victory":false,"max_hp_per_floor":[70,70,70,70,70,70,70,70,77,77,77,77,77,77,77,77,82,82,82,82,82,82,82,82],"card_choices":[{"not_picked":["Dodge and Roll","Bouncing Flask"],"picked":"Dash","floor":1},{"not_picked":["Heel Hook","Reflex"],"picked":"Well Laid Plans","floor":3},{"not_picked":["Expertise","All Out Attack"],"picked":"Bane","floor":4},{"not_picked":["Underhanded Strike","Blade Dance"],"picked":"Flying Knee","floor":7},{"not_picked":["Prepared","Glass Knife"],"picked":"Deadly Poison","floor":8},{"not_picked":["Bane","Prepared"],"picked":"Sucker Punch","floor":10},{"not_picked":["Deadly Poison","Terror"],"picked":"Cloak And Dagger","floor":13},{"not_picked":["Flechettes","Predator","Underhanded Strike"],"picked":"SKIP","floor":14},{"not_picked":["Unload","Storm of Steel"],"picked":"Envenom","floor":16},{"not_picked":["Riddle With Holes","Expertise"],"picked":"Poisoned Stab","floor":17},{"not_picked":["Prepared","Quick Slash"],"picked":"Leg Sweep","floor":18},{"not_picked":["Caltrops","Calculated Gamble+1"],"picked":"Blur","floor":19},{"not_picked":["Outmaneuver","Blade Dance"],"picked":"Footwork+1","floor":20},{"not_picked":["Leg Sweep","Flechettes+1"],"picked":"Envenom","floor":22}],"player_experience":91683,"relics_obtained":[{"floor":8,"key":"Centennial Puzzle"},{"floor":9,"key":"Strawberry"},{"floor":13,"key":"Bag of Preparation"}],"event_choices":[{"damage_healed":0,"gold_gain":0,"player_choice":"Success","damage_taken":7,"relics_obtained":["Bag of Marbles"],"max_hp_gain":0,"max_hp_loss":0,"event_name":"Scrap Ooze","floor":2,"gold_loss":0},{"damage_healed":0,"gold_gain":0,"player_choice":"Trade","damage_taken":0,"relics_obtained":["GremlinMask"],"max_hp_gain":0,"max_hp_loss":0,"event_name":"FaceTrader","floor":5,"gold_loss":0},{"cards_removed":["Strike_G"],"damage_healed":0,"gold_gain":0,"player_choice":"Card Removal","damage_taken":7,"max_hp_gain":0,"max_hp_loss":0,"event_name":"Golden Wing","floor":11,"gold_loss":0},{"damage_healed":0,"gold_gain":0,"player_choice":"Cursed","damage_taken":0,"max_hp_gain":0,"max_hp_loss":0,"event_name":"Wheel of Change","floor":12,"gold_loss":0,"cards_obtained":["Decay"]},{"cards_removed":["Strike_G"],"damage_healed":0,"gold_gain":0,"player_choice":"Upgrade and Remove","damage_taken":0,"max_hp_gain":0,"max_hp_loss":0,"event_name":"Designer","floor":21,"gold_loss":90,"cards_upgraded":["Defend_G"]}],"is_beta":false,"boss_relics":[{"not_picked":["Eternal Feather","Fusion Hammer"],"picked":"Tiny House"}],"items_purged_floors":[],"is_endless":false,"potions_floor_spawned":[1,4,8,10,16,18,22],"killed_by":"Slavers","ascension_level":1}