{"gold_per_floor":[115,128,141,154,154,154,180,192,265,276,276,286,286,304,304,409,409,419,419,419,439,457,457,468,482,506,516,195,195,208,227,227,332,332,344,277,0,54,69,69,69],"floor_reached":41,"playtime":2376,"items_purged":["Defend_G"],"score":421,"play_id":"bbbbe562-d311-4dfe-b52d-ad0fc98094fb","local_time":"20181228191325","is_ascension_mode":true,"campfire_choices":[{"data":"Noxious Fumes","floor":6.0,"key":"SMITH"},{"data":"Backflip","floor":11.0,"key":"SMITH"},{"data":"1","floor":15.0,"key":"LIFT"},{"data":"2","floor":23.0,"key":"LIFT"},{"data":"3","floor":29.0,"key":"LIFT"},{"data":"Apotheosis","floor":32.0,"key":"SMITH"},{"floor":40,"key":"REST"}],"neow_cost":"NONE","seed_source_timestamp":0,"circlet_count":0,"master_deck":["Survivor","Neutralize+1","Deflect","Cloak And Dagger","Blade Dance","Noxious Fumes+1","Infinite Blades","Backflip+1","Infinite Blades","Cloak And Dagger","Footwork","Outmaneuver+1","Poisoned Stab","Blur","Flying Knee+1","Well Laid Plans","Apotheosis+1","Envenom","Adrenaline","Flechettes","Outmaneuver","Tactician","Slice","Envenom","Accuracy","Acrobatics","Dagger Throw","Backflip","Caltrops"],"special_seed":0,"relics":["Ring of the Serpent","Bird Faced Urn","Gremlin Horn","Girya","Oddly Smooth Stone","Pandora\u0027s Box","Red Mask","Thread and Needle"],"potions_floor_usage":[41,41],"damage_taken":[{"damage":0.0,"enemies":"Cultist","floor":1.0,"turns":3.0},{"damage":0.0,"enemies":"2 Louse","floor":2.0,"turns":4.0},{"damage":0.0,"enemies":"Small Slimes","floor":3.0,"turns":4.0},{"damage":7.0,"enemies":"3 Louse","floor":4.0,"turns":3.0},{"damage":3.0,"enemies":"3 Sentries","floor":7.0,"turns":7.0},{"damage":12.0,"enemies":"Lots of Slimes","floor":8.0,"turns":5.0},{"damage":0.0,"enemies":"Looter","floor":10.0,"turns":4.0},{"damage":3.0,"enemies":"Exordium Wildlife","floor":12.0,"turns":4.0},{"damage":4.0,"enemies":"Blue Slaver","floor":14.0,"turns":5.0},{"damage":25.0,"enemies":"Slime Boss","floor":16.0,"turns":10.0},{"damage":7.0,"enemies":"Shell Parasite","floor":18.0,"turns":7.0},{"damage":0.0,"enemies":"Chosen","floor":21.0,"turns":6.0},{"damage":10.0,"enemies":"Snake Plant","floor":22.0,"turns":6.0},{"damage":11.0,"enemies":"Chosen and Byrds","floor":24.0,"turns":6.0},{"damage":10.0,"enemies":"Snecko","floor":25.0,"turns":5.0},{"damage":18.0,"enemies":"Sentry and Sphere","floor":27.0,"turns":6.0},{"damage":12.0,"enemies":"3 Cultists","floor":30.0,"turns":5.0},{"damage":17.0,"enemies":"Chosen and Byrds","floor":31.0,"turns":7.0},{"damage":4.0,"enemies":"Champ","floor":33.0,"turns":9.0},{"damage":26.0,"enemies":"3 Shapes","floor":35.0,"turns":5.0},{"damage":50.0,"enemies":"2 Orb Walkers","floor":38.0,"turns":6.0},{"damage":6.0,"enemies":"Orb Walker","floor":39.0,"turns":5.0},{"damage":64,"enemies":"Reptomancer","floor":41,"turns":2}],"seed_played":"6847299335965231512","potions_obtained":[{"floor":1.0,"key":"Regen Potion"},{"floor":4.0,"key":"Dexterity Potion"},{"floor":7.0,"key":"AttackPotion"},{"floor":14.0,"key":"Swift Potion"},{"floor":16.0,"key":"SpeedPotion"},{"floor":18.0,"key":"FearPotion"},{"floor":25.0,"key":"SteroidPotion"},{"floor":30.0,"key":"Explosive Potion"},{"floor":31.0,"key":"Regen Potion"},{"floor":35.0,"key":"Energy Potion"},{"floor":38.0,"key":"Ancient Potion"}],"is_trial":false,"path_per_floor":["M","M","M","M","?","R","E","M","T","M","R","M","?","M","R","B",null,"M","?","?","M","M","R","M","M","T","M","$","R","M","M","R","B",null,"M","$","?","?","M","E"],"character_chosen":"THE_SILENT","items_purchased":["Well Laid Plans","Apotheosis","Caltrops"],"campfire_rested":1,"item_purchase_floors":[28,28,36],"current_hp_per_floor":[70,70,70,63,56,56,53,45,45,49,49,52,52,54,54,37,70,67,54,54,62,58,58,55,66,66,56,56,56,54,49,49,72,75,57,57,57,21,27,49,0],"gold":69,"neow_bonus":"UPGRADE_CARD","is_prod":false,"is_daily":false,"chose_seed":false,"campfire_upgraded":3,"win_rate":0,"timestamp":1546011805,"path_taken":["M","?","M","M","?","R","E","M","T","M","R","M","?","M","R","BOSS","M","?","?","M","M","R","?","M","T","M","?","R","M","M","R","BOSS","M","$","?","?","M","R","E"],"build_version":"2018-12-25","purchased_purges":1,"victory":false,"max_hp_per_floor":[70,70,70,70,70,70,70,70,70,70,70,70,70,70,70,70,70,70,75,75,75,75,75,75,75,75,75,75,75,75,75,75,75,75,75,75,75,75,75,75,75],"card_choices":[{"not_picked":["Tactician","Catalyst"],"picked":"Deflect","floor":1.0},{"not_picked":["Dash","Eviscerate"],"picked":"Cloak And Dagger","floor":2.0},{"not_picked":["Dagger Throw","Masterful Stab"],"picked":"Blade Dance","floor":3.0},{"not_picked":["Outmaneuver","Night Terror"],"picked":"Noxious Fumes","floor":4.0},{"not_picked":["Blade Dance","Dagger Spray"],"picked":"Infinite Blades","floor":7.0},{"not_picked":["Acrobatics","Deflect"],"picked":"Backflip","floor":8.0},{"not_picked":["Deadly Poison","Well Laid Plans"],"picked":"Infinite Blades","floor":10.0},{"not_picked":["Concentrate","Flying Knee"],"picked":"Cloak And Dagger","floor":12.0},{"not_picked":["Blade Dance","Flechettes"],"picked":"Footwork","floor":14.0},{"not_picked":["Acrobatics","Bouncing Flask+1"],"picked":"Outmaneuver+1","floor":18.0},{"not_picked":["Choke","Acrobatics","Deflect"],"picked":"SKIP","floor":21.0},{"not_picked":["Dodge and Roll","Tactician+1"],"picked":"Poisoned Stab","floor":22.0},{"not_picked":["Blade Dance+1","Deflect"],"picked":"Blur","floor":24.0},{"not_picked":["Sucker Punch","Bouncing Flask"],"picked":"Flying Knee+1","floor":25.0},{"not_picked":["Quick Slash","Outmaneuver","Dagger Spray"],"picked":"SKIP","floor":27.0},{"not_picked":["Cloak And Dagger","Dash"],"picked":"Envenom","floor":30.0},{"not_picked":["Well Laid Plans","Quick Slash","Backflip+1"],"picked":"SKIP","floor":31.0},{"not_picked":["Tools of the Trade","Storm of Steel"],"picked":"Adrenaline","floor":33.0},{"not_picked":["Blade Dance","Dodge and Roll+1"],"picked":"Backflip","floor":35.0},{"not_picked":["Dagger Throw+1","Cloak And Dagger","Riddle With Holes"],"picked":"SKIP","floor":39.0}],"player_experience":258687,"relics_obtained":[{"floor":7.0,"key":"Bird Faced Urn"},{"floor":9.0,"key":"Gremlin Horn"},{"floor":26.0,"key":"Oddly Smooth Stone"},{"floor":38.0,"key":"Thread and Needle"}],"event_choices":[{"cards_removed":["Strike_G"],"damage_healed":0.0,"max_hp_gain":0.0,"max_hp_loss":0.0,"gold_gain":0.0,"event_name":"Golden Wing","player_choice":"Card Removal","floor":5.0,"gold_loss":0.0,"damage_taken":7.0},{"damage_healed":0.0,"max_hp_gain":0.0,"max_hp_loss":0.0,"gold_gain":0.0,"event_name":"Big Fish","player_choice":"Box","floor":13.0,"gold_loss":0.0,"damage_taken":0.0,"relics_obtained":["Girya"],"cards_obtained":["Regret"]},{"damage_healed":0.0,"max_hp_gain":5.0,"max_hp_loss":0.0,"gold_gain":0.0,"event_name":"Forgotten Altar","player_choice":"Shed Blood","floor":19.0,"gold_loss":0.0,"damage_taken":18.0},{"cards_removed":["Regret"],"damage_healed":0.0,"max_hp_gain":0.0,"max_hp_loss":0.0,"gold_gain":0.0,"event_name":"Fountain of Cleansing","player_choice":"Removed Curses","floor":20.0,"gold_loss":0.0,"damage_taken":0.0},{"damage_healed":0.0,"max_hp_gain":0.0,"max_hp_loss":0.0,"gold_gain":0.0,"event_name":"Tomb of Lord Red Mask","player_choice":"Paid","floor":37.0,"gold_loss":277.0,"damage_taken":0.0,"relics_obtained":["Red Mask"]},{"damage_healed":0.0,"max_hp_gain":0.0,"max_hp_loss":0.0,"gold_gain":0.0,"event_name":"Mysterious Sphere","player_choice":"Fight","floor":38.0,"gold_loss":0.0,"damage_taken":0.0}],"is_beta":true,"boss_relics":[{"not_picked":["White Beast Statue","Calling Bell"],"picked":"Ring of the Serpent"},{"not_picked":["Snecko Eye","Eternal Feather"],"picked":"Pandora\u0027s Box"}],"items_purged_floors":[28],"is_endless":false,"potions_floor_spawned":[1,4,7,14,16,18,25,30,31,35,38],"killed_by":"Reptomancer","ascension_level":1}