{"gold_per_floor":[115,115,16,34,46,46,74,74,74,102,116,116,129,129,129,225,225,241,69,85,85,85,85,114,114,138,138,168,182,182,201,201,298,298,317,330,3,3,3,3,16,49,49,49,49,84,34,62,62,62,62,62,25,57,57],"floor_reached":55,"playtime":9229,"items_purged":["Doubt","Parasite","Defend_B"],"score":1047,"play_id":"19ae0248-907f-4ce4-9bd0-cef5176adda5","local_time":"20190121231444","is_ascension_mode":true,"campfire_choices":[{"data":"Zap","floor":6.0,"key":"SMITH"},{"data":"Coolheaded","floor":8.0,"key":"SMITH"},{"data":"Leap","floor":12.0,"key":"SMITH"},{"data":"Defragment","floor":15.0,"key":"SMITH"},{"data":"Buffer","floor":23.0,"key":"SMITH"},{"data":"Capacitor","floor":25.0,"key":"SMITH"},{"data":"Defragment","floor":27.0,"key":"SMITH"},{"data":"Defragment","floor":32.0,"key":"SMITH"},{"data":"Echo Form","floor":40.0,"key":"SMITH"},{"data":"Loop","floor":44.0,"key":"SMITH"},{"floor":49.0,"key":"RECALL"},{"data":"Coolheaded","floor":52.0,"key":"SMITH"}],"neow_cost":"CURSE","seed_source_timestamp":2211219740565,"circlet_count":0,"master_deck":["Strike_B","Strike_B","Strike_B","Defend_B","Defend_B","Zap+1","Dualcast","Conserve Battery","Ball Lightning","Conserve Battery","Turbo","Coolheaded+1","Capacitor+1","BootSequence","Leap+1","Defragment+1","Cold Snap","Buffer+1","Conserve Battery+1","Doom and Gloom","Static Discharge","White Noise","Defragment+1","Loop+1","Defragment+1","Defragment+1","Meteor Strike","Self Repair","Glacier","Echo Form+1","Self Repair","Darkness+1","Defragment+1","Clumsy","Bandage Up","Storm+1","Coolheaded+1","Tempest+1","Storm"],"special_seed":0,"relics":["Cracked Core","FossilizedHelix","FaceOfCleric","Prayer Wheel","Girya","Cables","Runic Pyramid","Enchiridion","Ice Cream","Juzu Bracelet","Happy Flower","Cursed Key","Runic Capacitor","Blood Vial","Kunai","Calipers","Strawberry"],"potions_floor_usage":[],"damage_taken":[{"damage":0.0,"enemies":"Jaw Worm","floor":1.0,"turns":4.0},{"damage":0.0,"enemies":"Cultist","floor":4.0,"turns":3.0},{"damage":0.0,"enemies":"2 Louse","floor":5.0,"turns":2.0},{"damage":10.0,"enemies":"3 Sentries","floor":7.0,"turns":7.0},{"damage":7.0,"enemies":"Lagavulin","floor":10.0,"turns":7.0},{"damage":0.0,"enemies":"Looter","floor":11.0,"turns":3.0},{"damage":0.0,"enemies":"3 Louse","floor":13.0,"turns":2.0},{"damage":8.0,"enemies":"The Guardian","floor":16.0,"turns":11.0},{"damage":0.0,"enemies":"Chosen","floor":18.0,"turns":7.0},{"damage":0.0,"enemies":"3 Byrds","floor":20.0,"turns":5.0},{"damage":0.0,"enemies":"Slavers","floor":24.0,"turns":3.0},{"damage":0.0,"enemies":"Book of Stabbing","floor":28.0,"turns":5.0},{"damage":0.0,"enemies":"Cultist and Chosen","floor":29.0,"turns":4.0},{"damage":7.0,"enemies":"Snake Plant","floor":31.0,"turns":3.0},{"damage":0.0,"enemies":"Collector","floor":33.0,"turns":8.0},{"damage":16.0,"enemies":"3 Darklings","floor":35.0,"turns":5.0},{"damage":0.0,"enemies":"Orb Walker","floor":36.0,"turns":4.0},{"damage":0.0,"enemies":"Transient","floor":38.0,"turns":5.0},{"damage":0.0,"enemies":"Spire Growth","floor":41.0,"turns":5.0},{"damage":0.0,"enemies":"Giant Head","floor":42.0,"turns":9.0},{"damage":0.0,"enemies":"Nemesis","floor":46.0,"turns":7.0},{"damage":0.0,"enemies":"Giant Head","floor":48.0,"turns":6.0},{"damage":86.0,"enemies":"Awakened One","floor":50.0,"turns":9.0},{"damage":57.0,"enemies":"Shield and Spear","floor":54.0,"turns":4.0},{"damage":87,"enemies":"The Heart","floor":55,"turns":3}],"seed_played":"-946739193350992118","potions_obtained":[{"floor":5.0,"key":"SpeedPotion"},{"floor":13.0,"key":"Regen Potion"},{"floor":28.0,"key":"LiquidBronze"},{"floor":29.0,"key":"AttackPotion"},{"floor":33.0,"key":"Regen Potion"},{"floor":35.0,"key":"Energy Potion"}],"is_trial":false,"path_per_floor":["?","M","?","?","?","?","?","?","$"],"character_chosen":"DEFECT","items_purchased":["Ball Lightning","Static Discharge","Runic Capacitor","Coolheaded","Storm"],"campfire_rested":0,"item_purchase_floors":[3,19,37,47,53],"current_hp_per_floor":[75,75,75,76,77,77,68,68,68,62,63,63,64,81,81,74,82,83,80,81,75,59,59,60,60,60,60,61,62,62,56,56,57,86,78,86,86,87,87,87,90,91,91,91,91,92,92,93,93,56,94,94,94,56,0],"gold":57,"neow_bonus":"ONE_RARE_RELIC","is_prod":false,"is_daily":false,"chose_seed":false,"campfire_upgraded":11,"win_rate":0,"timestamp":1548099884,"path_taken":["M","?","$","M","M","R","E","R","T","E","?","R","M","?","R","BOSS","M","$","M","?","?","R","E","R","T","R","E","M","?","M","R","BOSS","M","M","$","M","?","R","M","E","T","R","?","E","?","E","R","BOSS","R","$","E","BOSS"],"build_version":"2019-01-20","purchased_purges":3,"victory":false,"max_hp_per_floor":[75,75,75,76,77,77,78,78,78,79,80,80,81,81,81,82,82,83,80,81,81,81,81,82,82,82,82,83,84,84,85,85,86,86,87,88,88,89,89,89,90,91,91,91,91,92,92,93,93,94,94,94,94,102,102],"card_choices":[{"not_picked":["Sunder","Compile Driver"],"picked":"Conserve Battery","floor":1.0},{"not_picked":["Rebound","Ball Lightning"],"picked":"Conserve Battery","floor":4.0},{"not_picked":["Sweeping Beam","Scrape"],"picked":"Turbo","floor":5.0},{"not_picked":["Steam","Cold Snap"],"picked":"Coolheaded","floor":7.0},{"not_picked":["Lockon","Biased Cognition"],"picked":"Capacitor","floor":10.0},{"not_picked":["Hello World","Go for the Eyes"],"picked":"BootSequence","floor":11.0},{"not_picked":["Compile Driver","Sweeping Beam"],"picked":"Leap","floor":11.0},{"not_picked":["Barrage","Coolheaded"],"picked":"Defragment","floor":13.0},{"not_picked":["Heatsinks","Streamline"],"picked":"Cold Snap","floor":13.0},{"not_picked":["Machine Learning","Amplify"],"picked":"Buffer","floor":16.0},{"not_picked":["Go for the Eyes","Stack"],"picked":"Conserve Battery+1","floor":18.0},{"not_picked":["Hologram+1","Go for the Eyes"],"picked":"Doom and Gloom","floor":18.0},{"not_picked":["Streamline","Go for the Eyes"],"picked":"White Noise","floor":20.0},{"not_picked":["Steam","Redo","Darkness"],"picked":"SKIP","floor":20.0},{"not_picked":["Steam Power+1","Reboot"],"picked":"Defragment","floor":24.0},{"not_picked":["Coolheaded","Scrape"],"picked":"Loop","floor":28.0},{"not_picked":["Go for the Eyes","Redo"],"picked":"Defragment+1","floor":29.0},{"not_picked":["Ball Lightning+1","Undo+1","Amplify"],"picked":"SKIP","floor":29.0},{"not_picked":["Compile Driver","Ball Lightning"],"picked":"Self Repair","floor":31.0},{"not_picked":["Cold Snap+1","Sweeping Beam"],"picked":"Glacier","floor":31.0},{"not_picked":["Hyperbeam","All For One"],"picked":"Echo Form","floor":33.0},{"not_picked":["Redo+1","Rebound+1"],"picked":"Self Repair","floor":35.0},{"not_picked":["FTL+1","Doom and Gloom","Steam"],"picked":"SKIP","floor":35.0},{"not_picked":["Coolheaded+1","Streamline","Lockon"],"picked":"SKIP","floor":36.0},{"not_picked":["Streamline+1","Beam Cell","Ball Lightning"],"picked":"SKIP","floor":36.0},{"not_picked":["Compile Driver+1","Gash","Turbo+1"],"picked":"SKIP","floor":38.0},{"not_picked":["Core Surge","Capacitor","Reinforced Body"],"picked":"SKIP","floor":38.0},{"not_picked":["FTL+1","Cold Snap+1"],"picked":"Darkness+1","floor":41.0},{"not_picked":["Turbo","Beam Cell","Gash+1"],"picked":"SKIP","floor":41.0},{"not_picked":["Steam Power","Cold Snap"],"picked":"Defragment+1","floor":42.0},{"not_picked":["Dark Shackles","Sadistic Nature"],"picked":"Bandage Up","floor":45.0},{"not_picked":["Machine Learning","Leap"],"picked":"Storm+1","floor":46.0},{"not_picked":["Beam Cell","Leap+1"],"picked":"Tempest+1","floor":48.0},{"not_picked":["Tempest+1","Barrage","Undo+1"],"picked":"SKIP","floor":54.0}],"player_experience":463610,"relics_obtained":[{"floor":7.0,"key":"Prayer Wheel"},{"floor":9.0,"key":"Girya"},{"floor":10.0,"key":"Cables"},{"floor":22.0,"key":"Enchiridion"},{"floor":24.0,"key":"Ice Cream"},{"floor":26.0,"key":"Juzu Bracelet"},{"floor":28.0,"key":"Happy Flower"},{"floor":42.0,"key":"Blood Vial"},{"floor":46.0,"key":"Kunai"},{"floor":48.0,"key":"Calipers"},{"floor":54.0,"key":"Strawberry"}],"event_choices":[{"damage_healed":0.0,"max_hp_gain":0.0,"max_hp_loss":0.0,"gold_gain":0.0,"event_name":"FaceTrader","player_choice":"Trade","floor":2.0,"gold_loss":0.0,"damage_taken":0.0,"relics_obtained":["FaceOfCleric"]},{"damage_healed":20.0,"max_hp_gain":0.0,"max_hp_loss":0.0,"gold_gain":0.0,"event_name":"Mushrooms","player_choice":"Healed and dodged fight","floor":14.0,"gold_loss":0.0,"damage_taken":0.0,"cards_obtained":["Parasite"]},{"damage_healed":0.0,"max_hp_gain":0.0,"max_hp_loss":0.0,"gold_gain":0.0,"event_name":"Nest","player_choice":"Joined the Cult","floor":21.0,"gold_loss":0.0,"damage_taken":6.0,"cards_obtained":["RitualDagger"]},{"damage_healed":0.0,"max_hp_gain":0.0,"max_hp_loss":0.0,"gold_gain":0.0,"event_name":"Cursed Tome","player_choice":"Obtained Book","floor":22.0,"gold_loss":0.0,"damage_taken":16.0},{"damage_healed":0.0,"max_hp_gain":0.0,"max_hp_loss":0.0,"gold_gain":0.0,"cards_transformed":["Strike_B","Defend_B"],"event_name":"Drug Dealer","player_choice":"Became Test Subject","floor":30.0,"gold_loss":0.0,"damage_taken":0.0,"cards_obtained":["Defragment","Meteor Strike"]},{"cards_removed":["RitualDagger"],"damage_healed":0.0,"max_hp_gain":0.0,"max_hp_loss":0.0,"gold_gain":0.0,"event_name":"Falling","player_choice":"Removed Attack","floor":39.0,"gold_loss":0.0,"damage_taken":0.0},{"damage_healed":0.0,"max_hp_gain":0.0,"max_hp_loss":0.0,"gold_gain":0.0,"event_name":"SensoryStone","player_choice":"Memory 1","floor":45.0,"gold_loss":0.0,"damage_taken":0.0}],"is_beta":true,"boss_relics":[{"not_picked":["Orrery","Calling Bell"],"picked":"Runic Pyramid"},{"not_picked":["Velvet Choker","Inserter"],"picked":"Cursed Key"}],"items_purged_floors":[3,19,37],"is_endless":false,"potions_floor_spawned":[5,13,28,29,33,35,36,46],"killed_by":"The Heart","ascension_level":1}