{"gold_per_floor":[117,117,87,110,133,173,173,212,212,71,71],"floor_reached":11,"playtime":1212,"items_purged":[],"score":158,"play_id":"9a14c73c-4a15-4aa3-bd7a-a7fdcd4ef166","local_time":"20190730184449","is_ascension_mode":true,"campfire_choices":[{"floor":7.0,"key":"REST"}],"neow_cost":"NONE","seed_source_timestamp":1775622402591463,"circlet_count":0,"master_deck":["AscendersBane","Strike_G","Strike_G","Strike_G","Strike_G","Strike_G","Defend_G","Defend_G","Defend_G","Defend_G","Defend_G","Survivor","Neutralize","Quick Slash","Cloak And Dagger","Predator","Die Die Die","Infinite Blades","Footwork"],"special_seed":0,"relics":["Ring of the Snake","Golden Idol","Gremlin Horn","Dodecahedron","Bottled Lightning"],"potions_floor_usage":[11,11],"damage_taken":[{"damage":1.0,"enemies":"2 Louse","floor":1.0,"turns":3.0},{"damage":1.0,"enemies":"Small Slimes","floor":4.0,"turns":3.0},{"damage":0.0,"enemies":"Cultist","floor":5.0,"turns":3.0},{"damage":31.0,"enemies":"3 Sentries","floor":6.0,"turns":11.0},{"damage":26.0,"enemies":"Gremlin Nob","floor":8.0,"turns":4.0},{"damage":28,"enemies":"Lagavulin","floor":11,"turns":11}],"seed_played":"-8253195767179111766","potions_obtained":[{"floor":3.0,"key":"Explosive Potion"},{"floor":3.0,"key":"Swift Potion"},{"floor":4.0,"key":"Poison Potion"},{"floor":8.0,"key":"GhostInAJar"}],"is_trial":false,"path_per_floor":["M","?","?","M","M","E","R","E","T","$","E"],"character_chosen":"THE_SILENT","items_purchased":["Footwork","PowerPotion"],"campfire_rested":1,"item_purchase_floors":[10,10],"current_hp_per_floor":[64,64,64,63,63,32,51,25,25,25,0],"gold":71,"neow_bonus":"TEN_PERCENT_HP_BONUS","is_prod":false,"is_daily":false,"chose_seed":false,"campfire_upgraded":0,"win_rate":0,"timestamp":1564526689,"path_taken":["M","?","?","?","M","E","R","E","T","$","E"],"build_version":"2019-07-17","purchased_purges":0,"victory":false,"max_hp_per_floor":[72,65,65,65,65,65,65,65,65,65,65],"card_choices":[{"not_picked":["Deadly Poison","Masterful Stab"],"picked":"Quick Slash","floor":1.0},{"not_picked":["Dagger Throw","Tactician"],"picked":"Cloak And Dagger","floor":4.0},{"not_picked":["Accuracy","Outmaneuver"],"picked":"Predator","floor":5.0},{"not_picked":["Blade Dance","Outmaneuver"],"picked":"Die Die Die","floor":6.0},{"not_picked":["Accuracy","Slice"],"picked":"Infinite Blades","floor":8.0}],"player_experience":917357,"relics_obtained":[{"floor":6.0,"key":"Gremlin Horn"},{"floor":8.0,"key":"Dodecahedron"},{"floor":9.0,"key":"Bottled Lightning"}],"event_choices":[{"damage_healed":0.0,"max_hp_gain":0.0,"max_hp_loss":7.0,"gold_gain":0.0,"event_name":"Golden Idol","player_choice":"Lose Max HP","floor":2.0,"gold_loss":0.0,"damage_taken":0.0,"relics_obtained":["Golden Idol"]},{"damage_healed":0.0,"max_hp_gain":0.0,"max_hp_loss":0.0,"gold_gain":0.0,"event_name":"The Woman in Blue","player_choice":"Bought 2 Potions","floor":3.0,"gold_loss":0.0,"damage_taken":0.0}],"is_beta":false,"boss_relics":[],"items_purged_floors":[],"is_endless":false,"potions_floor_spawned":[4,8],"killed_by":"Lagavulin","ascension_level":19}