{"gold_per_floor":[113,113,136,52,71,71,21,21,45,45,63,82,82,103,103,224,224,243,243,214,19,33,33,58,58,82,121,121,46,67,85,85,215,215,240,240,258,258,331,331,344,143,143,162,162,180,180,80,80,80],"floor_reached":50,"playtime":2081,"items_purged":["Strike_B","Normality","Parasite"],"score":522,"play_id":"e985d0a4-4097-4d89-bc45-cc1f958e73e2","local_time":"20190731173033","is_ascension_mode":true,"campfire_choices":[{"data":"Dualcast","floor":6,"key":"SMITH"},{"data":"Zap","floor":8,"key":"SMITH"},{"data":"Buffer","floor":13,"key":"SMITH"},{"data":"Redo","floor":15,"key":"SMITH"},{"data":"Echo Form","floor":23,"key":"SMITH"},{"data":"Capacitor","floor":25,"key":"SMITH"},{"data":"Self Repair","floor":28,"key":"SMITH"},{"data":"Defragment","floor":32,"key":"SMITH"},{"data":"Madness","floor":40,"key":"SMITH"},{"data":"Madness","floor":49,"key":"SMITH"}],"neow_cost":"NONE","seed_source_timestamp":84468988436,"circlet_count":0,"master_deck":["Strike_B+1","Strike_B+1","Defend_B+1","Defend_B+1","Zap+1","Dualcast+1","Sweeping Beam+1","Glacier+1","Self Repair+1","Cold Snap+1","Conserve Battery+1","Capacitor+1","Buffer+1","Redo+1","Genetic Algorithm+1","Self Repair+1","Echo Form+1","Hologram+1","Turbo+1","Compile Driver+1","Barrage+1","Darkness+1","Turbo+1","Defragment+1","Coolheaded+1","Seek+1","Ball Lightning+1","Undo","Madness+1","Madness+1","FTL","Reboot","Redo+1","Hologram+1"],"relics":["Cracked Core","Vajra","Golden Idol","Pen Nib","Cursed Key","Bronze Scales","DataDisk","Prayer Wheel","Empty Cage","Mark of the Bloom","The Courier","Gremlin Horn"],"potions_floor_usage":[16,18,24,24,31,33,41,50,50],"damage_taken":[{"damage":0,"enemies":"Small Slimes","floor":1,"turns":3},{"damage":4,"enemies":"Jaw Worm","floor":3,"turns":3},{"damage":1,"enemies":"Cultist","floor":5,"turns":4},{"damage":14,"enemies":"Exordium Thugs","floor":11,"turns":6},{"damage":6,"enemies":"Blue Slaver","floor":12,"turns":4},{"damage":3,"enemies":"2 Fungi Beasts","floor":14,"turns":4},{"damage":28,"enemies":"Slime Boss","floor":16,"turns":17},{"damage":18,"enemies":"Chosen","floor":18,"turns":7},{"damage":21,"enemies":"2 Thieves","floor":20,"turns":5},{"damage":20,"enemies":"Snake Plant","floor":22,"turns":4},{"damage":0,"enemies":"Centurion and Healer","floor":24,"turns":4},{"damage":28,"enemies":"Book of Stabbing","floor":27,"turns":6},{"damage":4,"enemies":"Shelled Parasite and Fungi","floor":30,"turns":5},{"damage":14,"enemies":"3 Cultists","floor":31,"turns":6},{"damage":37,"enemies":"Automaton","floor":33,"turns":11},{"damage":11,"enemies":"3 Shapes","floor":35,"turns":5},{"damage":0,"enemies":"Orb Walker","floor":37,"turns":4},{"damage":19,"enemies":"Sphere and 2 Shapes","floor":41,"turns":4},{"damage":23,"enemies":"3 Darklings","floor":44,"turns":4},{"damage":1,"enemies":"Jaw Worm Horde","floor":46,"turns":4},{"damage":23,"enemies":"Awakened One","floor":50,"turns":3}],"seed_played":"-6347444342196937082","potions_obtained":[{"floor":5,"key":"Poison Potion"},{"floor":12,"key":"Energy Potion"},{"floor":14,"key":"EssenceOfSteel"},{"floor":16,"key":"Poison Potion"},{"floor":20,"key":"Fire Potion"},{"floor":27,"key":"EssenceOfSteel"},{"floor":30,"key":"Fire Potion"},{"floor":33,"key":"SteroidPotion"},{"floor":35,"key":"Fire Potion"},{"floor":41,"key":"Fire Potion"}],"is_trial":false,"path_per_floor":["M","?","M","$","M","R","?","R","T","?","M","M","R","M","R","B",null,"M","?","M","$","M","R","M","R","T","E","R","$","M","M","R","B",null,"M","?","M","?","T","R","M","$","T","M","?","M","?","$","R","B"],"character_chosen":"DEFECT","items_purchased":["Self Repair","Cold Snap","Bronze Scales","Compile Driver","FTL","Reboot"],"campfire_rested":0,"item_purchase_floors":[4,4,21,21,42,42],"current_hp_per_floor":[75,57,53,53,59,59,59,59,59,59,52,53,53,57,57,43,75,71,71,64,64,65,65,75,75,75,61,61,61,67,70,70,50,75,74,74,74,65,65,65,46,46,46,23,23,22,22,22,22,0],"gold":80,"neow_bonus":"RANDOM_COMMON_RELIC","is_prod":false,"is_daily":false,"chose_seed":false,"campfire_upgraded":10,"win_rate":0,"timestamp":1564581633,"path_taken":["M","?","M","$","M","R","?","R","T","?","M","M","R","M","R","BOSS","M","?","M","$","M","R","M","R","T","E","R","?","M","M","R","BOSS","M","?","M","?","?","R","M","$","T","M","?","M","?","$","R","BOSS"],"build_version":"2019-07-18","purchased_purges":3,"victory":false,"max_hp_per_floor":[75,75,75,75,75,75,75,75,75,75,75,75,75,75,75,75,75,75,75,75,75,75,75,75,75,75,75,75,75,75,75,75,75,75,75,75,75,75,75,75,75,75,75,75,66,66,66,63,63,63],"card_choices":[{"not_picked":["Streamline","Stack"],"picked":"Sweeping Beam","floor":1},{"not_picked":["Streamline","Skim"],"picked":"Glacier","floor":3},{"not_picked":["Scrape","Chaos"],"picked":"Conserve Battery","floor":5},{"not_picked":["Coolheaded","Steam"],"picked":"Redo","floor":11},{"not_picked":["Cold Snap","Streamline"],"picked":"Genetic Algorithm","floor":12},{"not_picked":["Coolheaded","Streamline"],"picked":"Self Repair","floor":14},{"not_picked":["Meteor Strike","Buffer"],"picked":"Echo Form","floor":16},{"not_picked":["Rebound","Leap"],"picked":"Hologram+1","floor":18},{"not_picked":["Steam","Hello World+1"],"picked":"Turbo+1","floor":20},{"not_picked":["Go for the Eyes","Lockon"],"picked":"Barrage","floor":22},{"not_picked":["Rip and Tear+1","Barrage+1"],"picked":"Darkness+1","floor":24},{"not_picked":["Blizzard","Reboot"],"picked":"Turbo+1","floor":27},{"not_picked":["Coolheaded+1","Beam Cell"],"picked":"Defragment","floor":30},{"not_picked":["Genetic Algorithm","Stack","Double Energy"],"picked":"SKIP","floor":30},{"not_picked":["Rebound","Sunder"],"picked":"Coolheaded","floor":31},{"not_picked":["Hologram","Rip and Tear","Conserve Battery+1"],"picked":"SKIP","floor":31},{"not_picked":["Reboot","Thunder Strike"],"picked":"Seek","floor":33},{"not_picked":["Lockon+1","Compile Driver+1"],"picked":"Ball Lightning","floor":35},{"not_picked":["Undo","Scrape","Cold Snap"],"picked":"SKIP","floor":35},{"not_picked":["Heatsinks+1","Reprogram"],"picked":"Undo","floor":37},{"not_picked":["Rebound","Ball Lightning","Reprogram"],"picked":"SKIP","floor":37},{"not_picked":["Turbo","Rip and Tear+1","Doom and Gloom"],"picked":"SKIP","floor":41},{"not_picked":["Beam Cell","Hologram","Coolheaded"],"picked":"SKIP","floor":41},{"not_picked":["Steam","Hologram"],"picked":"Redo+1","floor":44},{"not_picked":["Fusion","Self Repair"],"picked":"Hologram+1","floor":44},{"not_picked":["Blizzard+1","Core Surge","Ball Lightning"],"picked":"SKIP","floor":46},{"not_picked":["Chaos+1","Tempest+1","Double Energy+1"],"picked":"SKIP","floor":46}],"player_experience":761134,"relics_obtained":[{"floor":9,"key":"Pen Nib"},{"floor":26,"key":"DataDisk"},{"floor":27,"key":"Prayer Wheel"},{"floor":39,"key":"The Courier"},{"floor":43,"key":"Gremlin Horn"}],"event_choices":[{"damage_healed":0,"gold_gain":0,"player_choice":"Take Damage","damage_taken":18,"relics_obtained":["Golden Idol"],"max_hp_gain":0,"max_hp_loss":0,"event_name":"Golden Idol","floor":2,"gold_loss":0},{"cards_removed":["Defend_B"],"damage_healed":0,"gold_gain":0,"player_choice":"Card Removal","damage_taken":0,"max_hp_gain":0,"max_hp_loss":0,"event_name":"The Cleric","floor":7,"gold_loss":50},{"damage_healed":0,"gold_gain":0,"player_choice":"2 cards matched","damage_taken":0,"max_hp_gain":0,"max_hp_loss":0,"event_name":"Match and Keep!","floor":10,"gold_loss":0,"cards_obtained":["Capacitor","Buffer"]},{"damage_healed":0,"gold_gain":0,"player_choice":"Ignored","damage_taken":0,"max_hp_gain":0,"max_hp_loss":0,"event_name":"Ghosts","floor":19,"gold_loss":0},{"damage_healed":0,"gold_gain":0,"player_choice":"Upgrade","damage_taken":0,"relics_obtained":["Mark of the Bloom"],"max_hp_gain":0,"max_hp_loss":0,"event_name":"MindBloom","floor":36,"gold_loss":0,"cards_upgraded":["Strike_B","Strike_B","Strike_B","Defend_B","Defend_B","Sweeping Beam","Glacier","Cold Snap","Conserve Battery","Genetic Algorithm","Self Repair","Compile Driver","Barrage","Coolheaded","Seek","Ball Lightning"]},{"damage_healed":0,"gold_gain":0,"player_choice":"Embrace Madness","damage_taken":9,"max_hp_gain":0,"max_hp_loss":0,"event_name":"Winding Halls","floor":38,"gold_loss":0,"cards_obtained":["Madness","Madness"]},{"damage_healed":66,"gold_gain":0,"player_choice":"Heal","damage_taken":0,"max_hp_gain":0,"max_hp_loss":9,"event_name":"The Moai Head","floor":45,"gold_loss":0},{"cards_removed":["Strike_B"],"damage_healed":0,"gold_gain":0,"player_choice":"Removed Attack","damage_taken":0,"max_hp_gain":0,"max_hp_loss":0,"event_name":"Falling","floor":47,"gold_loss":0}],"is_beta":true,"boss_relics":[{"not_picked":["Runic Pyramid","Eternal Feather"],"picked":"Cursed Key"},{"not_picked":["Black Star","Tiny House"],"picked":"Empty Cage"}],"items_purged_floors":[29,42,48],"is_endless":false,"potions_floor_spawned":[5,12,14,16,20,22,27,30,33,35,41],"killed_by":"Awakened One","ascension_level":3}