{"gold_per_floor":[113,133,2,18,93,93,104,104,131,131,38,73,73,105,105,208,208,220,54,14,32,46,46,46],"floor_reached":24,"playtime":1183,"items_purged":[],"score":249,"play_id":"eaba298e-e132-44af-b05a-c9d1698c45b4","local_time":"20181225171418","is_ascension_mode":true,"campfire_choices":[{"data":"Noxious Fumes","floor":6.0,"key":"SMITH"},{"data":"Calculated Gamble","floor":8.0,"key":"SMITH"},{"data":"Backflip","floor":10.0,"key":"SMITH"},{"data":"Backflip","floor":13.0,"key":"SMITH"},{"floor":15.0,"key":"REST"},{"floor":23,"key":"REST"}],"neow_cost":"NONE","seed_source_timestamp":0,"circlet_count":0,"master_deck":["Defend_G","Defend_G","Defend_G","Defend_G","Defend_G","Strike_G","Strike_G","Strike_G","Strike_G","Strike_G","Survivor","Neutralize","Backflip+1","Noxious Fumes+1","Footwork","Blade Dance","Slice","Calculated Gamble+1","Well Laid Plans","Backflip+1","Deadly Poison","Noxious Fumes","Burst","Caltrops+1","Noxious Fumes","Outmaneuver","Poisoned Stab","Noxious Fumes+1","Blade Dance"],"special_seed":0,"relics":["Ring of the Snake","PreservedInsect","Boot","Calipers","Philosopher\u0027s Stone"],"potions_floor_usage":[],"damage_taken":[{"damage":8.0,"enemies":"Small Slimes","floor":1.0,"turns":4.0},{"damage":2.0,"enemies":"2 Louse","floor":2.0,"turns":3.0},{"damage":0.0,"enemies":"Cultist","floor":4.0,"turns":5.0},{"damage":7.0,"enemies":"3 Louse","floor":7.0,"turns":5.0},{"damage":6.0,"enemies":"Lagavulin","floor":12.0,"turns":7.0},{"damage":24.0,"enemies":"Gremlin Nob","floor":14.0,"turns":4.0},{"damage":26.0,"enemies":"Slime Boss","floor":16.0,"turns":9.0},{"damage":31.0,"enemies":"2 Thieves","floor":18.0,"turns":5.0},{"damage":11.0,"enemies":"Shell Parasite","floor":21.0,"turns":5.0},{"damage":24.0,"enemies":"3 Cultists","floor":22.0,"turns":5.0},{"damage":38,"enemies":"Book of Stabbing","floor":24,"turns":6}],"seed_played":"2588398447650422389","potions_obtained":[{"floor":4.0,"key":"SpeedPotion"},{"floor":7.0,"key":"SpeedPotion"},{"floor":18.0,"key":"Swift Potion"},{"floor":20.0,"key":"Poison Potion"},{"floor":20.0,"key":"SteroidPotion"}],"is_trial":false,"path_per_floor":["M","M","$","M","?","R","M","R","T","R","$","E","R","E","R","B",null,"M","$","?","M","M","M","R","E"],"character_chosen":"THE_SILENT","items_purchased":["Footwork","Blade Dance","Well Laid Plans","Backflip","Noxious Fumes","Outmaneuver","Poisoned Stab"],"campfire_rested":2,"item_purchase_floors":[3,3,11,11,19,19,19],"current_hp_per_floor":[69,67,67,67,56,56,49,49,49,49,49,43,43,19,42,16,77,46,46,46,35,11,34,0],"gold":46,"neow_bonus":"TEN_PERCENT_HP_BONUS","is_prod":false,"is_daily":false,"chose_seed":false,"campfire_upgraded":4,"win_rate":0,"timestamp":1545745458,"path_taken":["M","M","$","M","?","R","M","R","T","R","$","E","R","E","R","BOSS","M","$","?","M","M","R","E"],"build_version":"2018-12-20","purchased_purges":0,"victory":false,"max_hp_per_floor":[77,77,77,77,77,77,77,77,77,77,77,77,77,77,77,77,77,77,77,77,77,77,77,77],"card_choices":[{"not_picked":["Quick Slash","Skewer"],"picked":"Backflip","floor":1.0},{"not_picked":["PiercingWail","Crippling Poison"],"picked":"Noxious Fumes","floor":2.0},{"not_picked":["Setup","Backflip"],"picked":"Slice","floor":4.0},{"not_picked":["Finisher","Backflip"],"picked":"Calculated Gamble","floor":7.0},{"not_picked":["Catalyst","Cloak And Dagger"],"picked":"Deadly Poison","floor":12.0},{"not_picked":["Corpse Explosion","Flechettes"],"picked":"Noxious Fumes","floor":14.0},{"not_picked":["Envenom","Malaise"],"picked":"Burst","floor":16.0},{"not_picked":["Finisher","Quick Slash"],"picked":"Caltrops+1","floor":18.0},{"not_picked":["Flying Knee+1","Deadly Poison"],"picked":"Noxious Fumes+1","floor":21.0},{"not_picked":["Noxious Fumes","Quick Slash"],"picked":"Blade Dance","floor":22}],"player_experience":165978,"relics_obtained":[{"floor":9.0,"key":"PreservedInsect"},{"floor":12.0,"key":"Boot"},{"floor":14.0,"key":"Calipers"}],"event_choices":[{"damage_healed":0.0,"max_hp_gain":0.0,"max_hp_loss":0.0,"gold_gain":75.0,"event_name":"World of Goop","player_choice":"Gather Gold","floor":5.0,"gold_loss":0.0,"damage_taken":11.0},{"damage_healed":0.0,"max_hp_gain":0.0,"max_hp_loss":0.0,"gold_gain":0.0,"event_name":"The Woman in Blue","player_choice":"Bought 3 Potions","floor":20.0,"gold_loss":0.0,"damage_taken":0.0}],"is_beta":true,"boss_relics":[{"not_picked":["Snecko Eye","Calling Bell"],"picked":"Philosopher\u0027s Stone"}],"items_purged_floors":[],"is_endless":false,"potions_floor_spawned":[4,7,18],"killed_by":"Book of Stabbing","ascension_level":2}