{"gold_per_floor":[110,110,127,127,146,177,197,212,212,212,241,251,351,362,362,362],"floor_reached":16,"playtime":1605,"items_purged":[],"score":164,"play_id":"992f51a5-30a1-46d9-afbf-6c7f058da7df","local_time":"20190627172049","is_ascension_mode":false,"campfire_choices":[{"data":"Bludgeon","floor":10,"key":"SMITH"},{"floor":15,"key":"REST"}],"neow_cost":"","seed_source_timestamp":2152605158100,"circlet_count":0,"master_deck":["Strike_R","Strike_R","Strike_R","Strike_R","Strike_R","Defend_R","Defend_R","Defend_R","Defend_R","Bash","Blood for Blood","Pommel Strike","Clash","Clothesline","Bludgeon+1","Iron Wave","Rampage","Perfected Strike","Second Wind"],"relics":["Burning Blood","Potion Belt","Sundial","Self Forming Clay","Shuriken"],"potions_floor_usage":[],"damage_taken":[{"damage":8,"enemies":"Jaw Worm","floor":1,"turns":8},{"damage":5,"enemies":"Cultist","floor":3,"turns":4},{"damage":5,"enemies":"Small Slimes","floor":5,"turns":4},{"damage":27,"enemies":"Gremlin Nob","floor":6,"turns":4},{"damage":8,"enemies":"Gremlin Gang","floor":7,"turns":4},{"damage":5,"enemies":"Looter","floor":8,"turns":2},{"damage":23,"enemies":"Lagavulin","floor":11,"turns":4},{"damage":0,"enemies":"Exordium Thugs","floor":12,"turns":3},{"damage":12,"enemies":"Exordium Wildlife","floor":14,"turns":4}],"seed_played":"-1558847758917585314","potions_obtained":[{"floor":1,"key":"SkillPotion"},{"floor":5,"key":"Dexterity Potion"},{"floor":7,"key":"Strength Potion"},{"floor":8,"key":"AttackPotion"},{"floor":12,"key":"AttackPotion"}],"is_trial":false,"path_per_floor":["M","?","M","?","M","E","M","M","T","R","E","M","?","M","R","B"],"character_chosen":"IRONCLAD","items_purchased":[],"campfire_rested":1,"item_purchase_floors":[],"current_hp_per_floor":[78,78,79,79,80,59,57,58,58,58,41,47,47,41,65,0],"gold":362,"neow_bonus":"","is_prod":false,"is_daily":false,"chose_seed":false,"campfire_upgraded":1,"win_rate":0.0,"timestamp":1561638049,"path_taken":["M","?","M","?","M","E","M","?","T","R","E","M","?","M","R","BOSS"],"build_version":"2019-01-23","purchased_purges":0,"victory":false,"max_hp_per_floor":[80,80,80,80,80,80,80,80,80,80,80,80,80,80,80,80],"card_choices":[{"not_picked":["True Grit","Headbutt"],"picked":"Blood for Blood","floor":1},{"not_picked":["Power Through","Body Slam"],"picked":"Pommel Strike","floor":3},{"not_picked":["Reckless Charge","Disarm"],"picked":"Clash","floor":5},{"not_picked":["Headbutt","Disarm"],"picked":"Clothesline","floor":6},{"not_picked":["Thunderclap","Warcry"],"picked":"Bludgeon","floor":7},{"not_picked":["Sever Soul","Warcry"],"picked":"Iron Wave","floor":8},{"not_picked":["Warcry","Clash"],"picked":"Rampage","floor":11},{"not_picked":["Intimidate","Body Slam"],"picked":"Perfected Strike","floor":12},{"not_picked":["Pommel Strike","Corruption"],"picked":"Second Wind","floor":14}],"player_experience":0,"relics_obtained":[{"floor":6,"key":"Sundial"},{"floor":9,"key":"Self Forming Clay"},{"floor":11,"key":"Shuriken"}],"event_choices":[{"damage_healed":0,"gold_gain":0,"player_choice":"Ignored","damage_taken":0,"max_hp_gain":0,"max_hp_loss":0,"event_name":"Liars Game","floor":2,"gold_loss":0},{"damage_healed":0,"gold_gain":0,"player_choice":"Gave Potion","damage_taken":0,"relics_obtained":["Potion Belt"],"max_hp_gain":0,"max_hp_loss":0,"event_name":"WeMeetAgain","floor":4,"gold_loss":0},{"damage_healed":0,"gold_gain":100,"player_choice":"Pray","damage_taken":0,"max_hp_gain":0,"max_hp_loss":0,"event_name":"Golden Shrine","floor":13,"gold_loss":0}],"is_beta":false,"boss_relics":[],"items_purged_floors":[],"is_endless":false,"potions_floor_spawned":[1,5,7,8,12],"killed_by":"The Guardian","ascension_level":0}