{"path_per_floor":["M","?","?","?","?","R","M","M","T","?","M","R","$","M","R","B",null,"M","M","$","M","?","R","M"],"character_chosen":"IRONCLAD","items_purchased":["Inflame","Apotheosis"],"gold_per_floor":[109,109,109,184,184,184,196,210,210,210,225,225,70,85,85,188,188,203,213,12,27,27,27,43],"floor_reached":25,"campfire_rested":2,"playtime":1296,"current_hp_per_floor":[80,62,62,51,51,51,57,63,63,63,49,49,49,33,57,27,80,70,65,65,28,28,44,27],"items_purged":["Strike_R"],"gold":43,"play_id":"f24895f7-dacc-4d8c-b886-2f880cd154f5","is_prod":false,"is_daily":false,"campfire_rituals":0,"campfire_upgraded":2,"is_hardmode":false,"path_taken":["M","?","?","?","?","R","M","M","T","?","M","R","?","M","R","BOSS","M","M","$","M","?","R","M","M"],"build_version":"2018-01-18-PROD4","purchased_purges":1,"victory":false,"master_deck":["Defend_R","Defend_R","Defend_R","Defend_R","Bash","Rupture","Uppercut","Flame Barrier","Barricade","Cleave","Inflame","Flex","Demon Form","Thunderclap","Pommel Strike","Apotheosis","Bite_R","Bite_R","Bite_R","Bite_R","Bite_R","Armaments"],"max_hp_per_floor":[80,80,80,80,80,80,80,80,80,80,80,80,80,80,80,80,80,80,80,80,80,56,56,56],"relics":["Burning Blood","Ornamental Fan","Champion Belt","Mark of Pain"],"campfire_meditates":0,"card_choices":[{"not_picked":["Flex","Warcry"],"picked":"Rupture"},{"not_picked":["Sword Boomerang","Headbutt"],"picked":"Flame Barrier"},{"not_picked":["Anger","Corruption"],"picked":"Barricade"},{"not_picked":["Intimidate","Battle Trance"],"picked":"Cleave"},{"not_picked":["True Grit","Shrug It Off"],"picked":"Flex"},{"not_picked":["Double Tap","Juggernaut"],"picked":"Demon Form"},{"not_picked":["Anger","Metallicize"],"picked":"Thunderclap"},{"not_picked":["Twin Strike","Clash"],"picked":"Pommel Strike"},{"not_picked":["Pommel Strike","Body Slam"],"picked":"Armaments"}],"player_experience":36680,"potions_floor_usage":[16,19,21],"damage_taken":[{"damage":4,"enemies":"Jaw Worm","floor":1,"turns":6},{"damage":0,"enemies":"Small Slimes","floor":7,"turns":3},{"damage":0,"enemies":"2 Louse","floor":8,"turns":3},{"damage":20,"enemies":"2 Fungi Beasts","floor":11,"turns":6},{"damage":22,"enemies":"Large Slime","floor":14,"turns":9},{"damage":36,"enemies":"The Guardian","floor":16,"turns":16},{"damage":16,"enemies":"Shell Parasite","floor":18,"turns":8},{"damage":11,"enemies":"Chosen","floor":19,"turns":8},{"damage":43,"enemies":"Sentry and Sphere","floor":21,"turns":6},{"damage":39,"enemies":"Snecko","floor":24,"turns":6},{"damage":36,"enemies":"Snake Plant","floor":25,"turns":5}],"event_choices":[{"event_name":"Scrap Ooze","player_choice":"success","floor":2,"damage_taken":18},{"event_name":"Liars Game","player_choice":"disagreed","floor":3,"damage_taken":0},{"event_name":"World of Goop","player_choice":"Gather Gold","floor":4,"damage_taken":0},{"event_name":"Transmorgrifier","player_choice":"Transform","floor":5,"damage_taken":0},{"event_name":"Living Wall","player_choice":"Grow","floor":10,"damage_taken":0},{"event_name":"Vampires","player_choice":"Became a vampire","floor":22,"damage_taken":0}],"boss_relics":[{"not_picked":["Ectoplasm","Tiny House"],"picked":"Mark of Pain"}],"potions_floor_spawned":[1,14,16,21,24],"seed_played":"-2267104399211832811","killed_by":"Snake Plant","is_trial":false}