{"gold_per_floor":[118,118,18,18,36,36,50,66,89,108,119,119,119,135,135,236,236,250,250,190,208,35,55,55,90,90,161,191,191,202,212,212,312,312,326,129,144,144,0,0,32,32,114,114,147,195,207,541,541,541],"floor_reached":51,"playtime":2762,"items_purged":["Regret","Strike_B","Defend_B"],"score":840,"play_id":"85301e19-0843-4d75-9c0a-aeae0d37473a","local_time":"20190201224509","is_ascension_mode":false,"campfire_choices":[{"data":"Zap","floor":6.0,"key":"SMITH"},{"data":"Static Discharge","floor":13.0,"key":"SMITH"},{"data":"Chill","floor":15.0,"key":"SMITH"},{"floor":24.0,"key":"REST"},{"floor":29.0,"key":"REST"},{"floor":32.0,"key":"REST"},{"data":"Apotheosis","floor":40.0,"key":"SMITH"},{"data":"Mayhem","floor":44.0,"key":"SMITH"},{"floor":49,"key":"REST"}],"neow_cost":"NONE","seed_source_timestamp":0,"circlet_count":0,"master_deck":["Strike_B","Strike_B+1","Defend_B+1","Defend_B","Zap+1","Dualcast","Leap","Conserve Battery","Redo","Buffer+1","Static Discharge+1","Chill+1","Thunder Strike","Glacier","Conserve Battery","Multi-Cast","Go for the Eyes","Sunder","Loop","Loop+1","Capacitor","Leap","Ball Lightning","Steam Power","Turbo","Rainbow","Consume","Chill+1","Mayhem+1","Apotheosis+1","Defragment+1","Hologram"],"special_seed":0,"relics":["Cracked Core","NeowsBlessing","Ancient Tea Set","Orrery","Sundial","Pear","Question Card","Nunchaku","Inserter","Red Mask","Thread and Needle","Bottled Flame","The Courier","Torii","Old Coin"],"potions_floor_usage":[46,46,46,48],"damage_taken":[{"damage":0.0,"enemies":"Jaw Worm","floor":1.0,"turns":1.0},{"damage":0.0,"enemies":"2 Louse","floor":5.0,"turns":1.0},{"damage":0.0,"enemies":"Cultist","floor":7.0,"turns":1.0},{"damage":0.0,"enemies":"2 Fungi Beasts","floor":8.0,"turns":4.0},{"damage":0.0,"enemies":"Looter","floor":10.0,"turns":3.0},{"damage":0.0,"enemies":"Exordium Wildlife","floor":11.0,"turns":3.0},{"damage":0.0,"enemies":"3 Louse","floor":14.0,"turns":3.0},{"damage":10.0,"enemies":"The Guardian","floor":16.0,"turns":14.0},{"damage":6.0,"enemies":"Spheric Guardian","floor":18.0,"turns":8.0},{"damage":0.0,"enemies":"2 Thieves","floor":20.0,"turns":4.0},{"damage":16.0,"enemies":"3 Cultists","floor":21.0,"turns":8.0},{"damage":48.0,"enemies":"Cultist and Chosen","floor":23.0,"turns":9.0},{"damage":7.0,"enemies":"Book of Stabbing","floor":25.0,"turns":7.0},{"damage":33.0,"enemies":"Slavers","floor":28.0,"turns":4.0},{"damage":11.0,"enemies":"Sentry and Sphere","floor":30.0,"turns":7.0},{"damage":2.0,"enemies":"3 Cultists","floor":31.0,"turns":7.0},{"damage":37.0,"enemies":"Automaton","floor":33.0,"turns":9.0},{"damage":8.0,"enemies":"3 Shapes","floor":35.0,"turns":6.0},{"damage":8.0,"enemies":"Orb Walker","floor":37.0,"turns":5.0},{"damage":0.0,"enemies":"Giant Head","floor":41.0,"turns":7.0},{"damage":0.0,"enemies":"Nemesis","floor":45.0,"turns":9.0},{"damage":47,"enemies":"2 Orb Walkers","floor":46,"turns":7},{"damage":0,"enemies":"Maw","floor":47,"turns":9},{"damage":1,"enemies":"Giant Head","floor":48,"turns":12},{"damage":3,"enemies":"Time Eater","floor":50,"turns":12}],"seed_played":"6183331540151627995","potions_obtained":[{"floor":5.0,"key":"SteroidPotion"},{"floor":8.0,"key":"LiquidBronze"},{"floor":10.0,"key":"AttackPotion"},{"floor":14.0,"key":"SneckoOil"},{"floor":16.0,"key":"EntropicBrew"},{"floor":23.0,"key":"LiquidBronze"},{"floor":28.0,"key":"Block Potion"},{"floor":30.0,"key":"LiquidBronze"},{"floor":31.0,"key":"Fruit Juice"},{"floor":33.0,"key":"SpeedPotion"},{"floor":37.0,"key":"Poison Potion"},{"floor":41.0,"key":"Dexterity Potion"},{"floor":47,"key":"Strength Potion"}],"is_trial":false,"path_per_floor":["M","?","$","?","M","R","M","M","T","M","M","?","R","M","R","B",null,"M","?","M","M","$","M","R","E","T","T","E","R","M","M","R","B",null,"M","$","M","?","?","R","E","$","T","R","E","?","M","E","R","B",null],"character_chosen":"DEFECT","items_purchased":["Leap","Capacitor","Consume"],"campfire_rested":4,"item_purchase_floors":[3,22,36],"current_hp_per_floor":[75,75,75,60,60,60,60,60,60,60,60,60,60,60,60,50,75,69,69,69,53,53,5,27,35,45,45,12,37,26,29,56,19,90,82,82,74,69,69,69,69,69,69,69,69,22,22,21,48,45],"gold":541,"neow_bonus":"THREE_ENEMY_KILL","is_prod":false,"is_daily":false,"chose_seed":false,"campfire_upgraded":5,"win_rate":0,"timestamp":1549048509,"path_taken":["M","?","$","?","M","R","M","M","T","M","?","?","R","M","R","BOSS","M","?","M","M","$","M","R","E","T","?","E","R","M","?","R","BOSS","M","$","M","?","?","R","E","?","T","R","E","?","?","E","R","BOSS"],"build_version":"2019-01-23","purchased_purges":3,"victory":true,"max_hp_per_floor":[75,75,75,75,75,75,75,75,75,75,75,75,75,75,75,75,75,75,75,75,75,75,75,75,75,85,85,85,85,85,90,90,90,90,90,90,90,90,90,90,90,90,90,90,90,90,90,90,90,90],"card_choices":[{"not_picked":["Steam","Reprogram","Consume"],"picked":"SKIP","floor":1.0},{"not_picked":["Sunder","Turbo"],"picked":"Conserve Battery","floor":5.0},{"not_picked":["Hello World","Beam Cell"],"picked":"Redo","floor":7.0},{"not_picked":["Conserve Battery","Rebound"],"picked":"Buffer","floor":8.0},{"not_picked":["Steam","Compile Driver"],"picked":"Static Discharge","floor":10.0},{"not_picked":["Beam Cell","Compile Driver","Sweeping Beam"],"picked":"SKIP","floor":11.0},{"not_picked":["Sweeping Beam","Barrage"],"picked":"Chill","floor":14.0},{"not_picked":["Amplify","Core Surge"],"picked":"Thunder Strike","floor":16.0},{"not_picked":["Coolheaded","Rebound"],"picked":"Glacier","floor":17.0},{"not_picked":["Beam Cell","Recycle"],"picked":"Conserve Battery","floor":17.0},{"not_picked":["Compile Driver","Redo"],"picked":"Multi-Cast","floor":18.0},{"not_picked":["Beam Cell","Fusion"],"picked":"Loop","floor":20.0},{"not_picked":["Rebound+1","Glacier"],"picked":"Loop+1","floor":21.0},{"not_picked":["Scrape","Streamline+1"],"picked":"Leap","floor":23.0},{"not_picked":["Sweeping Beam","White Noise"],"picked":"Ball Lightning","floor":25.0},{"not_picked":["Reprogram","Aggregate","Heatsinks+1","Conserve Battery+1"],"picked":"SKIP","floor":28.0},{"not_picked":["Barrage","Tempest","Chill"],"picked":"Steam Power","floor":30.0},{"not_picked":["Lockon","Fusion","Leap+1"],"picked":"Turbo","floor":31.0},{"not_picked":["Creative AI","Meteor Strike","Reboot"],"picked":"Rainbow","floor":33.0},{"not_picked":["Rebound+1","Steam Power+1","Barrage+1","Double Energy"],"picked":"SKIP","floor":35.0},{"not_picked":["Undo","Coolheaded+1","Lockon"],"picked":"Chill+1","floor":37.0},{"not_picked":["Trip","Deep Breath","Dramatic Entrance"],"picked":"Mayhem","floor":38.0},{"not_picked":["Deep Breath","Purity","Sadistic Nature"],"picked":"Apotheosis","floor":38.0},{"not_picked":["Auto Shields","Barrage","Consume"],"picked":"Defragment+1","floor":41.0},{"not_picked":["Gash+1","Ball Lightning","Stack+1","Streamline+1"],"picked":"SKIP","floor":45.0},{"not_picked":["Beam Cell+1","Streamline+1","Sweeping Beam+1"],"picked":"Hologram","floor":46},{"not_picked":["Chill+1","Capacitor","Ball Lightning+1","Rebound"],"picked":"SKIP","floor":47},{"not_picked":["Streamline+1","Stack+1","Sweeping Beam","Turbo+1"],"picked":"SKIP","floor":48}],"player_experience":506712,"relics_obtained":[{"floor":25.0,"key":"Sundial"},{"floor":26.0,"key":"Pear"},{"floor":27.0,"key":"Question Card"},{"floor":28.0,"key":"Nunchaku"},{"floor":41.0,"key":"Thread and Needle"},{"floor":43.0,"key":"Bottled Flame"},{"floor":45.0,"key":"The Courier"},{"floor":46,"key":"Torii"},{"floor":48,"key":"Old Coin"}],"event_choices":[{"damage_healed":0.0,"max_hp_gain":0.0,"max_hp_loss":0.0,"gold_gain":0.0,"event_name":"Big Fish","player_choice":"Box","floor":2.0,"gold_loss":0.0,"damage_taken":0.0,"relics_obtained":["Ancient Tea Set"],"cards_obtained":["Regret"]},{"damage_healed":0.0,"max_hp_gain":0.0,"max_hp_loss":0.0,"gold_gain":0.0,"event_name":"Shining Light","player_choice":"Entered Light","floor":4.0,"gold_loss":0.0,"damage_taken":15.0,"cards_upgraded":["Strike_B","Defend_B"]},{"damage_healed":0.0,"max_hp_gain":0.0,"max_hp_loss":0.0,"gold_gain":0.0,"event_name":"Living Wall","player_choice":"Grow","floor":12.0,"gold_loss":0.0,"damage_taken":0.0,"cards_upgraded":["Buffer"]},{"damage_healed":0.0,"max_hp_gain":0.0,"max_hp_loss":0.0,"gold_gain":0.0,"cards_transformed":["Strike_B","Defend_B"],"event_name":"Drug Dealer","player_choice":"Became Test Subject","floor":19.0,"gold_loss":0.0,"damage_taken":0.0,"cards_obtained":["Go for the Eyes","Sunder"]},{"damage_healed":0.0,"max_hp_gain":0.0,"max_hp_loss":0.0,"gold_gain":0.0,"event_name":"SensoryStone","player_choice":"Memory 2","floor":38.0,"gold_loss":0.0,"damage_taken":5.0},{"damage_healed":0.0,"max_hp_gain":0.0,"max_hp_loss":0.0,"gold_gain":0.0,"event_name":"Tomb of Lord Red Mask","player_choice":"Paid","floor":39.0,"gold_loss":144.0,"damage_taken":0.0,"relics_obtained":["Red Mask"]},{"damage_healed":0,"gold_gain":0,"player_choice":"Fight","damage_taken":0,"max_hp_gain":0,"max_hp_loss":0,"event_name":"Mysterious Sphere","floor":46,"gold_loss":0}],"is_beta":true,"boss_relics":[{"not_picked":["Astrolabe","Busted Crown"],"picked":"Orrery"},{"not_picked":["Philosopher\u0027s Stone","Black Star"],"picked":"Inserter"}],"items_purged_floors":[3,22,36],"is_endless":false,"potions_floor_spawned":[5,8,10,14,16,18,23,28,30,31,33,37,41,47],"ascension_level":0}