{"gold_per_floor":[116,116,139,139,153,197,197,240,265,190,190,140,154,154,154,154],"floor_reached":16,"playtime":421,"items_purged":["Strike_G"],"score":155,"play_id":"78fd74bb-6cd4-44a8-b54a-3240aeedddcf","local_time":"20190727203350","is_ascension_mode":true,"campfire_choices":[{"floor":7,"key":"REST"},{"floor":11,"key":"REST"},{"floor":15,"key":"REST"}],"neow_cost":"NONE","seed_source_timestamp":412927888319100,"circlet_count":0,"master_deck":["Strike_G","Strike_G","Strike_G","Defend_G","Defend_G","Defend_G","Defend_G","Defend_G","Survivor","Neutralize","Blade Dance","Cloak And Dagger","Prepared","Choke"],"relics":["Ring of the Snake","NeowsBlessing","Golden Idol","Strawberry","PreservedInsect","Pear","Omamori","Torii"],"potions_floor_usage":[16,16],"damage_taken":[{"damage":0,"enemies":"Small Slimes","floor":1,"turns":1},{"damage":0,"enemies":"2 Louse","floor":3,"turns":1},{"damage":0,"enemies":"Cultist","floor":5,"turns":1},{"damage":45,"enemies":"3 Sentries","floor":6,"turns":14},{"damage":29,"enemies":"Lagavulin","floor":8,"turns":8},{"damage":5,"enemies":"Blue Slaver","floor":13,"turns":6},{"damage":17,"enemies":"The Guardian","floor":16,"turns":5}],"seed_played":"7311513337065986778","potions_obtained":[{"floor":1,"key":"LiquidBronze"},{"floor":3,"key":"SkillPotion"},{"floor":13,"key":"Strength Potion"}],"is_trial":false,"path_per_floor":["M","?","M","?","M","E","R","E","T","$","R","?","M","?","R","B"],"character_chosen":"THE_SILENT","items_purchased":[],"campfire_rested":3,"item_purchase_floors":[],"current_hp_per_floor":[70,53,53,60,60,15,38,19,19,19,45,45,40,7,33,16],"gold":154,"neow_bonus":"THREE_ENEMY_KILL","is_prod":false,"is_daily":false,"chose_seed":false,"campfire_upgraded":0,"win_rate":0,"timestamp":1564241630,"path_taken":["M","?","M","?","?","E","R","E","T","$","R","?","M","?","R","BOSS"],"build_version":"2019-07-17","purchased_purges":1,"victory":false,"max_hp_per_floor":[70,70,70,77,77,77,77,87,87,87,87,87,87,87,87,87],"card_choices":[{"not_picked":["Setup","Poisoned Stab"],"picked":"Blade Dance","floor":1},{"not_picked":["Acrobatics","Underhanded Strike"],"picked":"Cloak And Dagger","floor":3},{"not_picked":["Backstab","Dagger Spray","Deadly Poison"],"picked":"SKIP","floor":5},{"not_picked":["Well Laid Plans","Quick Slash","Calculated Gamble"],"picked":"SKIP","floor":6},{"not_picked":["Dash","Outmaneuver"],"picked":"Prepared","floor":8},{"not_picked":["Slice","Skewer"],"picked":"Choke","floor":13}],"player_experience":160372,"relics_obtained":[{"floor":6,"key":"PreservedInsect"},{"floor":8,"key":"Pear"},{"floor":9,"key":"Omamori"}],"event_choices":[{"damage_healed":0,"gold_gain":0,"player_choice":"Take Damage","damage_taken":17,"relics_obtained":["Golden Idol"],"max_hp_gain":0,"max_hp_loss":0,"event_name":"Golden Idol","floor":2,"gold_loss":0},{"damage_healed":0,"gold_gain":0,"player_choice":"Gave Potion","damage_taken":0,"relics_obtained":["Strawberry"],"max_hp_gain":0,"max_hp_loss":0,"event_name":"WeMeetAgain","floor":4,"gold_loss":0},{"cards_removed":["Strike_G"],"damage_healed":0,"gold_gain":0,"player_choice":"Card Removal","damage_taken":0,"max_hp_gain":0,"max_hp_loss":0,"event_name":"The Cleric","floor":12,"gold_loss":50},{"damage_healed":0,"gold_gain":0,"player_choice":"Success","damage_taken":33,"relics_obtained":["Torii"],"max_hp_gain":0,"max_hp_loss":0,"event_name":"Scrap Ooze","floor":14,"gold_loss":0}],"is_beta":false,"boss_relics":[],"items_purged_floors":[10],"is_endless":false,"potions_floor_spawned":[1,3,13],"killed_by":"The Guardian","ascension_level":4}