{"gold_per_floor":[118,39,39,39,39,96,96,107,186,196,196,216,249,214,214,214],"floor_reached":16,"playtime":731,"items_purged":[],"score":130,"play_id":"84ed5388-b321-47bd-a409-f443ddd0963d","local_time":"20190727232250","is_ascension_mode":true,"campfire_choices":[{"floor":7,"key":"REST"},{"data":"Neutralize","floor":11,"key":"SMITH"},{"floor":15,"key":"REST"}],"neow_cost":"NONE","seed_source_timestamp":422744107941500,"circlet_count":0,"master_deck":["Strike_G","Strike_G","Strike_G","Strike_G","Strike_G","Defend_G","Defend_G","Defend_G","Defend_G","Defend_G","Survivor","Neutralize+1","Footwork+1","Deadly Poison","Backflip","Blur"],"special_seed":0,"relics":["Eternal Feather","Tiny Chest","Question Card","Ice Cream"],"potions_floor_usage":[],"damage_taken":[{"damage":4.0,"enemies":"Small Slimes","floor":1.0,"turns":6.0},{"damage":42,"enemies":"3 Sentries","floor":6,"turns":17},{"damage":0,"enemies":"2 Louse","floor":8,"turns":5},{"damage":2,"enemies":"Cultist","floor":10,"turns":5},{"damage":17,"enemies":"Large Slime","floor":12,"turns":10},{"damage":40,"enemies":"Lagavulin","floor":13,"turns":18},{"damage":1,"enemies":"Slime Boss","floor":16,"turns":9}],"seed_played":"6337864397136584526","potions_obtained":[{"floor":6,"key":"EntropicBrew"},{"floor":12,"key":"Regen Potion"},{"floor":13,"key":"PowerPotion"}],"is_trial":false,"path_per_floor":["M","$","?","$","?","E","R","M","T","M","R","M","E","?","R","B"],"character_chosen":"THE_SILENT","items_purchased":["Footwork"],"campfire_rested":2,"item_purchase_floors":[2],"current_hp_per_floor":[66,66,71,71,71,29,57,57,57,55,61,44,4,22,53,52],"gold":214,"neow_bonus":"BOSS_RELIC","is_prod":false,"is_daily":false,"chose_seed":false,"campfire_upgraded":1,"win_rate":0,"timestamp":1564251770,"path_taken":["M","$","?","$","?","E","R","M","T","M","R","M","E","?","R","BOSS"],"build_version":"2019-07-17","purchased_purges":0,"victory":false,"max_hp_per_floor":[70,70,75,75,75,75,75,75,75,75,75,75,75,75,75,75],"card_choices":[{"not_picked":["Dagger Spray","Setup","Tactician"],"picked":"SKIP","floor":1.0},{"not_picked":["Masterful Stab","Sucker Punch","Poisoned Stab"],"picked":"SKIP","floor":6},{"not_picked":["Flechettes","Choke","PiercingWail"],"picked":"SKIP","floor":8},{"not_picked":["Dagger Spray","Backstab","Acrobatics"],"picked":"Deadly Poison","floor":10},{"not_picked":["Blade Dance","All Out Attack","Heel Hook"],"picked":"Backflip","floor":12},{"not_picked":["Bane","Outmaneuver","Calculated Gamble"],"picked":"Blur","floor":13}],"player_experience":160793,"relics_obtained":[{"floor":6,"key":"Tiny Chest"},{"floor":9,"key":"Question Card"},{"floor":13,"key":"Ice Cream"}],"event_choices":[{"damage_healed":0.0,"max_hp_gain":5.0,"max_hp_loss":0.0,"gold_gain":0.0,"event_name":"Big Fish","player_choice":"Donut","floor":3.0,"gold_loss":0.0,"damage_taken":0.0},{"damage_healed":0,"gold_gain":0,"player_choice":"Grow","damage_taken":0,"max_hp_gain":0,"max_hp_loss":0,"event_name":"Living Wall","floor":5,"gold_loss":0,"cards_upgraded":["Footwork"]},{"damage_healed":18,"gold_gain":0,"player_choice":"Healed","damage_taken":0,"max_hp_gain":0,"max_hp_loss":0,"event_name":"The Cleric","floor":14,"gold_loss":35}],"is_beta":false,"boss_relics":[],"items_purged_floors":[],"is_endless":false,"potions_floor_spawned":[6,12,13],"killed_by":"Slime Boss","ascension_level":4}