{"gold_per_floor":[359,377,100,100,113,141,172,184,196,208,234,258,280,292,304,420,432,427,54,73,73,88,88,101,136,136,136,136,136,167,213,213,314,314,324,135,149,149],"floor_reached":38,"playtime":2345,"items_purged":["Strike_G","Defend_G","Strike_G"],"score":487,"play_id":"5723da2e-9482-41a4-a689-c29e5901b56d","local_time":"20180914114441","is_ascension_mode":true,"campfire_choices":[{"data":"A Thousand Cuts","floor":8,"key":"SMITH"},{"data":"Outmaneuver","floor":15,"key":"SMITH"},{"floor":23,"key":"REST"},{"floor":29,"key":"REST"},{"floor":32,"key":"REST"}],"neow_cost":"PERCENT_DAMAGE","seed_source_timestamp":0,"circlet_count":0,"master_deck":["Defend_G+1","Defend_G","Defend_G","Defend_G","Strike_G","Strike_G","Survivor","Neutralize","Sucker Punch","Backflip","A Thousand Cuts+1","Poisoned Stab","Outmaneuver+1","Well Laid Plans","Prepared","Parasite","Cloak And Dagger","Backflip","Leg Sweep","Doppelganger","Prepared+1","Apotheosis","Caltrops","Outmaneuver+1","Caltrops","Deflect+1","After Image","Noxious Fumes","Footwork+1","Envenom","Reflex","Tactician"],"special_seed":0,"relics":["Ring of the Snake","MawBank","Bottled Lightning","Fusion Hammer","The Courier","Darkstone Periapt","Mango","War Paint","Busted Crown"],"potions_floor_usage":[6,11,16,20,33,38],"damage_taken":[{"damage":4.0,"enemies":"Cultist","floor":1.0,"turns":5.0},{"damage":9,"enemies":"2 Louse","floor":2,"turns":3},{"damage":5,"enemies":"Small Slimes","floor":5,"turns":3},{"damage":10,"enemies":"Lagavulin","floor":6,"turns":8},{"damage":3,"enemies":"Exordium Wildlife","floor":7,"turns":5},{"damage":0,"enemies":"Exordium Thugs","floor":11,"turns":3},{"damage":4,"enemies":"Looter","floor":12,"turns":4},{"damage":1,"enemies":"Blue Slaver","floor":13,"turns":3},{"damage":22,"enemies":"The Guardian","floor":16,"turns":14},{"damage":7,"enemies":"2 Thieves","floor":18,"turns":4},{"damage":13,"enemies":"Shell Parasite","floor":20,"turns":5},{"damage":4,"enemies":"Snecko","floor":22,"turns":5},{"damage":19,"enemies":"3 Cultists","floor":24,"turns":4},{"damage":16,"enemies":"Book of Stabbing","floor":25,"turns":6},{"damage":36,"enemies":"Gremlin Leader","floor":30,"turns":5},{"damage":3,"enemies":"Automaton","floor":33,"turns":10},{"damage":5,"enemies":"Orb Walker","floor":35,"turns":6},{"damage":21,"enemies":"3 Darklings","floor":37,"turns":6},{"damage":65,"enemies":"Sphere and 2 Shapes","floor":38,"turns":4}],"seed_played":"6930767557190214013","potions_obtained":[{"floor":2,"key":"Weak Potion"},{"floor":5,"key":"EssenceOfSteel"},{"floor":6,"key":"SneckoOil"},{"floor":12,"key":"Strength Potion"},{"floor":18,"key":"Weak Potion"},{"floor":30,"key":"GhostInAJar"},{"floor":37,"key":"PowerPotion"}],"is_trial":false,"path_per_floor":["M","M","$","?","M","E","M","R","T","?","M","M","M","$","R","B",null,"M","$","M","?","M","R","M","E","T","?","?","R","E","T","R","B",null,"M","$","M"],"character_chosen":"THE_SILENT","items_purchased":["A Thousand Cuts","Poisoned Stab","Apotheosis","Caltrops","Reflex","Tactician"],"campfire_rested":3,"item_purchase_floors":[3,3,19,19,36,36],"current_hp_per_floor":[45,36,36,41,36,26,23,23,23,41,41,37,36,36,36,14,75,68,68,55,55,51,73,54,38,38,38,38,60,38,38,64,61,89,84,84,63,0],"gold":149,"neow_bonus":"TWO_FIFTY_GOLD","is_prod":false,"is_daily":false,"chose_seed":false,"campfire_upgraded":2,"win_rate":0,"timestamp":1536950681,"path_taken":["M","?","$","?","M","E","M","R","T","?","M","?","M","?","R","BOSS","M","$","M","?","M","R","?","E","T","?","?","R","E","?","R","BOSS","M","$","M","M"],"build_version":"2018-09-12","purchased_purges":3,"victory":false,"max_hp_per_floor":[70,70,70,75,75,75,75,75,75,75,75,75,75,75,75,75,75,75,75,75,75,75,75,75,75,75,75,75,75,89,89,89,89,89,89,89,89,89],"card_choices":[{"not_picked":["Acrobatics","Tactician"],"picked":"Sucker Punch","floor":1.0},{"not_picked":["Cloak And Dagger","Riddle With Holes"],"picked":"Backflip","floor":2},{"not_picked":["Cloak And Dagger","Flying Knee"],"picked":"Outmaneuver","floor":5},{"not_picked":["All Out Attack","Deflect"],"picked":"Well Laid Plans","floor":6},{"not_picked":["Terror","Quick Slash"],"picked":"Prepared","floor":7},{"not_picked":["Backflip","Choke"],"picked":"Cloak And Dagger","floor":11},{"not_picked":["Bouncing Flask","Unload"],"picked":"Backflip","floor":12},{"not_picked":["Outmaneuver","Dodge and Roll"],"picked":"Leg Sweep","floor":13},{"not_picked":["Night Terror","Phantasmal Killer"],"picked":"Doppelganger","floor":16},{"not_picked":["Slice","Riddle With Holes+1"],"picked":"Prepared+1","floor":18},{"not_picked":["PiercingWail+1","Expertise"],"picked":"Outmaneuver","floor":20},{"not_picked":["Slice+1","Quick Slash"],"picked":"Caltrops","floor":22},{"not_picked":["Dagger Spray","Quick Slash"],"picked":"Deflect+1","floor":24},{"not_picked":["Endless Agony+1","Blade Dance+1"],"picked":"After Image","floor":25},{"not_picked":["Noxious Fumes","Cloak And Dagger+1"],"picked":"Footwork+1","floor":30},{"not_picked":["Adrenaline","Storm of Steel"],"picked":"Envenom","floor":33},{"not_picked":["Outmaneuver"],"picked":"SKIP","floor":35},{"not_picked":["Dagger Throw"],"picked":"SKIP","floor":37}],"player_experience":129703,"relics_obtained":[{"floor":6,"key":"MawBank"},{"floor":9,"key":"Bottled Lightning"},{"floor":25,"key":"The Courier"},{"floor":26,"key":"Darkstone Periapt"},{"floor":30,"key":"Mango"},{"floor":31,"key":"War Paint"}],"event_choices":[{"event_name":"Big Fish","player_choice":"Donut","floor":4,"damage_taken":0},{"event_name":"Mushrooms","player_choice":"Healed and dodged fight","floor":10,"damage_taken":0},{"event_name":"Beggar","player_choice":"Ignored","floor":21,"damage_taken":0},{"event_name":"Back to Basics","player_choice":"Elegance","floor":27,"damage_taken":0},{"event_name":"The Library","player_choice":"Read","floor":28,"damage_taken":0}],"is_beta":true,"boss_relics":[{"not_picked":["Astrolabe","Runic Dome"],"picked":"Fusion Hammer"},{"not_picked":["Empty Cage","Tiny House"],"picked":"Busted Crown"}],"items_purged_floors":[3,19,36],"is_endless":false,"potions_floor_spawned":[2,5,6,12,18,30,37],"killed_by":"Sphere and 2 Shapes","ascension_level":1}