{"gold_per_floor":[116,116,128,53,72,106,106,141,141,153,153,153,165,184,184,285,285,303,61,72,72,72,72,72],"floor_reached":24,"playtime":990,"items_purged":["Strike_B","Strike_B"],"score":252,"play_id":"75d4a6e3-e401-4c9a-af56-8642307020c6","local_time":"20190707215105","is_ascension_mode":true,"campfire_choices":[{"floor":7,"key":"REST"},{"floor":11,"key":"REST"},{"floor":15,"key":"REST"},{"floor":23,"key":"REST"}],"neow_cost":"NONE","seed_source_timestamp":882995439743500,"circlet_count":0,"master_deck":["Strike_B","Defend_B","Defend_B","Defend_B","Defend_B","Zap","Dualcast","Defragment","White Noise","Capacitor","Leap","Static Discharge","Defragment","Storm","Amplify","Heatsinks","Echo Form","Necronomicurse"],"relics":["Cracked Core","StoneCalendar","Letter Opener","Sundial","Pear","Runic Pyramid","Necronomicon","Kunai"],"potions_floor_usage":[8,10,10,10,10,16],"damage_taken":[{"damage":0,"enemies":"Small Slimes","floor":1,"turns":2},{"damage":9,"enemies":"Jaw Worm","floor":3,"turns":4},{"damage":1,"enemies":"Cultist","floor":5,"turns":3},{"damage":44,"enemies":"Gremlin Nob","floor":6,"turns":5},{"damage":31,"enemies":"3 Sentries","floor":8,"turns":7},{"damage":10,"enemies":"Gremlin Gang","floor":10,"turns":3},{"damage":18,"enemies":"Exordium Thugs","floor":13,"turns":6},{"damage":6,"enemies":"Blue Slaver","floor":14,"turns":4},{"damage":9,"enemies":"The Guardian","floor":16,"turns":6},{"damage":40,"enemies":"Shell Parasite","floor":18,"turns":5},{"damage":22,"enemies":"Chosen","floor":20,"turns":4},{"damage":41,"enemies":"Book of Stabbing","floor":24,"turns":3}],"seed_played":"471684402438517632","potions_obtained":[{"floor":1,"key":"Poison Potion"},{"floor":5,"key":"Block Potion"},{"floor":6,"key":"EntropicBrew"},{"floor":14,"key":"GamblersBrew"},{"floor":18,"key":"FearPotion"}],"is_trial":false,"path_per_floor":["M","?","M","$","M","E","R","E","T","M","R","T","M","M","R","B",null,"M","$","M","?","?","R","E"],"character_chosen":"DEFECT","items_purchased":["Echo Form"],"campfire_rested":4,"item_purchase_floors":[19],"current_hp_per_floor":[82,75,66,66,65,21,45,14,14,4,28,38,20,14,41,32,92,52,52,30,14,14,41,0],"gold":72,"neow_bonus":"TEN_PERCENT_HP_BONUS","is_prod":false,"is_daily":false,"chose_seed":false,"campfire_upgraded":0,"win_rate":0,"timestamp":1562518265,"path_taken":["M","?","M","$","M","E","R","E","T","M","R","?","?","?","R","BOSS","M","$","M","?","?","R","E"],"build_version":"2019-07-05","purchased_purges":2,"victory":false,"max_hp_per_floor":[82,82,82,82,82,82,82,82,82,82,82,92,92,92,92,92,92,92,92,92,92,92,92,92],"card_choices":[{"not_picked":["Redo","Blizzard"],"picked":"Defragment","floor":1},{"not_picked":["Cold Snap","Sweeping Beam","Turbo"],"picked":"SKIP","floor":3},{"not_picked":["Hologram","Streamline"],"picked":"White Noise","floor":5},{"not_picked":["Stack","Steam"],"picked":"Capacitor","floor":6},{"not_picked":["Gash","Core Surge"],"picked":"Leap","floor":8},{"not_picked":["Hello World","Melter"],"picked":"Static Discharge","floor":10},{"not_picked":["Leap","Conserve Battery"],"picked":"Defragment","floor":13},{"not_picked":["Conserve Battery","Barrage"],"picked":"Storm","floor":14},{"not_picked":["Thunder Strike","Buffer"],"picked":"Amplify","floor":16},{"not_picked":["Go for the Eyes","Turbo"],"picked":"Heatsinks","floor":18},{"not_picked":["Rebound","Scrape","Beam Cell"],"picked":"SKIP","floor":20}],"player_experience":101705,"relics_obtained":[{"floor":6,"key":"StoneCalendar"},{"floor":8,"key":"Letter Opener"},{"floor":9,"key":"Sundial"},{"floor":12,"key":"Pear"},{"floor":21,"key":"Necronomicon"}],"event_choices":[{"cards_removed":["Strike_B"],"damage_healed":0,"gold_gain":0,"player_choice":"Card Removal","damage_taken":7,"max_hp_gain":0,"max_hp_loss":0,"event_name":"Golden Wing","floor":2,"gold_loss":0},{"damage_healed":0,"gold_gain":0,"player_choice":"Obtained Book","damage_taken":16,"max_hp_gain":0,"max_hp_loss":0,"event_name":"Cursed Tome","floor":21,"gold_loss":0},{"damage_healed":0,"gold_gain":0,"player_choice":"Gave Potion","damage_taken":0,"relics_obtained":["Kunai"],"max_hp_gain":0,"max_hp_loss":0,"event_name":"WeMeetAgain","floor":22,"gold_loss":0}],"is_beta":false,"boss_relics":[{"not_picked":["Calling Bell","Velvet Choker"],"picked":"Runic Pyramid"}],"items_purged_floors":[4,19],"is_endless":false,"potions_floor_spawned":[1,5,6,14,18],"killed_by":"Book of Stabbing","ascension_level":2}