{"gold_per_floor":[110,110,130,130,145,179,195,230,256,256],"floor_reached":10,"playtime":454,"items_purged":[],"score":86,"play_id":"9d416154-0baa-4731-95f2-cd21488aa595","local_time":"20190731212946","is_ascension_mode":true,"campfire_choices":[],"neow_cost":"CURSE","seed_source_timestamp":3624789104622500,"circlet_count":0,"master_deck":["Strike_R","Strike_R","Strike_R","Strike_R+1","Strike_R","Defend_R","Defend_R","Defend_R","Defend_R","Bash","Demon Form","Carnage","Infernal Blade+1","Feel No Pain","Dual Wield","Uppercut"],"relics":["Burning Blood","Ancient Tea Set","Lantern","Blood Vial"],"potions_floor_usage":[6,7,8],"damage_taken":[{"damage":7,"enemies":"Small Slimes","floor":1,"turns":6},{"damage":0,"enemies":"2 Louse","floor":3,"turns":2},{"damage":0,"enemies":"Cultist","floor":5,"turns":2},{"damage":32,"enemies":"Gremlin Nob","floor":6,"turns":4},{"damage":22,"enemies":"Gremlin Gang","floor":7,"turns":4},{"damage":24,"enemies":"3 Sentries","floor":8,"turns":7},{"damage":11,"enemies":"Exordium Wildlife","floor":10,"turns":1}],"seed_played":"4869583094392839063","potions_obtained":[{"floor":3,"key":"SteroidPotion"},{"floor":5,"key":"Poison Potion"},{"floor":7,"key":"PowerPotion"}],"is_trial":false,"path_per_floor":["M","?","M","?","M","E","M","E","T","M"],"character_chosen":"IRONCLAD","items_purchased":[],"campfire_rested":0,"item_purchase_floors":[],"current_hp_per_floor":[79,72,78,62,68,42,26,8,8,0],"gold":256,"neow_bonus":"THREE_RARE_CARDS","is_prod":false,"is_daily":false,"chose_seed":false,"campfire_upgraded":0,"win_rate":0,"timestamp":1564633786,"path_taken":["M","?","M","?","M","E","M","E","T","M"],"build_version":"2019-07-17","purchased_purges":0,"victory":false,"max_hp_per_floor":[80,80,80,80,80,80,80,80,80,80],"card_choices":[{"not_picked":["Limit Break","Brutality"],"picked":"Demon Form","floor":0},{"not_picked":["Dropkick","Intimidate"],"picked":"Carnage","floor":1},{"not_picked":["Cleave","True Grit"],"picked":"Infernal Blade","floor":3},{"not_picked":["Inflame","Body Slam"],"picked":"Feel No Pain","floor":5},{"not_picked":["Cleave","Shockwave"],"picked":"Dual Wield","floor":6},{"not_picked":["Wild Strike","Anger"],"picked":"Uppercut","floor":7},{"not_picked":["Berserk","Searing Blow","Whirlwind"],"picked":"SKIP","floor":8}],"player_experience":109511,"relics_obtained":[{"floor":6,"key":"Ancient Tea Set"},{"floor":8,"key":"Lantern"},{"floor":9,"key":"Blood Vial"}],"event_choices":[{"cards_removed":["Normality"],"damage_healed":0,"gold_gain":0,"player_choice":"Card Removal","damage_taken":7,"max_hp_gain":0,"max_hp_loss":0,"event_name":"Golden Wing","floor":2,"gold_loss":0},{"damage_healed":0,"gold_gain":0,"player_choice":"Entered Light","damage_taken":16,"max_hp_gain":0,"max_hp_loss":0,"event_name":"Shining Light","floor":4,"gold_loss":0,"cards_upgraded":["Infernal Blade","Strike_R"]}],"is_beta":false,"boss_relics":[],"items_purged_floors":[],"is_endless":false,"potions_floor_spawned":[3,5,7],"killed_by":"Exordium Wildlife","ascension_level":2}