{"gold_per_floor":[110,110,130,142,160,160,187,187,187,213,213,241,241,273,273,350,350,366,366,101,26,26,61,61,86,163,163,173,189,214,226,226,300,300,311,311,82,182,0,329,329,349,349,375,393,427,427,427,427,427],"floor_reached":51,"playtime":6170,"items_purged":["Wild Strike"],"score":1692,"play_id":"24737327-e6eb-494b-9537-8b41dbb2dafe","local_time":"20190801161355","is_ascension_mode":true,"campfire_choices":[{"data":"Bash","floor":6,"key":"SMITH"},{"data":"1","floor":8,"key":"LIFT"},{"data":"Armaments","floor":11,"key":"SMITH"},{"data":"2","floor":13,"key":"LIFT"},{"data":"3","floor":15,"key":"LIFT"},{"data":"Limit Break","floor":24,"key":"SMITH"},{"data":"Feel No Pain","floor":27,"key":"SMITH"},{"data":"True Grit","floor":32,"key":"SMITH"},{"data":"Shockwave","floor":41,"key":"SMITH"},{"data":"Disarm","floor":47,"key":"SMITH"},{"floor":49,"key":"REST"}],"neow_cost":"NONE","seed_source_timestamp":396086473638200,"circlet_count":0,"master_deck":["AscendersBane","Defend_R","Defend_R","Defend_R","Defend_R","Bash+1","Pommel Strike","Armaments+1","Twin Strike+1","Heavy Blade+1","Limit Break+1","Heavy Blade+1","Bite+1","Bite+1","Bite+1","Bite+1","True Grit+1","Feel No Pain+1","Disarm+1","Disarm+1","Heavy Blade+1","Headbutt+1","Immolate+1","Clothesline+1","Corruption","Shockwave+1","Limit Break+1","Sword Boomerang+1","Cleave+1","Flame Barrier+1","Sentinel","True Grit+1","Apotheosis","Pummel+1"],"relics":["Burning Blood","Red Skull","CultistMask","Girya","Kunai","Molten Egg 2","WingedGreaves","Prayer Wheel","Snecko Eye","PreservedInsect","Dead Branch","Bottled Lightning","Strawberry","Sozu","DollysMirror","Ginger","Red Mask","Old Coin","Bottled Flame","Unceasing Top","Dream Catcher"],"potions_floor_usage":[7,16,18,25,25,50,50],"damage_taken":[{"damage":7,"enemies":"Cultist","floor":1,"turns":4},{"damage":3,"enemies":"2 Louse","floor":3,"turns":4},{"damage":5,"enemies":"Small Slimes","floor":4,"turns":3},{"damage":17,"enemies":"Blue Slaver","floor":5,"turns":5},{"damage":8,"enemies":"Gremlin Nob","floor":7,"turns":3},{"damage":31,"enemies":"3 Sentries","floor":10,"turns":9},{"damage":14,"enemies":"Lagavulin","floor":12,"turns":3},{"damage":15,"enemies":"3 Sentries","floor":14,"turns":5},{"damage":18,"enemies":"The Guardian","floor":16,"turns":5},{"damage":40,"enemies":"3 Byrds","floor":18,"turns":4},{"damage":28,"enemies":"Slavers","floor":23,"turns":4},{"damage":6,"enemies":"Gremlin Leader","floor":25,"turns":4},{"damage":0,"enemies":"Spheric Guardian","floor":28,"turns":2},{"damage":0,"enemies":"Centurion and Healer","floor":29,"turns":2},{"damage":0,"enemies":"Book of Stabbing","floor":30,"turns":2},{"damage":6,"enemies":"Cultist and Chosen","floor":31,"turns":3},{"damage":32,"enemies":"Automaton","floor":33,"turns":6},{"damage":6,"enemies":"Orb Walker","floor":35,"turns":2},{"damage":1,"enemies":"Mind Bloom Boss Battle","floor":38,"turns":3},{"damage":4,"enemies":"Nemesis","floor":40,"turns":3},{"damage":3,"enemies":"3 Shapes","floor":42,"turns":2},{"damage":9,"enemies":"Giant Head","floor":44,"turns":2},{"damage":7,"enemies":"Maw","floor":45,"turns":4},{"damage":23,"enemies":"Reptomancer","floor":46,"turns":6},{"damage":25,"enemies":"Awakened One","floor":50,"turns":6}],"seed_played":"1935043500181339400","potions_obtained":[{"floor":3,"key":"Strength Potion"},{"floor":7,"key":"BloodPotion"},{"floor":10,"key":"GamblersBrew"},{"floor":14,"key":"Poison Potion"},{"floor":25,"key":"SpeedPotion"},{"floor":28,"key":"Weak Potion"},{"floor":29,"key":"Strength Potion"}],"is_trial":false,"path_per_floor":["M","?","M","M","M","R","E","R","T","E","R","E","R","E","R","B",null,"M","?","$","?","?","E","R","E","T","R","M","M","E","M","R","B",null,"M","?","$","?","?","E","R","M","T","E","M","E","R","?","R","B",null],"character_chosen":"IRONCLAD","items_purchased":["True Grit","SkillPotion","Regen Potion","DollysMirror"],"campfire_rested":1,"item_purchase_floors":[20,20,20,37],"current_hp_per_floor":[67,67,70,71,60,60,58,58,58,33,33,25,25,16,16,22,62,28,28,28,28,52,36,36,52,52,52,52,52,59,59,59,42,55,59,59,59,59,59,59,59,59,59,59,59,48,48,38,55,39],"gold":427,"neow_bonus":"RANDOM_COMMON_RELIC","is_prod":false,"is_daily":false,"chose_seed":false,"campfire_upgraded":7,"win_rate":0,"timestamp":1564701235,"path_taken":["M","?","M","?","M","R","E","R","T","E","R","E","R","E","R","BOSS","M","?","$","?","?","E","R","E","T","R","M","?","E","M","R","BOSS","M","?","$","?","?","E","R","M","T","E","M","E","R","?","R","BOSS"],"build_version":"2019-07-17","purchased_purges":1,"victory":true,"max_hp_per_floor":[75,75,75,75,75,75,75,75,75,75,75,75,75,75,75,75,75,75,52,52,52,52,52,52,52,52,52,52,52,59,59,59,59,59,59,59,59,59,59,59,59,59,59,59,59,59,59,59,59,59],"card_choices":[{"not_picked":["Wild Strike","Clash"],"picked":"Pommel Strike","floor":1},{"not_picked":["Havoc","Body Slam","Warcry"],"picked":"SKIP","floor":3},{"not_picked":["Havoc","Sword Boomerang"],"picked":"Wild Strike","floor":4},{"not_picked":["Burning Pact","Fire Breathing"],"picked":"Seeing Red","floor":5},{"not_picked":["Hemokinesis","Barricade"],"picked":"Battle Trance","floor":7},{"not_picked":["Bloodletting","Evolve"],"picked":"Armaments","floor":10},{"not_picked":["Thunderclap+1","Shrug It Off"],"picked":"Twin Strike+1","floor":12},{"not_picked":["Sentinel","Rampage+1"],"picked":"Heavy Blade+1","floor":14},{"not_picked":["Impervious","Offering"],"picked":"Limit Break","floor":16},{"not_picked":["Twin Strike+1","Evolve"],"picked":"Heavy Blade+1","floor":18},{"not_picked":["Battle Trance","Body Slam+1","Carnage+1"],"picked":"SKIP","floor":18},{"not_picked":["Thunderclap+1","Armaments"],"picked":"Feel No Pain","floor":23},{"not_picked":["Intimidate","Havoc"],"picked":"Disarm","floor":25},{"not_picked":["Havoc+1","Intimidate+1"],"picked":"Disarm+1","floor":28},{"not_picked":["Spot Weakness","Inflame"],"picked":"Heavy Blade+1","floor":28},{"not_picked":["Dropkick+1","Entrench"],"picked":"Headbutt+1","floor":29},{"not_picked":["Clash+1","Heavy Blade+1"],"picked":"Immolate+1","floor":29},{"not_picked":["Perfected Strike+1","Disarm","Spot Weakness"],"picked":"SKIP","floor":30},{"not_picked":["Fire Breathing","Pommel Strike+1"],"picked":"Clothesline+1","floor":31},{"not_picked":["Havoc","Cleave+1","Disarm"],"picked":"SKIP","floor":31},{"not_picked":["Havoc","Cleave+1","Disarm"],"picked":"SKIP","floor":31},{"not_picked":["Sword Boomerang+1","Iron Wave+1"],"picked":"Corruption","floor":35},{"not_picked":["Burning Pact","Body Slam+1"],"picked":"Shockwave","floor":35},{"not_picked":["Body Slam+1","Twin Strike+1"],"picked":"Sword Boomerang+1","floor":38},{"not_picked":["Headbutt+1","Bloodletting+1","Battle Trance"],"picked":"SKIP","floor":40},{"not_picked":["Headbutt+1","Bloodletting+1","Battle Trance"],"picked":"SKIP","floor":40},{"not_picked":["Uppercut+1","Pommel Strike+1"],"picked":"Cleave+1","floor":42},{"not_picked":["Searing Blow+1","Heavy Blade+1","Rampage+1"],"picked":"SKIP","floor":42},{"not_picked":["Pommel Strike+1","Armaments","Spot Weakness"],"picked":"SKIP","floor":44},{"not_picked":["Sword Boomerang+1","Wild Strike+1"],"picked":"Flame Barrier+1","floor":45},{"not_picked":["Entrench","Heavy Blade+1"],"picked":"Sentinel","floor":45},{"not_picked":["Blood for Blood+1","Brutality"],"picked":"True Grit+1","floor":46},{"not_picked":["Mayhem","Forethought"],"picked":"Apotheosis","floor":48},{"not_picked":["Wild Strike+1","Anger+1"],"picked":"Pummel+1","floor":49}],"player_experience":582827,"relics_obtained":[{"floor":7,"key":"Girya"},{"floor":9,"key":"Kunai"},{"floor":10,"key":"Molten Egg 2"},{"floor":12,"key":"WingedGreaves"},{"floor":14,"key":"Prayer Wheel"},{"floor":23,"key":"PreservedInsect"},{"floor":25,"key":"Dead Branch"},{"floor":26,"key":"Bottled Lightning"},{"floor":30,"key":"Strawberry"},{"floor":38,"key":"Ginger"},{"floor":40,"key":"Old Coin"},{"floor":43,"key":"Bottled Flame"},{"floor":44,"key":"Unceasing Top"},{"floor":46,"key":"Dream Catcher"}],"event_choices":[{"damage_healed":0,"gold_gain":0,"player_choice":"Trade","damage_taken":0,"relics_obtained":["CultistMask"],"max_hp_gain":0,"max_hp_loss":0,"event_name":"FaceTrader","floor":2,"gold_loss":0},{"damage_healed":0,"gold_gain":0,"player_choice":"Became a vampire","damage_taken":0,"max_hp_gain":0,"max_hp_loss":23,"event_name":"Vampires","floor":19,"gold_loss":0,"cards_obtained":["Bite","Bite","Bite","Bite","Bite"]},{"cards_removed":["Battle Trance"],"damage_healed":0,"gold_gain":0,"player_choice":"Gave Gold","damage_taken":0,"max_hp_gain":0,"max_hp_loss":0,"event_name":"Beggar","floor":21,"gold_loss":75},{"cards_removed":["Seeing Red"],"damage_healed":24,"gold_gain":0,"player_choice":"Offered Uncommon","damage_taken":0,"max_hp_gain":0,"max_hp_loss":0,"event_name":"Bonfire Elementals","floor":22,"gold_loss":0},{"cards_removed":["Bite"],"damage_healed":0,"gold_gain":0,"player_choice":"Removed Attack","damage_taken":0,"max_hp_gain":0,"max_hp_loss":0,"event_name":"Falling","floor":36,"gold_loss":0},{"damage_healed":0,"gold_gain":0,"player_choice":"Fight","damage_taken":0,"max_hp_gain":0,"max_hp_loss":0,"event_name":"MindBloom","floor":38,"gold_loss":0},{"damage_healed":0,"gold_gain":0,"player_choice":"Paid","damage_taken":0,"relics_obtained":["Red Mask"],"max_hp_gain":0,"max_hp_loss":0,"event_name":"Tomb of Lord Red Mask","floor":39,"gold_loss":182},{"damage_healed":0,"gold_gain":0,"player_choice":"Memory 3","damage_taken":10,"max_hp_gain":0,"max_hp_loss":0,"event_name":"SensoryStone","floor":48,"gold_loss":0}],"is_beta":false,"boss_relics":[{"not_picked":["Velvet Choker","Fusion Hammer"],"picked":"Snecko Eye"},{"not_picked":["Tiny House","Black Star"],"picked":"Sozu"}],"items_purged_floors":[20],"is_endless":false,"potions_floor_spawned":[3,7,10,14,25,28,29,30,31,38,40],"ascension_level":19}