{"gold_per_floor":[116,116,133,150,163,163,191,191,262,262,281,247,257,257,257,359,359,377,389,408,408,408],"floor_reached":22,"playtime":1755,"items_purged":[],"score":188,"play_id":"74ea6719-de91-4e28-99e0-1a4ea64c399b","local_time":"20190628030922","is_ascension_mode":false,"campfire_choices":[{"floor":6,"key":"REST"},{"floor":8,"key":"REST"},{"data":"Chaos","floor":10,"key":"SMITH"},{"floor":15,"key":"REST"}],"neow_cost":"NONE","seed_source_timestamp":37316118489800,"circlet_count":0,"master_deck":["Strike_B","Strike_B","Defend_B","Defend_B","Defend_B","Defend_B","Zap","Dualcast","Chaos+1","Barrage","Ball Lightning","Redo","Auto Shields","Coolheaded","Static Discharge","Compile Driver","Thunder Strike","Coolheaded","Capacitor","Static Discharge"],"relics":["Cracked Core","Torii","Matryoshka","White Beast Statue"],"potions_floor_usage":[],"damage_taken":[{"damage":0,"enemies":"2 Louse","floor":1,"turns":3},{"damage":4,"enemies":"Cultist","floor":3,"turns":4},{"damage":12,"enemies":"Small Slimes","floor":4,"turns":3},{"damage":35,"enemies":"Exordium Thugs","floor":5,"turns":5},{"damage":29,"enemies":"3 Sentries","floor":7,"turns":6},{"damage":1,"enemies":"Lots of Slimes","floor":11,"turns":3},{"damage":2,"enemies":"Red Slaver","floor":13,"turns":4},{"damage":52,"enemies":"Slime Boss","floor":16,"turns":9},{"damage":2,"enemies":"Chosen","floor":18,"turns":5},{"damage":15,"enemies":"3 Byrds","floor":19,"turns":6},{"damage":30,"enemies":"Snake Plant","floor":20,"turns":5},{"damage":40,"enemies":"Centurion and Healer","floor":22,"turns":11}],"seed_played":"6286163436966137033","potions_obtained":[{"floor":1,"key":"Regen Potion"},{"floor":3,"key":"EssenceOfSteel"},{"floor":11,"key":"SmokeBomb"}],"is_trial":false,"path_per_floor":["M","?","M","M","M","R","E","R","T","R","M","$","M","?","R","B",null,"M","M","M","?","M"],"character_chosen":"DEFECT","items_purchased":["Static Discharge"],"campfire_rested":3,"item_purchase_floors":[12],"current_hp_per_floor":[82,82,78,66,31,55,26,50,50,50,49,49,47,47,71,19,82,80,65,35,35,0],"gold":408,"neow_bonus":"TEN_PERCENT_HP_BONUS","is_prod":false,"is_daily":false,"chose_seed":false,"campfire_upgraded":1,"win_rate":0.0,"timestamp":1561673362,"path_taken":["M","?","M","?","M","R","E","R","T","R","M","$","M","?","R","BOSS","M","M","M","?","M"],"build_version":"2019-01-23","purchased_purges":0,"victory":false,"max_hp_per_floor":[82,82,82,82,82,82,82,82,82,82,82,82,82,82,82,82,82,82,82,82,82,82],"card_choices":[{"not_picked":["Rip and Tear","Chill"],"picked":"Chaos","floor":1},{"not_picked":["Leap","FTL"],"picked":"Barrage","floor":3},{"not_picked":["Chill","Force Field"],"picked":"Ball Lightning","floor":4},{"not_picked":["Beam Cell","Scrape"],"picked":"Redo","floor":5},{"not_picked":["Force Field","Reinforced Body"],"picked":"Auto Shields","floor":7},{"not_picked":["Turbo","Hologram"],"picked":"Coolheaded","floor":11},{"not_picked":["BootSequence","Blizzard"],"picked":"Compile Driver","floor":13},{"not_picked":["Fission","Rainbow"],"picked":"Thunder Strike","floor":16},{"not_picked":["Conserve Battery","Rebound"],"picked":"Coolheaded","floor":18},{"not_picked":["Steam","Turbo"],"picked":"Capacitor","floor":19},{"not_picked":["Redo+1","Streamline+1"],"picked":"Static Discharge","floor":20}],"player_experience":22298,"relics_obtained":[{"floor":7,"key":"Torii"},{"floor":9,"key":"Matryoshka"}],"event_choices":[{"cards_removed":["Strike_B"],"damage_healed":0,"gold_gain":0,"player_choice":"Card Removal","damage_taken":0,"max_hp_gain":0,"max_hp_loss":0,"event_name":"Wheel of Change","floor":2,"gold_loss":0},{"damage_healed":0,"gold_gain":0,"player_choice":"Bought 0 Potions","damage_taken":0,"max_hp_gain":0,"max_hp_loss":0,"event_name":"The Woman in Blue","floor":14,"gold_loss":0},{"cards_removed":["Strike_B"],"damage_healed":0,"gold_gain":0,"player_choice":"Offered Basic","damage_taken":0,"max_hp_gain":0,"max_hp_loss":0,"event_name":"Bonfire Elementals","floor":21,"gold_loss":0}],"is_beta":false,"boss_relics":[{"not_picked":["Cursed Key","Ectoplasm"],"picked":"White Beast Statue"}],"items_purged_floors":[],"is_endless":false,"potions_floor_spawned":[1,3,11,13,16,18,19,20],"killed_by":"Centurion and Healer","ascension_level":0}