{"gold_per_floor":[111,286,386,112,122,150,164,10,85,98,98,111,111,111],"floor_reached":14,"playtime":588,"items_purged":["Doubt","Strike_B"],"score":90,"play_id":"941fe6d7-97bd-47b1-ba74-1a1e763b1fb7","local_time":"20190729184802","is_ascension_mode":false,"campfire_choices":[{"data":"Glacier","floor":13,"key":"SMITH"}],"neow_cost":"NONE","seed_source_timestamp":579215731459700,"circlet_count":0,"master_deck":["Strike_B","Strike_B","Strike_B","Defend_B","Defend_B","Defend_B","Defend_B+1","Zap+1","Dualcast+1","Go for the Eyes","Hologram","Glacier+1","Gash","Meteor Strike","Go for the Eyes"],"relics":["Cracked Core","Dream Catcher","War Paint","The Courier"],"potions_floor_usage":[],"damage_taken":[{"damage":6,"enemies":"Jaw Worm","floor":1,"turns":3},{"damage":0,"enemies":"2 Louse","floor":5,"turns":2},{"damage":15,"enemies":"3 Sentries","floor":6,"turns":10},{"damage":0,"enemies":"Cultist","floor":7,"turns":4},{"damage":0,"enemies":"Blue Slaver","floor":10,"turns":4},{"damage":4,"enemies":"Lots of Slimes","floor":12,"turns":5},{"damage":0,"enemies":"Lagavulin","floor":14,"turns":3}],"seed_played":"8838070371805425431","potions_obtained":[{"floor":5,"key":"EssenceOfSteel"},{"floor":7,"key":"SkillPotion"},{"floor":10,"key":"FocusPotion"}],"is_trial":false,"path_per_floor":["M","?","?","$","M","E","M","$","T","M","?","M","R","E"],"character_chosen":"DEFECT","items_purchased":["Hologram","Dream Catcher","Gash"],"campfire_rested":0,"item_purchase_floors":[4,4,8],"current_hp_per_floor":[69,69,69,69,69,54,54,54,54,54,54,50,50,50],"gold":111,"neow_bonus":"UPGRADE_CARD","is_prod":false,"is_daily":false,"chose_seed":false,"campfire_upgraded":1,"win_rate":0,"timestamp":1564408082,"path_taken":["M","?","?","$","M","E","M","$","T","?","?","?","R","E"],"build_version":"2019-07-17","purchased_purges":2,"victory":false,"max_hp_per_floor":[75,75,75,75,75,75,75,75,75,75,75,75,75,75],"card_choices":[{"not_picked":["Sweeping Beam","Conserve Battery"],"picked":"Go for the Eyes","floor":1},{"not_picked":["Lockon","Turbo"],"picked":"Glacier","floor":5},{"not_picked":["Chaos","Hyperbeam","Steam Power"],"picked":"SKIP","floor":6},{"not_picked":["Reinforced Body","Chaos","Steam"],"picked":"SKIP","floor":7},{"not_picked":["Storm","Undo","Darkness"],"picked":"SKIP","floor":10},{"not_picked":["Stack","FTL"],"picked":"Go for the Eyes","floor":12}],"player_experience":169888,"relics_obtained":[{"floor":6,"key":"War Paint"},{"floor":9,"key":"The Courier"}],"event_choices":[{"damage_healed":0,"gold_gain":175,"player_choice":"AGREE","damage_taken":0,"max_hp_gain":0,"max_hp_loss":0,"event_name":"Liars Game","floor":2,"gold_loss":0,"cards_obtained":["Doubt"]},{"damage_healed":0,"gold_gain":100,"player_choice":"Gold","damage_taken":0,"max_hp_gain":0,"max_hp_loss":0,"event_name":"Wheel of Change","floor":3,"gold_loss":0},{"damage_healed":0,"gold_gain":0,"player_choice":"1 cards matched","damage_taken":0,"max_hp_gain":0,"max_hp_loss":0,"event_name":"Match and Keep!","floor":11,"gold_loss":0,"cards_obtained":["Meteor Strike"]}],"is_beta":false,"boss_relics":[],"items_purged_floors":[4,8],"is_endless":false,"potions_floor_spawned":[5,7,10],"killed_by":"Lagavulin","ascension_level":0}