{"gold_per_floor":[115,125,125,125,145,145,180,180,180,199,210,3,3,22,22,123,123,123,49,49,49,49,49,49,49,49,49,49,49,49,49],"floor_reached":31,"playtime":1319,"items_purged":[],"score":353,"play_id":"7eb7dc50-3da6-4d1a-93e2-dea67dd2937a","local_time":"20190708174535","is_ascension_mode":false,"campfire_choices":[{"data":"Static Discharge","floor":6,"key":"SMITH"},{"data":"Self Repair","floor":8,"key":"SMITH"},{"data":"Strike_B","floor":15,"key":"PURGE"},{"data":"Static Discharge","floor":23,"key":"SMITH"},{"data":"Seek","floor":25,"key":"SMITH"},{"data":"Strike_B+1","floor":27,"key":"PURGE"}],"neow_cost":"","seed_source_timestamp":0,"circlet_count":0,"master_deck":["Strike_B+1","Strike_B+1","Defend_B+1","Defend_B+1","Defend_B+1","Defend_B+1","Zap","Dualcast","Conserve Battery","Static Discharge+1","Self Repair+1","Seek+1","Static Discharge+1","Loop","Glacier+1","Writhe"],"relics":["Cracked Core","Peace Pipe","Dodecahedron","MealTicket","Ectoplasm","Juzu Bracelet","Toxic Egg 2","Calipers","Centennial Puzzle"],"potions_floor_usage":[],"damage_taken":[{"damage":0,"enemies":"Small Slimes","floor":1,"turns":2},{"damage":2,"enemies":"2 Louse","floor":2,"turns":3},{"damage":1,"enemies":"Cultist","floor":5,"turns":3},{"damage":17,"enemies":"3 Sentries","floor":7,"turns":6},{"damage":3,"enemies":"Looter","floor":10,"turns":3},{"damage":6,"enemies":"Red Slaver","floor":11,"turns":4},{"damage":18,"enemies":"Gremlin Gang","floor":14,"turns":3},{"damage":42,"enemies":"The Guardian","floor":16,"turns":12},{"damage":7,"enemies":"Shell Parasite","floor":18,"turns":10},{"damage":14,"enemies":"Chosen","floor":20,"turns":5},{"damage":38,"enemies":"Snecko","floor":21,"turns":5},{"damage":44,"enemies":"Gremlin Leader","floor":28,"turns":5},{"damage":21,"enemies":"Cultist and Chosen","floor":31,"turns":4}],"seed_played":"-8677723463050994721","potions_obtained":[{"floor":7,"key":"Strength Potion"},{"floor":11,"key":"Regen Potion"},{"floor":13,"key":"FairyPotion"},{"floor":13,"key":"Dexterity Potion"}],"is_trial":true,"path_per_floor":["M","M","?","?","M","R","E","R","T","M","M","$","?","M","R","B",null,"M","$","M","M","T","R","?","R","T","R","E","?","?","M"],"character_chosen":"DEFECT","items_purchased":["MealTicket","Loop"],"campfire_rested":0,"item_purchase_floors":[12,19],"current_hp_per_floor":[75,73,78,78,77,77,60,60,60,67,71,71,71,63,63,31,80,80,80,76,48,48,48,48,48,48,48,14,14,14,0],"gold":49,"neow_bonus":"","is_prod":false,"is_daily":false,"chose_seed":false,"campfire_upgraded":4,"win_rate":0,"timestamp":1562589935,"path_taken":["M","M","?","?","M","R","E","R","T","M","?","$","?","M","R","BOSS","M","$","M","M","?","R","?","R","T","R","E","?","?","M"],"build_version":"2019-07-05","purchased_purges":0,"victory":false,"max_hp_per_floor":[75,75,80,80,80,80,80,80,80,80,80,80,80,80,80,80,80,80,80,80,80,80,80,80,80,80,80,80,80,80,80],"card_choices":[{"not_picked":["Hologram","Force Field"],"picked":"Conserve Battery","floor":1},{"not_picked":["Auto Shields","Blizzard"],"picked":"Static Discharge","floor":2},{"not_picked":["Consume","Darkness","Sunder"],"picked":"SKIP","floor":5},{"not_picked":["Stack","Multi-Cast"],"picked":"Self Repair","floor":7},{"not_picked":["Reprogram","Stack","Rebound"],"picked":"SKIP","floor":10},{"not_picked":["Redo","Recycle","Tempest"],"picked":"SKIP","floor":11},{"not_picked":["Hello World","Rebound","Turbo"],"picked":"SKIP","floor":14},{"not_picked":["Core Surge","Thunder Strike"],"picked":"Seek","floor":16},{"not_picked":["Streamline","Leap"],"picked":"Static Discharge","floor":18},{"not_picked":["Reprogram+1","Hologram","Steam Power"],"picked":"SKIP","floor":20},{"not_picked":["Consume","Cold Snap","Stack"],"picked":"SKIP","floor":21},{"not_picked":["Conserve Battery+1","Scrape"],"picked":"Glacier+1","floor":28}],"player_experience":107594,"relics_obtained":[{"floor":7,"key":"Peace Pipe"},{"floor":9,"key":"Dodecahedron"},{"floor":22,"key":"Juzu Bracelet"},{"floor":26,"key":"Toxic Egg 2"},{"floor":28,"key":"Calipers"}],"event_choices":[{"damage_healed":0,"gold_gain":0,"player_choice":"Donut","damage_taken":0,"max_hp_gain":5,"max_hp_loss":0,"event_name":"Big Fish","floor":3,"gold_loss":0},{"damage_healed":0,"gold_gain":0,"player_choice":"Ignored","damage_taken":0,"max_hp_gain":0,"max_hp_loss":0,"event_name":"NoteForYourself","floor":4,"gold_loss":0},{"damage_healed":0,"gold_gain":0,"player_choice":"Got Potions","damage_taken":0,"max_hp_gain":0,"max_hp_loss":0,"event_name":"Lab","floor":13,"gold_loss":0},{"damage_healed":0,"gold_gain":0,"player_choice":"Simplicity","damage_taken":0,"max_hp_gain":0,"max_hp_loss":0,"event_name":"Back to Basics","floor":24,"gold_loss":0,"cards_upgraded":["Strike_B","Strike_B","Strike_B","Defend_B","Defend_B","Defend_B","Defend_B"]},{"damage_healed":0,"gold_gain":0,"player_choice":"Opened","damage_taken":0,"relics_obtained":["Centennial Puzzle"],"max_hp_gain":0,"max_hp_loss":0,"event_name":"The Mausoleum","floor":29,"gold_loss":0,"cards_obtained":["Writhe"]},{"damage_healed":0,"gold_gain":0,"player_choice":"Ignored","damage_taken":0,"max_hp_gain":0,"max_hp_loss":0,"event_name":"Cursed Tome","floor":30,"gold_loss":0}],"is_beta":false,"boss_relics":[{"not_picked":["Runic Dome","Velvet Choker"],"picked":"Ectoplasm"}],"items_purged_floors":[],"is_endless":true,"potions_floor_spawned":[7,11,14,16,18],"killed_by":"Cultist and Chosen","ascension_level":0}