{"gold_per_floor":[109,30,49,49,66,66,95,110,186,142,86,86,100,120,120,120],"floor_reached":16,"playtime":904,"items_purged":[],"score":204,"play_id":"71b24b42-c12d-4533-9335-5ad3701f7ac9","local_time":"20190713193131","is_ascension_mode":true,"campfire_choices":[{"data":"Dagger Spray","floor":6,"key":"SMITH"},{"floor":12,"key":"REST"},{"floor":15,"key":"REST"}],"neow_cost":"NONE","seed_source_timestamp":66571743757599,"circlet_count":0,"master_deck":["AscendersBane","Strike_G","Strike_G","Strike_G","Strike_G","Strike_G","Defend_G","Defend_G","Defend_G","Defend_G","Survivor","Neutralize","Backflip","Well Laid Plans","Dagger Spray+1","Deadly Poison","Noxious Fumes","Dodge and Roll","Calculated Gamble"],"relics":["Ring of the Snake","NeowsBlessing","Turnip","Darkstone Periapt"],"potions_floor_usage":[13,16],"damage_taken":[{"damage":0,"enemies":"2 Louse","floor":1,"turns":1},{"damage":0,"enemies":"Cultist","floor":3,"turns":1},{"damage":0,"enemies":"Jaw Worm","floor":5,"turns":1},{"damage":50,"enemies":"3 Sentries","floor":7,"turns":7},{"damage":6,"enemies":"2 Fungi Beasts","floor":8,"turns":3},{"damage":19,"enemies":"Exordium Wildlife","floor":13,"turns":5},{"damage":1,"enemies":"Blue Slaver","floor":14,"turns":4},{"damage":27,"enemies":"Hexaghost","floor":16,"turns":9}],"seed_played":"1284306181587320133","potions_obtained":[{"floor":3,"key":"FairyPotion"},{"floor":7,"key":"Swift Potion"},{"floor":14,"key":"FearPotion"}],"is_trial":false,"path_per_floor":["M","$","M","?","M","R","E","M","T","?","$","R","M","M","R","B"],"character_chosen":"THE_SILENT","items_purchased":["Well Laid Plans","Dodge and Roll"],"campfire_rested":2,"item_purchase_floors":[2,11],"current_hp_per_floor":[59,59,59,59,59,59,9,3,3,3,3,22,3,2,21,0],"gold":120,"neow_bonus":"THREE_ENEMY_KILL","is_prod":false,"is_daily":false,"chose_seed":false,"campfire_upgraded":1,"win_rate":0,"timestamp":1563017491,"path_taken":["M","$","M","?","?","R","E","M","T","?","$","R","M","M","R","BOSS"],"build_version":"2019-07-05","purchased_purges":0,"victory":false,"max_hp_per_floor":[66,66,66,66,66,66,66,66,66,66,66,66,66,66,66,66],"card_choices":[{"not_picked":["Flying Knee","Well Laid Plans"],"picked":"Backflip","floor":1},{"not_picked":["Finisher","Backstab"],"picked":"Dagger Spray","floor":3},{"not_picked":["Quick Slash","Slice"],"picked":"Deadly Poison","floor":5},{"not_picked":["Infinite Blades","Setup","Caltrops"],"picked":"SKIP","floor":7},{"not_picked":["Terror","Flechettes"],"picked":"Noxious Fumes","floor":8},{"not_picked":["Bane","Underhanded Strike","Flying Knee"],"picked":"SKIP","floor":13},{"not_picked":["Phantasmal Killer","Quick Slash"],"picked":"Calculated Gamble","floor":14}],"player_experience":763805,"relics_obtained":[{"floor":7,"key":"Turnip"},{"floor":9,"key":"Darkstone Periapt"}],"event_choices":[{"cards_removed":["Defend_G"],"damage_healed":0,"gold_gain":0,"player_choice":"Offered Basic","damage_taken":0,"max_hp_gain":0,"max_hp_loss":0,"event_name":"Bonfire Elementals","floor":4,"gold_loss":0},{"damage_healed":0,"gold_gain":0,"player_choice":"Left Gold","damage_taken":0,"max_hp_gain":0,"max_hp_loss":0,"event_name":"World of Goop","floor":10,"gold_loss":44}],"is_beta":false,"boss_relics":[],"items_purged_floors":[],"is_endless":false,"potions_floor_spawned":[3,7,14],"killed_by":"Hexaghost","ascension_level":20}