{"gold_per_floor":[119,119,133,133,133,143,172,184,184,184],"floor_reached":10,"playtime":258,"items_purged":[],"score":78,"play_id":"85a00cb0-251b-4284-bee2-4a5e20d53b20","local_time":"20190715172136","is_ascension_mode":true,"campfire_choices":[],"neow_cost":"NONE","seed_source_timestamp":369692009808800,"circlet_count":0,"master_deck":["Strike_B","Strike_B","Strike_B","Strike_B","Defend_B","Defend_B","Defend_B","Defend_B","Zap+1","Dualcast","BootSequence","Gash","Turbo"],"relics":["Cracked Core","NeowsBlessing","Ice Cream","Shuriken","Pantograph"],"potions_floor_usage":[10],"damage_taken":[{"damage":0,"enemies":"Small Slimes","floor":1,"turns":1},{"damage":0,"enemies":"2 Louse","floor":3,"turns":1},{"damage":0,"enemies":"Cultist","floor":6,"turns":1},{"damage":53,"enemies":"Lagavulin","floor":7,"turns":9},{"damage":16,"enemies":"Exordium Thugs","floor":8,"turns":4},{"damage":13,"enemies":"Large Slime","floor":10,"turns":2}],"seed_played":"561254505656133875","potions_obtained":[{"floor":6,"key":"SpeedPotion"}],"is_trial":false,"path_per_floor":["M","?","M","?","?","M","E","M","T","M"],"character_chosen":"DEFECT","items_purchased":[],"campfire_rested":0,"item_purchase_floors":[],"current_hp_per_floor":[75,75,75,50,75,75,22,6,6,0],"gold":184,"neow_bonus":"THREE_ENEMY_KILL","is_prod":false,"is_daily":false,"chose_seed":false,"campfire_upgraded":0,"win_rate":0,"timestamp":1563193296,"path_taken":["M","?","M","?","?","?","E","M","T","M"],"build_version":"2019-07-05","purchased_purges":0,"victory":false,"max_hp_per_floor":[75,75,75,75,75,75,75,75,75,75],"card_choices":[{"not_picked":["Turbo","Consume","Force Field"],"picked":"SKIP","floor":1},{"not_picked":["Sweeping Beam","Leap"],"picked":"BootSequence","floor":3},{"not_picked":["Hologram","Turbo"],"picked":"Gash","floor":6},{"not_picked":["Streamline","Reinforced Body","Barrage"],"picked":"SKIP","floor":7},{"not_picked":["White Noise","Leap"],"picked":"Turbo","floor":8}],"player_experience":134218,"relics_obtained":[{"floor":7,"key":"Shuriken"},{"floor":9,"key":"Pantograph"}],"event_choices":[{"damage_healed":0,"gold_gain":0,"player_choice":"Grow","damage_taken":0,"max_hp_gain":0,"max_hp_loss":0,"event_name":"Living Wall","floor":2,"gold_loss":0,"cards_upgraded":["Zap"]},{"damage_healed":0,"gold_gain":0,"player_choice":"Success","damage_taken":25,"relics_obtained":["Ice Cream"],"max_hp_gain":0,"max_hp_loss":0,"event_name":"Scrap Ooze","floor":4,"gold_loss":0},{"damage_healed":25,"gold_gain":0,"player_choice":"Full Heal","damage_taken":0,"max_hp_gain":0,"max_hp_loss":0,"event_name":"Wheel of Change","floor":5,"gold_loss":0}],"is_beta":false,"boss_relics":[],"items_purged_floors":[],"is_endless":false,"potions_floor_spawned":[6],"killed_by":"Large Slime","ascension_level":3}