{"gold_per_floor":[115,134,134,154,154,192,212,212,212,248,91,134,148,223,223,317,317,342,107,122,122,79,94,94,125,148,167,167],"floor_reached":28,"playtime":2102,"items_purged":["Strike_R","Strike_R"],"score":503,"play_id":"3d06e4ff-bf1e-42d1-9c70-0db35aa010ad","local_time":"20190729220709","is_ascension_mode":true,"campfire_choices":[{"floor":8.0,"key":"REST"},{"floor":15.0,"key":"REST"},{"data":"Shockwave","floor":24.0,"key":"SMITH"}],"neow_cost":"NONE","seed_source_timestamp":0,"circlet_count":0,"master_deck":["AscendersBane","Strike_R","Strike_R","Strike_R","Defend_R","Defend_R","Defend_R","Defend_R","Bash","Infernal Blade","Spot Weakness","Thunderclap","Flame Barrier","Cleave","Impervious","Sword Boomerang","Heavy Blade","Armaments","Warcry+1","Rampage","Clothesline","Intimidate","Shockwave+1","Shrug It Off","Doubt","Corruption"],"special_seed":0,"relics":["Burning Blood","Golden Idol","Shuriken","Unceasing Top","Du-Vu Doll","Regal Pillow","Cursed Key","Dream Catcher","Bronze Scales"],"potions_floor_usage":[28,28],"damage_taken":[{"damage":7.0,"enemies":"Cultist","floor":1.0,"turns":4.0},{"damage":0.0,"enemies":"2 Louse","floor":2.0,"turns":2.0},{"damage":9.0,"enemies":"Jaw Worm","floor":4.0,"turns":4.0},{"damage":34.0,"enemies":"3 Sentries","floor":6.0,"turns":7.0},{"damage":16.0,"enemies":"Blue Slaver","floor":7.0,"turns":3.0},{"damage":40.0,"enemies":"Lagavulin","floor":10.0,"turns":8.0},{"damage":8.0,"enemies":"3 Sentries","floor":12.0,"turns":5.0},{"damage":2.0,"enemies":"2 Fungi Beasts","floor":13.0,"turns":3.0},{"damage":56.0,"enemies":"Slime Boss","floor":16.0,"turns":9.0},{"damage":38.0,"enemies":"3 Byrds","floor":18.0,"turns":5.0},{"damage":16.0,"enemies":"2 Thieves","floor":20.0,"turns":4.0},{"damage":24.0,"enemies":"Snake Plant","floor":23.0,"turns":2.0},{"damage":49,"enemies":"Slavers","floor":25,"turns":5},{"damage":7,"enemies":"Snecko","floor":27,"turns":4},{"damage":45,"enemies":"Book of Stabbing","floor":28,"turns":5}],"seed_played":"-6626412683434300529","potions_obtained":[{"floor":0.0,"key":"BloodPotion"},{"floor":0.0,"key":"Ancient Potion"},{"floor":7.0,"key":"SpeedPotion"},{"floor":12.0,"key":"Energy Potion"},{"floor":13.0,"key":"SteroidPotion"}],"is_trial":false,"path_per_floor":["M","M","?","M","?","E","M","R","T","E","$","E","M","T","R","B",null,"M","$","M","?","$","M","R","E","T","M","E"],"character_chosen":"IRONCLAD","items_purchased":["Fire Potion","Sword Boomerang","Rampage","Explosive Potion","Intimidate"],"campfire_rested":2,"item_purchase_floors":[11,11,19,19,22],"current_hp_per_floor":[67,73,78,75,47,39,29,53,53,19,19,17,21,21,60,10,63,31,31,21,90,90,72,72,29,29,28,0],"gold":167,"neow_bonus":"THREE_SMALL_POTIONS","is_prod":false,"is_daily":false,"chose_seed":false,"campfire_upgraded":1,"win_rate":0,"timestamp":1564463229,"path_taken":["M","M","?","M","?","E","M","R","T","E","?","E","M","?","R","BOSS","M","$","M","?","?","M","R","E","T","?","E"],"build_version":"2019-07-17","purchased_purges":2,"victory":false,"max_hp_per_floor":[75,75,80,80,80,80,80,80,80,80,80,80,80,80,80,80,80,80,80,80,90,90,90,90,90,90,90,90],"card_choices":[{"not_picked":["Blood for Blood","Havoc"],"picked":"Infernal Blade","floor":1.0},{"not_picked":["Dropkick","Bloodletting"],"picked":"Spot Weakness","floor":2.0},{"not_picked":["Evolve","Sentinel"],"picked":"Thunderclap","floor":4.0},{"not_picked":["Twin Strike","Rampage"],"picked":"Flame Barrier","floor":6.0},{"not_picked":["Rampage","Shrug It Off"],"picked":"Cleave","floor":7.0},{"not_picked":["Carnage","Corruption"],"picked":"Impervious","floor":10.0},{"not_picked":["Perfected Strike","Hemokinesis"],"picked":"Heavy Blade","floor":12.0},{"not_picked":["Twin Strike","Iron Wave"],"picked":"Armaments","floor":13.0},{"not_picked":["Double Tap","Impervious"],"picked":"Juggernaut","floor":16.0},{"not_picked":["Perfected Strike+1","Entrench"],"picked":"Warcry+1","floor":18.0},{"not_picked":["Anger","Shrug It Off"],"picked":"Clothesline","floor":20.0},{"not_picked":["Pommel Strike","Reckless Charge"],"picked":"Shockwave","floor":23.0},{"not_picked":["Barricade","Brutality"],"picked":"Shrug It Off","floor":25},{"not_picked":["Whirlwind","Iron Wave"],"picked":"Corruption","floor":27}],"player_experience":580725,"relics_obtained":[{"floor":6.0,"key":"Shuriken"},{"floor":9.0,"key":"Unceasing Top"},{"floor":10.0,"key":"Du-Vu Doll"},{"floor":12.0,"key":"Regal Pillow"},{"floor":25,"key":"Dream Catcher"},{"floor":26,"key":"Bronze Scales"}],"event_choices":[{"damage_healed":0.0,"max_hp_gain":5.0,"max_hp_loss":0.0,"gold_gain":0.0,"event_name":"Big Fish","player_choice":"Donut","floor":3.0,"gold_loss":0.0,"damage_taken":0.0},{"damage_healed":0.0,"max_hp_gain":0.0,"max_hp_loss":0.0,"gold_gain":0.0,"event_name":"Golden Idol","player_choice":"Take Damage","floor":5.0,"gold_loss":0.0,"damage_taken":28.0,"relics_obtained":["Golden Idol"]},{"cards_removed":["Juggernaut"],"damage_healed":59.0,"max_hp_gain":10.0,"max_hp_loss":0.0,"gold_gain":0.0,"event_name":"Bonfire Elementals","player_choice":"Offered Rare","floor":21.0,"gold_loss":0.0,"damage_taken":0.0}],"is_beta":false,"boss_relics":[{"not_picked":["Black Star","Runic Pyramid"],"picked":"Cursed Key"}],"items_purged_floors":[11,19],"is_endless":false,"potions_floor_spawned":[7,10,12,13,20,25],"killed_by":"Book of Stabbing","ascension_level":19}