{"gold_per_floor":[119,135,135,60,25,25,59,73,100,125,125,125,125,125,125,228,228,244,256,256,355,355,386,386,414,414,414,433,451,461,479,479,479],"floor_reached":33,"playtime":1462,"items_purged":["Strike_R"],"score":360,"play_id":"86013526-91dd-4b05-9c22-ed4604aada38","local_time":"20181225210121","is_ascension_mode":true,"campfire_choices":[{"data":"Seeing Red","floor":6,"key":"SMITH"},{"data":"Inflame","floor":11,"key":"SMITH"},{"data":"Shockwave","floor":13,"key":"SMITH"},{"data":"Defend_R","floor":15,"key":"SMITH"},{"data":"Juggernaut","floor":24,"key":"SMITH"},{"data":"Shrug It Off","floor":27,"key":"SMITH"},{"data":"Fire Breathing","floor":32,"key":"SMITH"}],"neow_cost":"TEN_PERCENT_HP_LOSS","seed_source_timestamp":105281839302777,"circlet_count":0,"master_deck":["Strike_R","Strike_R+1","Strike_R","Strike_R+1","Defend_R+1","Defend_R+1","Defend_R","Bash","Inflame+1","Seeing Red+1","Power Through","Headbutt+1","Shockwave+1","Juggernaut+1","Dropkick","Shrug It Off+1","Heavy Blade","Anger","Dropkick","Fire Breathing+1","Cleave","Seeing Red+1","Armaments"],"relics":["Burning Blood","Mango","Lantern","Vajra","Whetstone","Bronze Scales","Runic Pyramid","Meat on the Bone","Bag of Marbles","Bottled Tornado"],"potions_floor_usage":[7,10,16,19,25,25,31,33],"damage_taken":[{"damage":8,"enemies":"Jaw Worm","floor":1,"turns":4},{"damage":0,"enemies":"Small Slimes","floor":2,"turns":4},{"damage":4,"enemies":"Gremlin Nob","floor":7,"turns":4},{"damage":0,"enemies":"2 Louse","floor":8,"turns":3},{"damage":17,"enemies":"3 Sentries","floor":10,"turns":7},{"damage":0,"enemies":"Slime Boss","floor":16,"turns":7},{"damage":0,"enemies":"Chosen","floor":18,"turns":3},{"damage":4,"enemies":"2 Thieves","floor":19,"turns":3},{"damage":28,"enemies":"Slavers","floor":23,"turns":5},{"damage":7,"enemies":"Book of Stabbing","floor":25,"turns":4},{"damage":11,"enemies":"Centurion and Healer","floor":28,"turns":4},{"damage":3,"enemies":"Snake Plant","floor":29,"turns":2},{"damage":6,"enemies":"Cultist and Chosen","floor":30,"turns":3},{"damage":1,"enemies":"Snecko","floor":31,"turns":3},{"damage":115,"enemies":"Automaton","floor":33,"turns":12}],"seed_played":"-6479658856095444110","potions_obtained":[{"floor":2,"key":"Block Potion"},{"floor":8,"key":"Explosive Potion"},{"floor":10,"key":"FearPotion"},{"floor":18,"key":"AttackPotion"},{"floor":19,"key":"SteroidPotion"},{"floor":23,"key":"FearPotion"},{"floor":29,"key":"Regen Potion"},{"floor":30,"key":"PowerPotion"}],"is_trial":false,"path_per_floor":["M","M","?","$","?","R","E","M","T","E","R","?","R","?","R","B",null,"M","M","?","?","?","E","R","E","T","R","M","M","M","M","R","B"],"character_chosen":"IRONCLAD","items_purchased":[],"campfire_rested":0,"item_purchase_floors":[],"current_hp_per_floor":[84,86,53,53,74,74,76,82,82,71,71,54,54,47,47,53,86,86,86,86,86,69,47,47,58,58,58,53,56,56,61,61,0],"gold":479,"neow_bonus":"ONE_RARE_RELIC","is_prod":false,"is_daily":false,"chose_seed":false,"campfire_upgraded":7,"win_rate":0,"timestamp":1545759081,"path_taken":["M","M","?","$","?","R","E","M","T","E","R","?","R","?","R","BOSS","M","M","?","?","?","E","R","E","T","R","M","M","M","M","R","BOSS"],"build_version":"2018-12-20","purchased_purges":1,"victory":false,"max_hp_per_floor":[86,86,86,86,86,86,86,86,86,86,86,86,86,86,86,86,86,86,86,86,86,91,91,91,91,91,91,91,91,91,91,91,91],"card_choices":[{"not_picked":["Clash","Evolve"],"picked":"Inflame","floor":1},{"not_picked":["Anger","Cleave"],"picked":"Seeing Red","floor":2},{"not_picked":["Clothesline","Feel No Pain"],"picked":"Power Through","floor":7},{"not_picked":["Seeing Red","Clothesline"],"picked":"Headbutt","floor":8},{"not_picked":["Second Wind","Entrench"],"picked":"Shockwave","floor":10},{"not_picked":["Exhume","Feed"],"picked":"Juggernaut","floor":16},{"not_picked":["Shrug It Off+1","Armaments"],"picked":"Dropkick","floor":18},{"not_picked":["True Grit","Carnage"],"picked":"Shrug It Off","floor":19},{"not_picked":["Headbutt","Pommel Strike"],"picked":"Anger","floor":23},{"not_picked":["Flame Barrier","Spot Weakness"],"picked":"Dropkick","floor":25},{"not_picked":["Clothesline","Headbutt"],"picked":"Fire Breathing","floor":28},{"not_picked":["Pommel Strike","Body Slam"],"picked":"Cleave","floor":29},{"not_picked":["Clothesline","Sword Boomerang"],"picked":"Seeing Red+1","floor":30},{"not_picked":["Clothesline+1","True Grit"],"picked":"Armaments","floor":31}],"player_experience":179005,"relics_obtained":[{"floor":7,"key":"Vajra"},{"floor":9,"key":"Whetstone"},{"floor":10,"key":"Bronze Scales"},{"floor":23,"key":"Meat on the Bone"},{"floor":25,"key":"Bag of Marbles"},{"floor":26,"key":"Bottled Tornado"}],"event_choices":[{"damage_healed":0,"gold_gain":0,"player_choice":"Success","damage_taken":33,"relics_obtained":["Lantern"],"max_hp_gain":0,"max_hp_loss":0,"event_name":"Scrap Ooze","floor":3,"gold_loss":0},{"damage_healed":21,"gold_gain":0,"player_choice":"Healed","damage_taken":0,"max_hp_gain":0,"max_hp_loss":0,"event_name":"The Cleric","floor":5,"gold_loss":35},{"damage_healed":0,"gold_gain":0,"player_choice":"Entered Light","damage_taken":17,"max_hp_gain":0,"max_hp_loss":0,"event_name":"Shining Light","floor":12,"gold_loss":0,"cards_upgraded":["Strike_R","Defend_R"]},{"cards_removed":["Defend_R"],"damage_healed":0,"gold_gain":0,"player_choice":"Card Removal","damage_taken":7,"max_hp_gain":0,"max_hp_loss":0,"event_name":"Golden Wing","floor":14,"gold_loss":0},{"damage_healed":0,"gold_gain":0,"player_choice":"Read","damage_taken":0,"max_hp_gain":0,"max_hp_loss":0,"event_name":"The Library","floor":20,"gold_loss":0,"cards_obtained":["Heavy Blade"]},{"damage_healed":0,"gold_gain":99,"player_choice":"Stole From Cult","damage_taken":0,"max_hp_gain":0,"max_hp_loss":0,"event_name":"Nest","floor":21,"gold_loss":0},{"damage_healed":0,"gold_gain":0,"player_choice":"Shed Blood","damage_taken":22,"max_hp_gain":5,"max_hp_loss":0,"event_name":"Forgotten Altar","floor":22,"gold_loss":0}],"is_beta":true,"boss_relics":[{"not_picked":["Eternal Feather","Lizard Tail"],"picked":"Runic Pyramid"}],"items_purged_floors":[4],"is_endless":false,"potions_floor_spawned":[2,8,10,18,19,23,29,30],"killed_by":"Automaton","ascension_level":1}