{"gold_per_floor":[117,133,148,73,89,89,103,103,173,348,363,382,41,75,75,75],"floor_reached":16,"playtime":4418,"items_purged":["Defend_R"],"score":104,"play_id":"afbdfa7c-a7cb-403e-8e51-c1ce96deae27","local_time":"20190514060537","is_ascension_mode":false,"campfire_choices":[{"data":"Metallicize","floor":6,"key":"SMITH"},{"data":"Bash","floor":8,"key":"SMITH"},{"floor":15,"key":"REST"}],"neow_cost":"NONE","seed_source_timestamp":0,"circlet_count":0,"master_deck":["Strike_R","Strike_R","Strike_R","Strike_R","Strike_R","Defend_R","Defend_R","Defend_R","Bash+1","Berserk","Dropkick","Metallicize+1","Berserk","Doubt","Inflame","Seeing Red","Shrug It Off"],"special_seed":0,"relics":["Burning Blood","Meat on the Bone","Champion Belt","Ginger"],"potions_floor_usage":[7,14,16],"damage_taken":[{"damage":7.0,"enemies":"Cultist","floor":1.0,"turns":4.0},{"damage":1.0,"enemies":"Jaw Worm","floor":2.0,"turns":3.0},{"damage":0.0,"enemies":"2 Louse","floor":3.0,"turns":3.0},{"damage":9.0,"enemies":"Large Slime","floor":5.0,"turns":6.0},{"damage":10,"enemies":"Blue Slaver","floor":7,"turns":4},{"damage":22,"enemies":"Red Slaver","floor":11,"turns":3},{"damage":27,"enemies":"Exordium Wildlife","floor":12,"turns":5},{"damage":39,"enemies":"3 Sentries","floor":14,"turns":14},{"damage":52,"enemies":"Hexaghost","floor":16,"turns":10}],"seed_played":"7206822285187925327","potions_obtained":[{"floor":1.0,"key":"SkillPotion"},{"floor":5,"key":"Weak Potion"},{"floor":12,"key":"SkillPotion"},{"floor":14,"key":"Dexterity Potion"}],"is_trial":false,"path_per_floor":["M","M","M","$","M","R","M","R","T","?","M","M","$","E","R","B"],"character_chosen":"IRONCLAD","items_purchased":["Champion Belt","Seeing Red"],"campfire_rested":1,"item_purchase_floors":[13,13],"current_hp_per_floor":[79,80,80,80,77,77,73,73,73,73,57,48,48,27,51,0],"gold":75,"neow_bonus":"ONE_RANDOM_RARE_CARD","is_prod":false,"is_daily":false,"chose_seed":false,"campfire_upgraded":2,"win_rate":0,"timestamp":1557801337,"path_taken":["M","?","M","$","M","R","M","R","T","?","M","M","$","E","R","BOSS"],"build_version":"2019-04-21","purchased_purges":1,"victory":false,"max_hp_per_floor":[80,80,80,80,80,80,80,80,80,80,80,80,80,80,80,80],"card_choices":[{"not_picked":["Evolve","Shrug It Off"],"picked":"Dropkick","floor":1.0},{"not_picked":["Clothesline","Dual Wield"],"picked":"Metallicize","floor":2.0},{"not_picked":["Flex","Perfected Strike","Sword Boomerang"],"picked":"SKIP","floor":3.0},{"not_picked":["Shrug It Off","Sword Boomerang"],"picked":"Berserk","floor":5},{"not_picked":["Body Slam","Heavy Blade","Sever Soul"],"picked":"SKIP","floor":7},{"not_picked":["Wild Strike","Flex","Body Slam"],"picked":"SKIP","floor":11},{"not_picked":["Perfected Strike","Pommel Strike"],"picked":"Inflame","floor":12},{"not_picked":["Sever Soul","Iron Wave"],"picked":"Shrug It Off","floor":14}],"player_experience":676856,"relics_obtained":[{"floor":9,"key":"Meat on the Bone"},{"floor":14,"key":"Ginger"}],"event_choices":[{"damage_healed":0,"gold_gain":175,"player_choice":"AGREE","damage_taken":0,"max_hp_gain":0,"max_hp_loss":0,"event_name":"Liars Game","floor":10,"gold_loss":0,"cards_obtained":["Doubt"]}],"is_beta":true,"boss_relics":[],"items_purged_floors":[4],"is_endless":false,"potions_floor_spawned":[1,5,12,14],"killed_by":"Hexaghost","ascension_level":0}