{"gold_per_floor":[115,131,131,131,62,62,95,95,95,110,110,110,129,148,73,73],"floor_reached":16,"playtime":439,"items_purged":["Poison Darts+1"],"score":125,"play_id":"40929b3c-7fdd-4327-8ac8-09fbd5457bd4","local_time":"20190729005505","is_ascension_mode":false,"campfire_choices":[{"data":"Poison Darts","floor":6,"key":"SMITH"},{"data":"Neutralize","floor":8,"key":"SMITH"}],"neow_cost":"NONE","seed_source_timestamp":514986349693400,"circlet_count":0,"master_deck":["Strike_G","Strike_G","Strike_G","Strike_G+1","Defend_G","Defend_G","Defend_G+1","Defend_G","Defend_G","Survivor","Neutralize+1","Backflip","Toxin Wave","ReplayTheSpireMod:Necrosis","Dodge and Roll"],"relics":["Ring of the Snake","NeowsBlessing","Potion Belt","Paper Crane"],"potions_floor_usage":[],"damage_taken":[{"damage":0,"enemies":"Jaw Worm","floor":1,"turns":1},{"damage":0,"enemies":"Cultist","floor":2,"turns":1},{"damage":0,"enemies":"3 Sentries","floor":7,"turns":2},{"damage":0,"enemies":"Small Slimes","floor":10,"turns":3},{"damage":0,"enemies":"2 Fungi Beasts","floor":13,"turns":3},{"damage":0,"enemies":"Exordium Wildlife","floor":14,"turns":5},{"damage":0,"enemies":"Looter","floor":16,"turns":1}],"seed_played":"7076425097576259871","potions_obtained":[{"floor":7,"key":"Energy Potion"},{"floor":14,"key":"FearPotion"}],"is_trial":false,"path_per_floor":["M","M","?","?","$","R","E","R","T","M","PTL","PTL","M","M","$","M"],"character_chosen":"THE_SILENT","items_purchased":["Poison Darts"],"campfire_rested":0,"item_purchase_floors":[5],"current_hp_per_floor":[70,70,56,49,49,49,49,49,49,49,49,49,49,49,49,49],"gold":73,"neow_bonus":"THREE_ENEMY_KILL","is_prod":false,"is_daily":false,"chose_seed":false,"campfire_upgraded":2,"win_rate":0,"timestamp":1564343705,"path_taken":["M","M","?","?","?","R","E","R","T","M","PTL","PTL","M","?","$","M"],"build_version":"2019-07-17","purchased_purges":1,"victory":false,"max_hp_per_floor":[70,70,70,70,70,70,70,70,70,70,70,70,70,70,70,70],"card_choices":[{"not_picked":["Blade Dance","Bane"],"picked":"Backflip","floor":1},{"not_picked":["Replay:Poison Smokescreen","Bane","Acrobatics"],"picked":"SKIP","floor":2},{"not_picked":["Heel Hook","Calculated Gamble","Masterful Stab"],"picked":"SKIP","floor":7},{"not_picked":["Cloak And Dagger","Caltrops"],"picked":"Toxin Wave","floor":10},{"not_picked":["Blur","Draining Mist"],"picked":"ReplayTheSpireMod:Necrosis","floor":13},{"not_picked":["Flying Knee","Caltrops"],"picked":"Dodge and Roll","floor":14}],"player_experience":166773,"relics_obtained":[{"floor":7,"key":"Potion Belt"},{"floor":9,"key":"Paper Crane"}],"event_choices":[{"damage_healed":0,"gold_gain":0,"player_choice":"Entered Light","damage_taken":14,"max_hp_gain":0,"max_hp_loss":0,"event_name":"Shining Light","floor":3,"gold_loss":0,"cards_upgraded":["Defend_G","Strike_G"]},{"cards_removed":["Strike_G"],"damage_healed":0,"gold_gain":0,"player_choice":"Card Removal","damage_taken":7,"max_hp_gain":0,"max_hp_loss":0,"event_name":"Golden Wing","floor":4,"gold_loss":0}],"is_beta":false,"boss_relics":[],"items_purged_floors":[15],"is_endless":false,"potions_floor_spawned":[7,14],"killed_by":"Looter","ascension_level":0}