{"gold_per_floor":[112,129,41,51,70,70,90,90,90,90,107,120,139,150,150,150],"floor_reached":16,"playtime":38417,"items_purged":[],"score":108,"play_id":"d644beb3-92a1-4588-a36d-4c86ec0fab14","local_time":"20181226162709","is_ascension_mode":true,"campfire_choices":[{"floor":6,"key":"REST"},{"data":"Cloak And Dagger","floor":8,"key":"SMITH"},{"data":"Backflip","floor":10,"key":"SMITH"},{"floor":15,"key":"REST"}],"neow_cost":"NONE","seed_source_timestamp":140067757098235,"circlet_count":0,"master_deck":["Defend_G","Defend_G","Defend_G","Defend_G","Defend_G","Strike_G","Strike_G","Strike_G","Strike_G","Strike_G","Survivor","Neutralize","Backflip+1","Sucker Punch","Infinite Blades","Cloak And Dagger+1","Deflect","Outmaneuver","Cloak And Dagger","Acrobatics","Accuracy","Noxious Fumes","Crippling Poison"],"relics":["Ring of the Snake","Ice Cream"],"potions_floor_usage":[12],"damage_taken":[{"damage":15,"enemies":"Jaw Worm","floor":1,"turns":7},{"damage":2,"enemies":"Cultist","floor":2,"turns":4},{"damage":13,"enemies":"Small Slimes","floor":4,"turns":4},{"damage":10,"enemies":"Red Slaver","floor":5,"turns":4},{"damage":17,"enemies":"Gremlin Gang","floor":7,"turns":5},{"damage":7,"enemies":"Exordium Wildlife","floor":11,"turns":6},{"damage":8,"enemies":"Exordium Thugs","floor":12,"turns":4},{"damage":6,"enemies":"Looter","floor":13,"turns":4},{"damage":9,"enemies":"2 Fungi Beasts","floor":14,"turns":4},{"damage":42,"enemies":"Slime Boss","floor":16,"turns":6}],"seed_played":"-4303213647482973684","potions_obtained":[{"floor":2,"key":"SteroidPotion"},{"floor":4,"key":"Weak Potion"},{"floor":5,"key":"GamblersBrew"},{"floor":11,"key":"Poison Potion"},{"floor":14,"key":"PowerPotion"}],"is_trial":false,"path_per_floor":["M","M","$","M","M","R","M","R","T","R","M","M","M","M","R","B"],"character_chosen":"THE_SILENT","items_purchased":["Infinite Blades","Cloak And Dagger"],"campfire_rested":2,"item_purchase_floors":[3,3],"current_hp_per_floor":[62,60,60,47,37,60,43,43,43,43,36,28,22,13,36,0],"gold":150,"neow_bonus":"TEN_PERCENT_HP_BONUS","is_prod":false,"is_daily":false,"chose_seed":false,"campfire_upgraded":2,"win_rate":0,"timestamp":1545829029,"path_taken":["M","M","$","M","M","R","M","R","T","R","M","M","M","M","R","BOSS"],"build_version":"2018-12-20","purchased_purges":0,"victory":false,"max_hp_per_floor":[77,77,77,77,77,77,77,77,77,77,77,77,77,77,77,77],"card_choices":[{"not_picked":["Dagger Spray","Dodge and Roll"],"picked":"Backflip","floor":1},{"not_picked":["Backstab","Quick Slash"],"picked":"Sucker Punch","floor":2},{"not_picked":["Terror","Dagger Spray"],"picked":"Deflect","floor":4},{"not_picked":["Prepared","Flying Knee"],"picked":"Outmaneuver","floor":5},{"not_picked":["PiercingWail","Concentrate"],"picked":"Cloak And Dagger","floor":7},{"not_picked":["Eviscerate","Expertise"],"picked":"Acrobatics","floor":11},{"not_picked":["Doppelganger","Escape Plan"],"picked":"Accuracy","floor":12},{"not_picked":["Dodge and Roll","Flying Knee"],"picked":"Noxious Fumes","floor":13},{"not_picked":["Deflect","Eviscerate"],"picked":"Crippling Poison","floor":14}],"player_experience":204392,"relics_obtained":[{"floor":9,"key":"Ice Cream"}],"event_choices":[],"is_beta":true,"boss_relics":[],"items_purged_floors":[],"is_endless":false,"potions_floor_spawned":[2,4,5,11,14],"killed_by":"Slime Boss","ascension_level":2}