{"gold_per_floor":[117,117,134,62,73,99,121,133,168,180,79,79,53,69,69,172,172,188,207,220,234,247,247,304,77,132,132,146,166,166,178,178,178],"floor_reached":33,"playtime":1618,"items_purged":["Bash"],"score":271,"play_id":"cde6f710-8d75-4adb-8783-a47fb6ad3196","local_time":"20190214003515","is_ascension_mode":false,"campfire_choices":[{"data":"Metallicize","floor":8,"key":"SMITH"},{"data":"Entrench","floor":10,"key":"SMITH"},{"data":"Infernal Blade","floor":12,"key":"SMITH"},{"data":"Shrug It Off","floor":15,"key":"SMITH"},{"data":"Flame Barrier","floor":23,"key":"SMITH"},{"data":"Rage","floor":27,"key":"SMITH"},{"data":"Inflame","floor":30,"key":"SMITH"},{"data":"Infernal Blade","floor":32,"key":"SMITH"}],"neow_cost":"PERCENT_DAMAGE","seed_source_timestamp":214989565825991,"circlet_count":0,"master_deck":["Strike_R","Strike_R","Strike_R","Strike_R","Strike_R","Defend_R","Defend_R","Defend_R","Defend_R","Inflame+1","Entrench+1","Metallicize+1","Uppercut","Headbutt","Shrug It Off+1","Infernal Blade+1","Shrug It Off","Cleave","Impervious","Infernal Blade+1","Shrug It Off+1","Disarm","Flame Barrier+1","Rage+1","Inflame+1","Seeing Red+1","Metallicize"],"special_seed":0,"relics":["Burning Blood","Mango","MawBank","Dream Catcher","Coffee Dripper","Tiny Chest","Bronze Scales","Centennial Puzzle"],"potions_floor_usage":[3,6,6,7,7,18,21,21,29,29],"damage_taken":[{"damage":0.0,"enemies":"Small Slimes","floor":1.0,"turns":3.0},{"damage":1,"enemies":"Cultist","floor":3,"turns":3},{"damage":3,"enemies":"Jaw Worm","floor":5,"turns":4},{"damage":28,"enemies":"3 Sentries","floor":6,"turns":9},{"damage":0,"enemies":"Looter","floor":7,"turns":4},{"damage":1,"enemies":"Exordium Wildlife","floor":14,"turns":4},{"damage":56,"enemies":"Slime Boss","floor":16,"turns":9},{"damage":1,"enemies":"Chosen","floor":18,"turns":4},{"damage":2,"enemies":"Spheric Guardian","floor":19,"turns":4},{"damage":35,"enemies":"3 Cultists","floor":20,"turns":7},{"damage":19,"enemies":"Sentry and Sphere","floor":21,"turns":6},{"damage":6,"enemies":"Centurion and Healer","floor":22,"turns":5},{"damage":14,"enemies":"Book of Stabbing","floor":24,"turns":7},{"damage":0,"enemies":"Chosen and Byrds","floor":28,"turns":5},{"damage":3,"enemies":"Snecko","floor":29,"turns":6},{"damage":7,"enemies":"Centurion and Healer","floor":31,"turns":4},{"damage":66,"enemies":"Champ","floor":33,"turns":18}],"seed_played":"-7980430748483830197","potions_obtained":[{"floor":1.0,"key":"EntropicBrew"},{"floor":5,"key":"Strength Potion"},{"floor":7,"key":"Ancient Potion"},{"floor":19,"key":"GamblersBrew"},{"floor":20,"key":"Explosive Potion"},{"floor":28,"key":"Energy Potion"}],"is_trial":false,"path_per_floor":["M","?","M","$","M","E","M","R","T","R","$","R","$","M","R","B",null,"M","M","M","M","M","R","E","$","T","R","M","M","R","M","R","B"],"character_chosen":"IRONCLAD","items_purchased":["Metallicize","Infernal Blade","Shrug It Off","Inflame","Bronze Scales"],"campfire_rested":0,"item_purchase_floors":[4,11,13,25,25],"current_hp_per_floor":[76,76,81,81,84,62,68,68,68,68,68,68,68,73,73,23,94,94,94,65,52,52,52,44,44,44,44,50,53,53,52,52,0],"gold":178,"neow_bonus":"ONE_RARE_RELIC","is_prod":false,"is_daily":false,"chose_seed":false,"campfire_upgraded":8,"win_rate":0,"timestamp":1550091915,"path_taken":["M","?","M","$","M","E","M","R","T","R","?","R","$","M","R","BOSS","M","M","M","M","M","R","E","$","T","R","M","M","R","M","R","BOSS"],"build_version":"2019-02-06","purchased_purges":1,"victory":false,"max_hp_per_floor":[94,94,94,94,94,94,94,94,94,94,94,94,94,94,94,94,94,94,94,94,94,94,94,94,94,94,94,94,94,94,94,94,94],"card_choices":[{"not_picked":["Headbutt","Intimidate"],"picked":"Inflame","floor":1.0},{"not_picked":["Second Wind","Iron Wave"],"picked":"Entrench","floor":3},{"not_picked":["Corruption","Fire Breathing"],"picked":"Uppercut","floor":5},{"not_picked":["Pommel Strike","Seeing Red"],"picked":"Headbutt","floor":6},{"not_picked":["Seeing Red","Uppercut"],"picked":"Shrug It Off","floor":7},{"not_picked":["Havoc","Clash"],"picked":"Cleave","floor":14},{"not_picked":["Juggernaut","Fiend Fire"],"picked":"Impervious","floor":16},{"not_picked":["Anger","Cleave"],"picked":"Infernal Blade","floor":18},{"not_picked":["Iron Wave","Carnage"],"picked":"Shrug It Off+1","floor":19},{"not_picked":["Havoc","Anger"],"picked":"Disarm","floor":20},{"not_picked":["True Grit","Shrug It Off","Wild Strike"],"picked":"SKIP","floor":21},{"not_picked":["Reckless Charge","Clothesline"],"picked":"Flame Barrier","floor":22},{"not_picked":["Combust+1","Searing Blow"],"picked":"Rage","floor":24},{"not_picked":["Searing Blow+1","Headbutt+1"],"picked":"Seeing Red+1","floor":28},{"not_picked":["Fire Breathing","Rampage","Flex"],"picked":"SKIP","floor":29},{"not_picked":["Havoc","Entrench"],"picked":"Metallicize","floor":31}],"player_experience":634828,"relics_obtained":[{"floor":6,"key":"MawBank"},{"floor":9,"key":"Dream Catcher"},{"floor":24,"key":"Tiny Chest"},{"floor":26,"key":"Centennial Puzzle"}],"event_choices":[{"damage_healed":0.0,"max_hp_gain":0.0,"max_hp_loss":0.0,"gold_gain":0.0,"event_name":"Upgrade Shrine","player_choice":"Upgraded","floor":2.0,"gold_loss":0.0,"damage_taken":0.0,"cards_upgraded":["Inflame"]}],"is_beta":true,"boss_relics":[{"not_picked":["Astrolabe","Pandora\u0027s Box"],"picked":"Coffee Dripper"}],"items_purged_floors":[11],"is_endless":false,"potions_floor_spawned":[1,5,7,19,20,28],"killed_by":"Champ","ascension_level":0}