{"gold_per_floor":[112,132,149,224,224,224,236,236,262,276,35,54,54,28,28,130,130,141,161],"floor_reached":19,"playtime":1001,"items_purged":[],"score":161,"play_id":"b0ef5042-6b64-4a5c-bffb-3eceea806189","local_time":"20190628184253","is_ascension_mode":false,"campfire_choices":[{"data":"Doom and Gloom","floor":6,"key":"SMITH"},{"floor":8,"key":"REST"},{"data":"Static Discharge","floor":13,"key":"SMITH"},{"data":"Multi-Cast","floor":15,"key":"SMITH"}],"neow_cost":"NONE","seed_source_timestamp":94082125592300,"circlet_count":0,"master_deck":["Strike_B","Strike_B","Strike_B","Defend_B","Defend_B","Defend_B","Defend_B","Zap","Dualcast","Barrage","Compile Driver","Doom and Gloom+1","Compile Driver","Static Discharge+1","Multi-Cast+1","Barrage","Conserve Battery","Redo","Electrodynamics","Compile Driver"],"relics":["FrozenCore","Strawberry"],"potions_floor_usage":[],"damage_taken":[{"damage":7,"enemies":"Small Slimes","floor":1,"turns":4},{"damage":11,"enemies":"Jaw Worm","floor":2,"turns":3},{"damage":1,"enemies":"Cultist","floor":3,"turns":3},{"damage":5,"enemies":"Looter","floor":7,"turns":3},{"damage":5,"enemies":"Gremlin Gang","floor":10,"turns":3},{"damage":0,"enemies":"3 Louse","floor":12,"turns":2},{"damage":30,"enemies":"Slime Boss","floor":16,"turns":6},{"damage":19,"enemies":"2 Thieves","floor":18,"turns":3},{"damage":20,"enemies":"Shell Parasite","floor":19,"turns":7}],"seed_played":"9025867021862675305","potions_obtained":[{"floor":2,"key":"EssenceOfSteel"},{"floor":3,"key":"Regen Potion"},{"floor":7,"key":"Block Potion"}],"is_trial":false,"path_per_floor":["M","M","M","?","?","R","M","R","T","M","$","M","R","$","R","B",null,"M","M"],"character_chosen":"DEFECT","items_purchased":["Static Discharge","Multi-Cast","Barrage","Redo"],"campfire_rested":1,"item_purchase_floors":[11,11,11,14],"current_hp_per_floor":[75,64,63,52,45,45,40,64,71,66,66,66,66,66,66,36,89,70,50],"gold":161,"neow_bonus":"TEN_PERCENT_HP_BONUS","is_prod":false,"is_daily":false,"chose_seed":false,"campfire_upgraded":3,"win_rate":0.0,"timestamp":1561729373,"path_taken":["M","M","M","?","?","R","M","R","T","M","?","M","R","$","R","BOSS","M","M"],"build_version":"2019-01-23","purchased_purges":0,"victory":false,"max_hp_per_floor":[82,82,82,82,82,82,82,82,89,89,89,89,89,89,89,89,89,89,89],"card_choices":[{"not_picked":["Steam","Storm"],"picked":"Barrage","floor":1},{"not_picked":["Hologram","Barrage"],"picked":"Compile Driver","floor":2},{"not_picked":["Hologram","Sunder"],"picked":"Doom and Gloom","floor":3},{"not_picked":["Rip and Tear","Steam"],"picked":"Compile Driver","floor":7},{"not_picked":["Steam","Recycle","White Noise"],"picked":"SKIP","floor":10},{"not_picked":["Double Energy","Sweeping Beam"],"picked":"Conserve Battery","floor":12},{"not_picked":["Fission","Meteor Strike"],"picked":"Electrodynamics","floor":16},{"not_picked":["Conserve Battery","Turbo"],"picked":"Compile Driver","floor":18},{"not_picked":["Undo","Recycle","Go for the Eyes"],"picked":"SKIP","floor":19}],"player_experience":34620,"relics_obtained":[{"floor":9,"key":"Strawberry"}],"event_choices":[{"damage_healed":0,"gold_gain":75,"player_choice":"Gather Gold","damage_taken":11,"max_hp_gain":0,"max_hp_loss":0,"event_name":"World of Goop","floor":4,"gold_loss":0},{"cards_removed":["Strike_B"],"damage_healed":0,"gold_gain":0,"player_choice":"Card Removal","damage_taken":7,"max_hp_gain":0,"max_hp_loss":0,"event_name":"Golden Wing","floor":5,"gold_loss":0}],"is_beta":false,"boss_relics":[{"not_picked":["Fusion Hammer","Runic Pyramid"],"picked":"FrozenCore"}],"items_purged_floors":[],"is_endless":false,"potions_floor_spawned":[2,3,7,12,19],"killed_by":"Shell Parasite","ascension_level":0}