{"gold_per_floor":[117,7,7,27,45,45,73,92,92,103,118,118,132,132,132,231,231,247,247,260,274,290,307,307,318,341,353,365,46,72,72,72,170,170,182,282,292,292,292],"floor_reached":39,"playtime":2271,"items_purged":["Pain","Defend_G"],"score":450,"play_id":"14634c3b-3d71-42ec-9061-06cb25d2a5ab","local_time":"20190107010855","is_ascension_mode":true,"campfire_choices":[{"data":"Regret","floor":6.0,"key":"PURGE"},{"floor":15.0,"key":"REST"},{"data":"Strike_G","floor":24,"key":"PURGE"},{"floor":27,"key":"REST"},{"floor":32,"key":"REST"}],"neow_cost":"CURSE","seed_source_timestamp":0,"circlet_count":0,"master_deck":["Defend_G","Defend_G","Defend_G","Strike_G","Strike_G","Survivor","Neutralize","Cloak And Dagger","Noxious Fumes","Backflip","Cloak And Dagger","Crippling Poison","Blur","Poisoned Stab","Blade Dance","Deflect","Infinite Blades","Crippling Poison","Well Laid Plans","Accuracy","A Thousand Cuts","Noxious Fumes","Shame","After Image","Deflect+1","Distraction+1","Dodge and Roll"],"special_seed":0,"relics":["Ring of the Snake","Peace Pipe","Kunai","Lizard Tail","MawBank","PreservedInsect","Shuriken","Ancient Tea Set","Astrolabe","Prayer Wheel"],"potions_floor_usage":[22,25,30,33],"damage_taken":[{"damage":4.0,"enemies":"2 Louse","floor":1.0,"turns":3.0},{"damage":3.0,"enemies":"Small Slimes","floor":4.0,"turns":4.0},{"damage":14.0,"enemies":"Cultist","floor":5.0,"turns":6.0},{"damage":23.0,"enemies":"3 Sentries","floor":7.0,"turns":12.0},{"damage":14.0,"enemies":"Gremlin Gang","floor":8.0,"turns":3.0},{"damage":3.0,"enemies":"3 Louse","floor":10.0,"turns":5.0},{"damage":0.0,"enemies":"2 Fungi Beasts","floor":11.0,"turns":3.0},{"damage":5.0,"enemies":"Blue Slaver","floor":13.0,"turns":4.0},{"damage":16.0,"enemies":"Hexaghost","floor":16.0,"turns":9.0},{"damage":22.0,"enemies":"Spheric Guardian","floor":18.0,"turns":6.0},{"damage":9.0,"enemies":"Chosen","floor":20.0,"turns":6.0},{"damage":23,"enemies":"Snake Plant","floor":21,"turns":7},{"damage":11,"enemies":"Centurion and Healer","floor":22,"turns":8},{"damage":18,"enemies":"Snecko","floor":23,"turns":7},{"damage":17,"enemies":"Snake Plant","floor":25,"turns":6},{"damage":30,"enemies":"Slavers","floor":30,"turns":5},{"damage":74,"enemies":"Collector","floor":33,"turns":11},{"damage":31,"enemies":"3 Shapes","floor":35,"turns":5},{"damage":21,"enemies":"Mind Bloom Boss Battle","floor":36,"turns":9},{"damage":35,"enemies":"Orb Walker","floor":37,"turns":6},{"damage":12,"enemies":"Jaw Worm Horde","floor":39,"turns":2}],"seed_played":"-370985814964803137","potions_obtained":[{"floor":7.0,"key":"Fire Potion"},{"floor":8.0,"key":"FearPotion"},{"floor":10.0,"key":"Swift Potion"},{"floor":11.0,"key":"Energy Potion"},{"floor":13.0,"key":"Poison Potion"},{"floor":21,"key":"Strength Potion"},{"floor":23,"key":"Energy Potion"},{"floor":25,"key":"Poison Potion"},{"floor":30,"key":"SpeedPotion"},{"floor":35,"key":"PowerPotion"}],"is_trial":false,"path_per_floor":["M","$","?","M","M","R","E","M","T","M","M","?","M","?","R","B",null,"M","?","M","M","M","M","R","M","T","R","?","$","E","?","R","B",null,"M","?","M","?","M"],"character_chosen":"THE_SILENT","items_purchased":["Noxious Fumes","A Thousand Cuts","PreservedInsect"],"campfire_rested":3,"item_purchase_floors":[2,29,29],"current_hp_per_floor":[80,80,80,77,63,63,40,26,26,23,23,44,39,32,56,40,81,59,91,82,59,48,30,30,13,13,40,40,40,10,10,37,13,91,60,39,4,4,0],"gold":292,"neow_bonus":"TWENTY_PERCENT_HP_BONUS","is_prod":false,"is_daily":false,"chose_seed":false,"campfire_upgraded":0,"win_rate":0,"timestamp":1546810735,"path_taken":["M","$","?","M","M","R","E","M","T","M","M","?","M","?","R","BOSS","M","?","?","?","M","M","R","M","T","R","?","$","E","?","R","BOSS","M","?","M","?","?"],"build_version":"2019-01-03v4","purchased_purges":2,"victory":false,"max_hp_per_floor":[84,84,84,84,84,84,84,84,84,84,84,84,84,81,81,81,81,81,91,91,91,91,91,91,91,91,91,91,91,91,91,91,91,91,91,91,91,91,91],"card_choices":[{"not_picked":["Bane","Endless Agony"],"picked":"Cloak And Dagger","floor":1.0},{"not_picked":["Escape Plan","Dagger Spray"],"picked":"Backflip","floor":4.0},{"not_picked":["Bane","Sucker Punch"],"picked":"Cloak And Dagger","floor":5.0},{"not_picked":["Dodge and Roll","Caltrops"],"picked":"Crippling Poison","floor":7.0},{"not_picked":["Setup","Deflect"],"picked":"Blur","floor":8.0},{"not_picked":["Flying Knee","Predator"],"picked":"Poisoned Stab","floor":10.0},{"not_picked":["Underhanded Strike","Poisoned Stab"],"picked":"Blade Dance","floor":11.0},{"not_picked":["Bane","All Out Attack"],"picked":"Deflect","floor":13.0},{"not_picked":["Bullet Time","Night Terror"],"picked":"Glass Knife","floor":16.0},{"not_picked":["Distraction","Bane"],"picked":"Infinite Blades","floor":18.0},{"not_picked":["Noxious Fumes","Deflect"],"picked":"Crippling Poison","floor":20.0},{"not_picked":["Infinite Blades","Underhanded Strike+1"],"picked":"Well Laid Plans","floor":21},{"not_picked":["Flying Knee","Dagger Throw","Dodge and Roll+1"],"picked":"SKIP","floor":22},{"not_picked":["Outmaneuver","Riddle With Holes","Dodge and Roll+1"],"picked":"SKIP","floor":23},{"not_picked":["Underhanded Strike+1","Deflect"],"picked":"Accuracy","floor":25},{"not_picked":["PiercingWail+1","Burst"],"picked":"Noxious Fumes","floor":30},{"not_picked":["Die Die Die","Phantasmal Killer"],"picked":"After Image","floor":33},{"not_picked":["Cloak And Dagger","Blade Dance","Underhanded Strike"],"picked":"SKIP","floor":35},{"not_picked":["Backflip","Riddle With Holes+1","PiercingWail+1"],"picked":"SKIP","floor":37},{"not_picked":["Prepared","Poisoned Stab","Bouncing Flask"],"picked":"SKIP","floor":37}],"player_experience":308277,"relics_obtained":[{"floor":7.0,"key":"Kunai"},{"floor":26,"key":"MawBank"},{"floor":30,"key":"Shuriken"},{"floor":36,"key":"Prayer Wheel"}],"event_choices":[{"damage_healed":0.0,"max_hp_gain":0.0,"max_hp_loss":0.0,"gold_gain":0.0,"event_name":"Big Fish","player_choice":"Box","floor":3.0,"gold_loss":0.0,"damage_taken":0.0,"relics_obtained":["Peace Pipe"],"cards_obtained":["Regret"]},{"damage_healed":21.0,"max_hp_gain":0.0,"max_hp_loss":0.0,"gold_gain":0.0,"event_name":"Mushrooms","player_choice":"Healed and dodged fight","floor":12.0,"gold_loss":0.0,"damage_taken":0.0,"cards_obtained":["Parasite"]},{"cards_removed":["Parasite"],"damage_healed":0.0,"max_hp_gain":0.0,"max_hp_loss":0.0,"gold_gain":0.0,"event_name":"Golden Wing","player_choice":"Card Removal","floor":14.0,"gold_loss":0.0,"damage_taken":7.0},{"cards_removed":["Glass Knife"],"damage_healed":22.0,"max_hp_gain":10.0,"max_hp_loss":0.0,"gold_gain":0.0,"event_name":"Bonfire Elementals","player_choice":"Offered Rare","floor":19.0,"gold_loss":0.0,"damage_taken":0.0},{"damage_healed":0,"gold_gain":0,"player_choice":"Ignored","damage_taken":0,"max_hp_gain":0,"max_hp_loss":0,"event_name":"Ghosts","floor":28,"gold_loss":0},{"damage_healed":0,"gold_gain":0,"player_choice":"Stole Relic","damage_taken":0,"relics_obtained":["Ancient Tea Set"],"max_hp_gain":0,"max_hp_loss":0,"event_name":"Addict","floor":31,"gold_loss":0,"cards_obtained":["Shame"]},{"damage_healed":0,"gold_gain":0,"player_choice":"Fight","damage_taken":0,"max_hp_gain":0,"max_hp_loss":0,"event_name":"MindBloom","floor":36,"gold_loss":0},{"damage_healed":0,"gold_gain":0,"cards_transformed":["Flechettes"],"player_choice":"Transformed","damage_taken":0,"max_hp_gain":0,"max_hp_loss":0,"event_name":"Transmorgrifier","floor":38,"gold_loss":0,"cards_obtained":["Dodge and Roll"]}],"is_beta":true,"boss_relics":[{"not_picked":["Ectoplasm","WristBlade"],"picked":"Lizard Tail"},{"not_picked":["Calling Bell","Coffee Dripper"],"picked":"Astrolabe"}],"items_purged_floors":[2,29],"is_endless":false,"potions_floor_spawned":[7,8,10,11,13,21,23,25,30,35],"killed_by":"Jaw Worm Horde","ascension_level":1}