{"gold_per_floor":[110,285,235,235,235,235,262,72,72,3,3,21,21,31,31,129,129,146,146,146,146,0,0,33,45,45,7,19,32,32,47,47,47],"floor_reached":33,"playtime":1265,"items_purged":["Regret"],"score":274,"play_id":"9c6da290-7cdf-498e-b1f4-ead54e1013e3","local_time":"20181226165127","is_ascension_mode":true,"campfire_choices":[{"data":"Defend_R","floor":6,"key":"SMITH"},{"floor":11,"key":"REST"},{"data":"Uppercut","floor":13,"key":"SMITH"},{"floor":15,"key":"REST"},{"data":"Demon Form","floor":23,"key":"SMITH"},{"floor":30,"key":"REST"},{"floor":32,"key":"REST"}],"neow_cost":"TEN_PERCENT_HP_LOSS","seed_source_timestamp":176884449199259,"circlet_count":0,"master_deck":["Strike_R+1","Strike_R+1","Strike_R+1","Strike_R+1","Strike_R+1","Defend_R+1","Defend_R+1","Defend_R+1","Defend_R+1","Bash","Cleave","Berserk","Flame Barrier","Infernal Blade","Pummel","Inflame","Uppercut+1","Flex","Demon Form+1","Havoc+1","Power Through","Dropkick","Brutality","Disarm","Hemokinesis+1","Infernal Blade","Shrug It Off","Sword Boomerang+1"],"relics":["Burning Blood","Thread and Needle","Charon\u0027s Ashes","Darkstone Periapt","Shuriken","Mercury Hourglass","Sozu","MutagenicStrength","Turnip","Molten Egg 2"],"potions_floor_usage":[18,24],"damage_taken":[{"damage":0,"enemies":"Small Slimes","floor":1,"turns":3},{"damage":70,"enemies":"Lagavulin","floor":7,"turns":10},{"damage":2,"enemies":"Jaw Worm","floor":12,"turns":2},{"damage":0,"enemies":"2 Louse","floor":14,"turns":1},{"damage":5,"enemies":"Slime Boss","floor":16,"turns":7},{"damage":6,"enemies":"Shell Parasite","floor":18,"turns":3},{"damage":28,"enemies":"Slavers","floor":24,"turns":3},{"damage":0,"enemies":"Spheric Guardian","floor":25,"turns":2},{"damage":8,"enemies":"Shelled Parasite and Fungi","floor":28,"turns":5},{"damage":41,"enemies":"Snake Plant","floor":29,"turns":3},{"damage":27,"enemies":"Snecko","floor":31,"turns":4},{"damage":46,"enemies":"Champ","floor":33,"turns":6}],"seed_played":"-1367813309086201003","potions_obtained":[{"floor":1,"key":"FearPotion"},{"floor":16,"key":"Swift Potion"}],"is_trial":false,"path_per_floor":["M","?","?","?","T","R","E","$","T","$","R","M","R","M","R","B",null,"M","?","?","?","$","R","E","M","T","$","M","M","R","M","R","B"],"character_chosen":"IRONCLAD","items_purchased":["Flame Barrier","Infernal Blade","Pummel","Inflame","Dropkick","Hemokinesis+1"],"campfire_rested":4,"item_purchase_floors":[8,8,8,10,22,27],"current_hp_per_floor":[72,72,72,72,72,72,8,8,8,8,29,33,33,39,60,61,72,72,72,72,72,72,72,50,56,56,56,54,19,40,19,40,0],"gold":47,"neow_bonus":"ONE_RARE_RELIC","is_prod":false,"is_daily":false,"chose_seed":false,"campfire_upgraded":3,"win_rate":0,"timestamp":1545830487,"path_taken":["M","?","?","?","?","R","E","$","T","$","R","?","R","M","R","BOSS","M","?","?","?","?","R","E","M","T","$","M","M","R","M","R","BOSS"],"build_version":"2018-12-20","purchased_purges":1,"victory":false,"max_hp_per_floor":[72,72,72,72,72,72,72,72,72,72,72,72,72,72,72,72,72,72,72,72,72,72,72,72,72,72,72,72,72,72,72,72,72],"card_choices":[{"not_picked":["Body Slam","Feel No Pain"],"picked":"Cleave","floor":1},{"not_picked":["Headbutt","Juggernaut"],"picked":"Berserk","floor":7},{"not_picked":["Dual Wield","Reckless Charge"],"picked":"Uppercut","floor":12},{"not_picked":["Clothesline","Clash"],"picked":"Flex","floor":14},{"not_picked":["Offering","Exhume"],"picked":"Demon Form","floor":16},{"not_picked":["Flex+1","Perfected Strike"],"picked":"Havoc+1","floor":18},{"not_picked":["Entrench","Cleave"],"picked":"Brutality","floor":24},{"not_picked":["Shrug It Off","Dual Wield"],"picked":"Disarm","floor":25},{"not_picked":["Armaments+1","Iron Wave+1"],"picked":"Infernal Blade","floor":28},{"not_picked":["Intimidate","Iron Wave+1"],"picked":"Shrug It Off","floor":29},{"not_picked":["Shrug It Off","Perfected Strike+1"],"picked":"Sword Boomerang+1","floor":31}],"player_experience":242809,"relics_obtained":[{"floor":5,"key":"Darkstone Periapt"},{"floor":7,"key":"Shuriken"},{"floor":9,"key":"Mercury Hourglass"},{"floor":24,"key":"Turnip"},{"floor":26,"key":"Molten Egg 2"}],"event_choices":[{"damage_healed":0,"gold_gain":175,"player_choice":"AGREE","damage_taken":0,"max_hp_gain":0,"max_hp_loss":0,"event_name":"Liars Game","floor":2,"gold_loss":0,"cards_obtained":["Doubt"]},{"cards_removed":["Doubt"],"damage_healed":0,"gold_gain":0,"player_choice":"Card Removal","damage_taken":0,"max_hp_gain":0,"max_hp_loss":0,"event_name":"The Cleric","floor":3,"gold_loss":50},{"damage_healed":0,"gold_gain":0,"player_choice":"Box","damage_taken":0,"relics_obtained":["Charon\u0027s Ashes"],"max_hp_gain":0,"max_hp_loss":0,"event_name":"Big Fish","floor":4,"gold_loss":0,"cards_obtained":["Regret"]},{"damage_healed":0,"gold_gain":0,"player_choice":"Simplicity","damage_taken":0,"max_hp_gain":0,"max_hp_loss":0,"event_name":"Back to Basics","floor":19,"gold_loss":0,"cards_upgraded":["Strike_R","Strike_R","Strike_R","Strike_R","Strike_R","Defend_R","Defend_R","Defend_R"]},{"damage_healed":0,"gold_gain":0,"player_choice":"Inject Mutagens","damage_taken":0,"relics_obtained":["MutagenicStrength"],"max_hp_gain":0,"max_hp_loss":0,"event_name":"Drug Dealer","floor":20,"gold_loss":0},{"damage_healed":0,"gold_gain":0,"player_choice":"Read","damage_taken":0,"max_hp_gain":0,"max_hp_loss":0,"event_name":"The Library","floor":21,"gold_loss":0,"cards_obtained":["Power Through"]}],"is_beta":true,"boss_relics":[{"not_picked":["Black Blood","Runic Cube"],"picked":"Sozu"}],"items_purged_floors":[22],"is_endless":false,"potions_floor_spawned":[1,16,24,28],"killed_by":"Champ","ascension_level":1}