{"gold_per_floor":[114,189,189,139,150,164,195,12,12,23,23,23,55,68,68,167,167,187,187],"floor_reached":19,"playtime":693,"items_purged":[],"score":186,"play_id":"d960d556-5ea7-46aa-817b-6b57623baa84","local_time":"20181110202422","is_ascension_mode":true,"campfire_choices":[{"data":"Apotheosis","floor":12,"key":"SMITH"},{"data":"Limit Break","floor":15,"key":"SMITH"}],"neow_cost":"TEN_PERCENT_HP_LOSS","seed_source_timestamp":3477762680033,"circlet_count":0,"master_deck":["Strike_R","Strike_R","Strike_R","Defend_R","Defend_R","Defend_R","Bash","Hemokinesis","Blood for Blood","Flex","Pommel Strike","Apotheosis+1","Twin Strike","Limit Break+1","Rage","Berserk","Inflame"],"relics":["Burning Blood","Question Card","Ancient Tea Set","Vajra","Potion Belt","Philosopher\u0027s Stone"],"potions_floor_usage":[7,13],"damage_taken":[{"damage":0,"enemies":"2 Louse","floor":1,"turns":3},{"damage":14,"enemies":"Jaw Worm","floor":5,"turns":2},{"damage":3,"enemies":"Small Slimes","floor":6,"turns":3},{"damage":11,"enemies":"Gremlin Nob","floor":7,"turns":3},{"damage":6,"enemies":"Looter","floor":10,"turns":3},{"damage":20,"enemies":"Lagavulin","floor":13,"turns":3},{"damage":7,"enemies":"2 Fungi Beasts","floor":14,"turns":3},{"damage":32,"enemies":"The Guardian","floor":16,"turns":6},{"damage":2,"enemies":"Chosen","floor":18,"turns":3},{"damage":74,"enemies":"3 Byrds","floor":19,"turns":3}],"seed_played":"74724739293425183","potions_obtained":[{"floor":1,"key":"LiquidBronze"},{"floor":10,"key":"AttackPotion"}],"is_trial":false,"path_per_floor":["M","?","?","?","M","M","E","$","T","M","$","R","E","M","R","B",null,"M","M"],"character_chosen":"IRONCLAD","items_purchased":["Apotheosis"],"campfire_rested":0,"item_purchase_floors":[8],"current_hp_per_floor":[72,61,58,58,50,53,48,48,48,48,48,48,34,33,33,7,72,72,0],"gold":187,"neow_bonus":"REMOVE_TWO","is_prod":false,"is_daily":false,"chose_seed":false,"campfire_upgraded":2,"win_rate":0,"timestamp":1541868862,"path_taken":["M","?","?","?","M","M","E","$","T","M","$","R","E","M","R","BOSS","M","M"],"build_version":"2018-11-08","purchased_purges":0,"victory":false,"max_hp_per_floor":[72,72,72,72,72,72,72,72,72,72,72,72,72,72,72,72,72,72,72],"card_choices":[{"not_picked":["Armaments","Sever Soul"],"picked":"Hemokinesis","floor":1},{"not_picked":["Pommel Strike","Iron Wave","Warcry"],"picked":"Blood for Blood","floor":5},{"not_picked":["Feel No Pain","True Grit","Metallicize"],"picked":"Flex","floor":6},{"not_picked":["Wild Strike","Cleave","Feel No Pain"],"picked":"Pommel Strike","floor":7},{"not_picked":["Corruption","Pommel Strike","Sword Boomerang"],"picked":"Twin Strike","floor":10},{"not_picked":["Warcry","Pummel","Wild Strike"],"picked":"Limit Break","floor":13},{"not_picked":["Clash","Perfected Strike","Uppercut"],"picked":"Rage","floor":14},{"not_picked":["Dark Embrace","Impervious","Barricade"],"picked":"Berserk","floor":16},{"not_picked":["Ghostly Armor","Clothesline","Shrug It Off"],"picked":"Inflame","floor":18}],"player_experience":147325,"relics_obtained":[{"floor":7,"key":"Ancient Tea Set"},{"floor":9,"key":"Vajra"},{"floor":13,"key":"Potion Belt"}],"event_choices":[{"damage_healed":0,"gold_gain":75,"player_choice":"Gather Gold","damage_taken":11,"max_hp_gain":0,"max_hp_loss":0,"event_name":"World of Goop","floor":2,"gold_loss":0},{"damage_healed":0,"gold_gain":0,"player_choice":"Success","damage_taken":3,"relics_obtained":["Question Card"],"max_hp_gain":0,"max_hp_loss":0,"event_name":"Scrap Ooze","floor":3,"gold_loss":0},{"cards_removed":["Strike_R"],"damage_healed":0,"gold_gain":0,"player_choice":"Card Removal","damage_taken":0,"max_hp_gain":0,"max_hp_loss":0,"event_name":"The Cleric","floor":4,"gold_loss":50}],"is_beta":true,"boss_relics":[{"not_picked":["Mark of Pain","Black Star"],"picked":"Philosopher\u0027s Stone"}],"items_purged_floors":[],"is_endless":false,"potions_floor_spawned":[1,10],"killed_by":"3 Byrds","ascension_level":1}