{"gold_per_floor":[114,128,128,146,111,111,143,143,143,143,143,3,3,14,14,92,92,108,122,132,132,159,159,185,198,244,256,288,288,288,301,301,301],"floor_reached":33,"playtime":4381,"items_purged":[],"score":605,"play_id":"1d7a3ff2-e1ec-43c6-9484-02894da7144f","local_time":"20190731171350","is_ascension_mode":true,"campfire_choices":[{"data":"Quick Slash","floor":6.0,"key":"SMITH"},{"data":"Noxious Fumes","floor":8.0,"key":"SMITH"},{"data":"Neutralize","floor":11.0,"key":"SMITH"},{"data":"Cloak And Dagger","floor":13.0,"key":"SMITH"},{"data":"Predator","floor":15.0,"key":"SMITH"},{"floor":23.0,"key":"REST"},{"floor":30.0,"key":"REST"},{"floor":32.0,"key":"REST"}],"neow_cost":"NONE","seed_source_timestamp":0,"circlet_count":0,"master_deck":["AscendersBane","Strike_G","Strike_G","Strike_G","Strike_G","Defend_G","Defend_G","Defend_G","Defend_G","Defend_G","Survivor","Neutralize+1","Noxious Fumes+1","Leg Sweep","Quick Slash+1","Infinite Blades","Cloak And Dagger+1","Predator+1","Night Terror","Footwork","Dodge and Roll","Backflip","Ghostly","Ghostly","Ghostly","Dodge and Roll","Acrobatics","Parasite","Deadly Poison","Venomology","Prepared"],"special_seed":0,"relics":["Ring of the Snake","Question Card","Mummified Hand","Cursed Key","Red Mask","Strawberry","Anchor","Pantograph"],"potions_floor_usage":[33,33],"damage_taken":[{"damage":3.0,"enemies":"Jaw Worm","floor":1.0,"turns":5.0},{"damage":6.0,"enemies":"Small Slimes","floor":2.0,"turns":5.0},{"damage":0.0,"enemies":"Cultist","floor":4.0,"turns":4.0},{"damage":36.0,"enemies":"Gremlin Nob","floor":7.0,"turns":6.0},{"damage":9.0,"enemies":"Blue Slaver","floor":14.0,"turns":4.0},{"damage":20.0,"enemies":"Hexaghost","floor":16.0,"turns":11.0},{"damage":14.0,"enemies":"Shell Parasite","floor":18.0,"turns":6.0},{"damage":16.0,"enemies":"Spheric Guardian","floor":19.0,"turns":6.0},{"damage":6.0,"enemies":"Centurion and Healer","floor":20.0,"turns":8.0},{"damage":19.0,"enemies":"Masked Bandits","floor":22.0,"turns":6.0},{"damage":5.0,"enemies":"Book of Stabbing","floor":24.0,"turns":7.0},{"damage":3.0,"enemies":"Snake Plant","floor":25.0,"turns":6.0},{"damage":12.0,"enemies":"3 Cultists","floor":27.0,"turns":6.0},{"damage":0.0,"enemies":"Gremlin Leader","floor":28.0,"turns":6.0},{"damage":17.0,"enemies":"Chosen and Byrds","floor":31.0,"turns":8.0},{"damage":56,"enemies":"Champ","floor":33,"turns":16}],"seed_played":"6688947080031404343","potions_obtained":[{"floor":1.0,"key":"Energy Potion"},{"floor":20.0,"key":"AttackPotion"},{"floor":22.0,"key":"Energy Potion"},{"floor":24.0,"key":"Swift Potion"},{"floor":25.0,"key":"Fruit Juice"}],"is_trial":false,"path_per_floor":["M","M","?","M","?","R","E","R","T","?","R","$","R","M","R","B",null,"M","M","M","?","?","R","E","M","T","M","E","?","R","M","R","B"],"character_chosen":"THE_SILENT","items_purchased":["Infinite Blades","Cloak And Dagger"],"campfire_rested":3,"item_purchase_floors":[12,12],"current_hp_per_floor":[62,56,61,61,77,77,41,41,41,41,41,41,41,32,32,12,61,47,31,25,25,6,17,19,16,16,9,9,9,24,7,22,0],"gold":301,"neow_bonus":"TEN_PERCENT_HP_BONUS","is_prod":false,"is_daily":false,"chose_seed":false,"campfire_upgraded":5,"win_rate":0,"timestamp":1564607630,"path_taken":["M","M","?","M","?","R","E","R","T","?","R","$","R","M","R","BOSS","M","?","M","?","?","R","E","M","T","M","E","?","R","M","R","BOSS"],"build_version":"2019-07-17","purchased_purges":0,"victory":false,"max_hp_per_floor":[72,72,77,77,77,77,77,77,77,77,77,77,77,77,77,77,77,77,77,77,38,38,38,45,45,45,50,50,50,50,50,50,50],"card_choices":[{"not_picked":["Expertise","Dagger Throw"],"picked":"Noxious Fumes","floor":1.0},{"not_picked":["Calculated Gamble","Heel Hook"],"picked":"Leg Sweep","floor":2.0},{"not_picked":["PiercingWail","Slice"],"picked":"Quick Slash","floor":4.0},{"not_picked":["Deflect","Underhanded Strike","Tools of the Trade"],"picked":"SKIP","floor":7.0},{"not_picked":["Backstab","Quick Slash","Dagger Spray"],"picked":"Predator","floor":14.0},{"not_picked":["Envenom","Tools of the Trade","Grand Finale"],"picked":"Night Terror","floor":16.0},{"not_picked":["Calculated Gamble","Dagger Throw","All Out Attack"],"picked":"Footwork","floor":18.0},{"not_picked":["Escape Plan","Skewer","Acrobatics"],"picked":"Dodge and Roll","floor":19.0},{"not_picked":["Slice","Underhanded Strike","Bane"],"picked":"Backflip","floor":20.0},{"not_picked":["Heel Hook","Dagger Throw+1","Predator"],"picked":"Dodge and Roll","floor":24.0},{"not_picked":["Tools of the Trade","Flying Knee","Deflect"],"picked":"Acrobatics","floor":25.0},{"not_picked":["Sucker Punch","Deflect","Flying Knee"],"picked":"Deadly Poison","floor":27.0},{"not_picked":["Concentrate","Blade Dance+1","Endless Agony+1"],"picked":"Venomology","floor":28.0},{"not_picked":["Sucker Punch","Flying Knee","Riddle With Holes+1"],"picked":"Prepared","floor":31.0}],"player_experience":919370,"relics_obtained":[{"floor":7.0,"key":"Question Card"},{"floor":9.0,"key":"Mummified Hand"},{"floor":22.0,"key":"Red Mask"},{"floor":24.0,"key":"Strawberry"},{"floor":26.0,"key":"Anchor"},{"floor":28.0,"key":"Pantograph"}],"event_choices":[{"damage_healed":0.0,"max_hp_gain":5.0,"max_hp_loss":0.0,"gold_gain":0.0,"event_name":"Big Fish","player_choice":"Donut","floor":3.0,"gold_loss":0.0,"damage_taken":0.0},{"damage_healed":19.0,"max_hp_gain":0.0,"max_hp_loss":0.0,"gold_gain":0.0,"event_name":"The Cleric","player_choice":"Healed","floor":5.0,"gold_loss":35.0,"damage_taken":0.0},{"cards_removed":["Strike_G"],"damage_healed":0.0,"max_hp_gain":0.0,"max_hp_loss":0.0,"gold_gain":0.0,"event_name":"Bonfire Elementals","player_choice":"Offered Basic","floor":10.0,"gold_loss":0.0,"damage_taken":0.0},{"damage_healed":0.0,"max_hp_gain":0.0,"max_hp_loss":39.0,"gold_gain":0.0,"event_name":"Ghosts","player_choice":"Became a Ghost","floor":21.0,"gold_loss":0.0,"damage_taken":0.0,"cards_obtained":["Ghostly","Ghostly","Ghostly"]},{"damage_healed":0.0,"max_hp_gain":0.0,"max_hp_loss":0.0,"gold_gain":0.0,"event_name":"Masked Bandits","player_choice":"Fought Bandits","floor":22.0,"gold_loss":0.0,"damage_taken":0.0},{"damage_healed":0.0,"max_hp_gain":0.0,"max_hp_loss":0.0,"gold_gain":0.0,"event_name":"Cursed Tome","player_choice":"Ignored","floor":29.0,"gold_loss":0.0,"damage_taken":0.0}],"is_beta":false,"boss_relics":[{"not_picked":["Black Star","White Beast Statue"],"picked":"Cursed Key"}],"items_purged_floors":[],"is_endless":false,"potions_floor_spawned":[1,20,22,24,25],"killed_by":"Champ","ascension_level":19}