{"gold_per_floor":[118,138,138,138,151,151,63,91,141,141,141,171,171,3,3,75,75,88,0,0,0,0,0,0,11,11,40,58,77,93,57,57,134,134,151,151,52,72,72],"floor_reached":39,"playtime":1686,"items_purged":["Phantasmal Killer"],"score":810,"play_id":"41b0d5b8-fc8f-48b6-a487-8640e9f2b9c6","local_time":"20190801165913","is_ascension_mode":true,"campfire_choices":[{"data":"Bouncing Flask","floor":6.0,"key":"SMITH"},{"floor":11.0,"key":"REST"},{"floor":13.0,"key":"REST"},{"floor":15.0,"key":"REST"},{"data":"Burst","floor":23.0,"key":"SMITH"},{"floor":32,"key":"REST"}],"neow_cost":"NONE","seed_source_timestamp":12388077116700,"circlet_count":0,"master_deck":["AscendersBane","Survivor","Neutralize","Backflip","Bouncing Flask+1","Quick Slash","Deadly Poison","Backflip","Dodge and Roll","Escape Plan","Burst+1","Noxious Fumes","Leg Sweep","Dodge and Roll","Well Laid Plans","Deadly Poison","PiercingWail","Footwork","Blur","Finisher","Leg Sweep","Dagger Throw","Caltrops","Dagger Throw","Deflect","Acrobatics","Noxious Fumes+1"],"special_seed":0,"relics":["Ring of the Snake","Bag of Marbles","Snake Skull","Centennial Puzzle","Omamori","Oddly Smooth Stone","Sozu","Pear","Blue Candle","Potion Belt","Pandora\u0027s Box"],"potions_floor_usage":[33],"damage_taken":[{"damage":2.0,"enemies":"Jaw Worm","floor":1.0,"turns":6.0},{"damage":1.0,"enemies":"Small Slimes","floor":2.0,"turns":5.0},{"damage":4.0,"enemies":"2 Louse","floor":5.0,"turns":3.0},{"damage":36.0,"enemies":"3 Sentries","floor":8.0,"turns":9.0},{"damage":22.0,"enemies":"Lagavulin","floor":12.0,"turns":6.0},{"damage":22.0,"enemies":"The Guardian","floor":16.0,"turns":7.0},{"damage":17.0,"enemies":"2 Thieves","floor":18.0,"turns":5.0},{"damage":6.0,"enemies":"Chosen","floor":25.0,"turns":4.0},{"damage":8.0,"enemies":"Book of Stabbing","floor":27.0,"turns":5.0},{"damage":0,"enemies":"Sentry and Sphere","floor":28,"turns":6},{"damage":13,"enemies":"Snake Plant","floor":29,"turns":4},{"damage":2,"enemies":"Centurion and Healer","floor":30,"turns":5},{"damage":22,"enemies":"Champ","floor":33,"turns":11},{"damage":1,"enemies":"3 Shapes","floor":35,"turns":6},{"damage":42,"enemies":"3 Darklings","floor":38,"turns":6},{"damage":26,"enemies":"Spire Growth","floor":39,"turns":4}],"seed_played":"190990562888143384","potions_obtained":[{"floor":2.0,"key":"Weak Potion"},{"floor":5.0,"key":"Explosive Potion"},{"floor":8.0,"key":"AttackPotion"},{"floor":16.0,"key":"Block Potion"}],"is_trial":false,"path_per_floor":["M","M","?","?","M","R","$","E","T","?","R","E","R","$","R","B",null,"M","?","$","?","?","R","T","M","T","E","M","M","M","$","R","B",null,"M","?","$","M","M"],"character_chosen":"THE_SILENT","items_purchased":["Deadly Poison","Backflip","Oddly Smooth Stone","Footwork","Acrobatics"],"campfire_rested":4,"item_purchase_floors":[7,7,14,31,37],"current_hp_per_floor":[63,62,55,50,46,46,46,10,10,10,31,9,30,30,51,29,61,44,44,44,44,44,44,54,48,48,40,40,27,25,25,49,27,68,67,67,67,25,0],"gold":72,"neow_bonus":"TEN_PERCENT_HP_BONUS","is_prod":false,"is_daily":false,"chose_seed":false,"campfire_upgraded":2,"win_rate":0,"timestamp":1564649953,"path_taken":["M","M","?","?","M","R","$","E","T","?","R","E","R","$","R","BOSS","M","?","$","?","?","R","?","?","T","E","M","M","M","$","R","BOSS","M","?","$","M","M"],"build_version":"2019-07-17","purchased_purges":1,"victory":false,"max_hp_per_floor":[72,72,72,72,72,72,72,72,72,72,72,72,72,72,72,72,72,72,72,72,72,72,72,82,82,82,82,82,82,82,82,82,82,82,82,82,82,82,82],"card_choices":[{"not_picked":["Underhanded Strike","Tactician"],"picked":"Backflip","floor":1.0},{"not_picked":["Acrobatics","Bane"],"picked":"Bouncing Flask","floor":2.0},{"not_picked":["Endless Agony","Tactician"],"picked":"Quick Slash","floor":5.0},{"not_picked":["Setup","Poisoned Stab"],"picked":"Dodge and Roll","floor":8.0},{"not_picked":["Calculated Gamble","Blade Dance"],"picked":"Escape Plan","floor":12.0},{"not_picked":["Envenom","Tools of the Trade"],"picked":"Burst","floor":16.0},{"not_picked":["Bane","PiercingWail"],"picked":"Noxious Fumes","floor":18.0},{"not_picked":["Quick Slash","Caltrops","Prepared"],"picked":"SKIP","floor":25.0},{"not_picked":["Blade Dance+1","Deflect"],"picked":"Dodge and Roll","floor":27.0},{"not_picked":["Dagger Spray","Slice"],"picked":"Well Laid Plans","floor":28},{"not_picked":["Flying Knee","Prepared"],"picked":"Deadly Poison","floor":29},{"not_picked":["Bane","Caltrops"],"picked":"PiercingWail","floor":30},{"not_picked":["Bane","Quick Slash"],"picked":"Deflect","floor":35},{"not_picked":["Dodge and Roll","PiercingWail"],"picked":"Noxious Fumes+1","floor":38}],"player_experience":769014,"relics_obtained":[{"floor":8.0,"key":"Snake Skull"},{"floor":9.0,"key":"Centennial Puzzle"},{"floor":12.0,"key":"Omamori"},{"floor":24.0,"key":"Pear"},{"floor":26.0,"key":"Blue Candle"},{"floor":27.0,"key":"Potion Belt"}],"event_choices":[{"cards_removed":["Defend_G"],"damage_healed":0.0,"max_hp_gain":0.0,"max_hp_loss":0.0,"gold_gain":0.0,"event_name":"Golden Wing","player_choice":"Card Removal","floor":3.0,"gold_loss":0.0,"damage_taken":7.0},{"damage_healed":0.0,"max_hp_gain":0.0,"max_hp_loss":0.0,"gold_gain":0.0,"event_name":"Scrap Ooze","player_choice":"Success","floor":4.0,"gold_loss":0.0,"damage_taken":5.0,"relics_obtained":["Bag of Marbles"]},{"damage_healed":0.0,"max_hp_gain":0.0,"max_hp_loss":0.0,"gold_gain":0.0,"event_name":"Golden Idol","player_choice":"Ignored","floor":10.0,"gold_loss":0.0,"damage_taken":0.0},{"damage_healed":0.0,"max_hp_gain":0.0,"max_hp_loss":0.0,"gold_gain":0.0,"event_name":"Masked Bandits","player_choice":"Paid Fearfully","floor":19.0,"gold_loss":88.0,"damage_taken":0.0},{"damage_healed":0.0,"max_hp_gain":0.0,"max_hp_loss":0.0,"gold_gain":0.0,"cards_transformed":["Strike_G","Defend_G"],"event_name":"Drug Dealer","player_choice":"Became Test Subject","floor":21.0,"gold_loss":0.0,"damage_taken":0.0,"cards_obtained":["Night Terror","Leg Sweep"]},{"damage_healed":0.0,"max_hp_gain":0.0,"max_hp_loss":0.0,"gold_gain":0.0,"event_name":"The Mausoleum","player_choice":"Ignored","floor":22.0,"gold_loss":0.0,"damage_taken":0.0},{"cards_removed":["Night Terror"],"damage_healed":0,"gold_gain":0,"player_choice":"Removed Skill","damage_taken":0,"max_hp_gain":0,"max_hp_loss":0,"event_name":"Falling","floor":36,"gold_loss":0}],"is_beta":false,"boss_relics":[{"not_picked":["Fusion Hammer","Busted Crown"],"picked":"Sozu"},{"not_picked":["Coffee Dripper","Runic Dome"],"picked":"Pandora\u0027s Box"}],"items_purged_floors":[37],"is_endless":false,"potions_floor_spawned":[2,5,8,16,29,30,38],"killed_by":"Spire Growth","ascension_level":20}