{"gold_per_floor":[111,111,111,134,35,79,79,123,123,143,143,182,43,62,62,192,192,208,221,246,261,282,282],"floor_reached":23,"playtime":1206,"items_purged":["Strike_R","Strike_R"],"score":250,"play_id":"385ce148-2495-4922-8465-f0e56b107613","local_time":"20190705014632","is_ascension_mode":true,"campfire_choices":[{"data":"Flex","floor":7,"key":"SMITH"},{"data":"Shrug It Off","floor":11,"key":"SMITH"},{"data":"Armaments","floor":15,"key":"SMITH"}],"neow_cost":"NONE","seed_source_timestamp":637702706085800,"circlet_count":0,"master_deck":["Strike_R","Strike_R","Strike_R","Defend_R","Defend_R","Defend_R","Defend_R","Bash","Flex+1","Shrug It Off+1","Shrug It Off+1","Flex+1","Heavy Blade","Spot Weakness","Inflame","Armaments+1","Offering","Inflame","Carnage+1","Rampage+1","Metallicize"],"relics":["Burning Blood","NeowsBlessing","Letter Opener","Golden Idol","War Paint","The Courier","Sundial","Molten Egg 2","Fusion Hammer"],"potions_floor_usage":[8,16],"damage_taken":[{"damage":0,"enemies":"Cultist","floor":1,"turns":1},{"damage":0,"enemies":"2 Louse","floor":4,"turns":1},{"damage":0,"enemies":"Lagavulin","floor":6,"turns":1},{"damage":43,"enemies":"3 Sentries","floor":8,"turns":16},{"damage":0,"enemies":"Jaw Worm","floor":10,"turns":2},{"damage":30,"enemies":"Gremlin Nob","floor":12,"turns":4},{"damage":0,"enemies":"Red Slaver","floor":14,"turns":5},{"damage":22,"enemies":"Hexaghost","floor":16,"turns":12},{"damage":15,"enemies":"Spheric Guardian","floor":18,"turns":4},{"damage":16,"enemies":"2 Thieves","floor":19,"turns":3},{"damage":18,"enemies":"3 Cultists","floor":20,"turns":5},{"damage":27,"enemies":"Snake Plant","floor":21,"turns":2},{"damage":8,"enemies":"Centurion and Healer","floor":22,"turns":5},{"damage":29,"enemies":"Book of Stabbing","floor":23,"turns":5}],"seed_played":"378450713512444565","potions_obtained":[{"floor":6,"key":"Regen Potion"},{"floor":10,"key":"SteroidPotion"},{"floor":12,"key":"PowerPotion"},{"floor":20,"key":"EssenceOfSteel"},{"floor":21,"key":"SpeedPotion"}],"is_trial":false,"path_per_floor":["M","T","?","M","$","E","R","E","T","M","R","E","$","M","R","B",null,"M","M","M","M","M","E"],"character_chosen":"IRONCLAD","items_purchased":["Shrug It Off","Inflame"],"campfire_rested":0,"item_purchase_floors":[5,13],"current_hp_per_floor":[80,80,60,66,66,72,72,50,50,56,56,32,32,38,38,22,80,71,61,49,28,26,0],"gold":282,"neow_bonus":"THREE_ENEMY_KILL","is_prod":false,"is_daily":false,"chose_seed":false,"campfire_upgraded":3,"win_rate":0,"timestamp":1562273192,"path_taken":["M","?","?","M","$","E","R","E","T","M","R","E","?","?","R","BOSS","M","M","?","M","M","E"],"build_version":"2019-07-01","purchased_purges":2,"victory":false,"max_hp_per_floor":[80,80,80,80,80,80,80,80,80,80,80,80,80,80,80,80,80,80,80,80,80,80,80],"card_choices":[{"not_picked":["Clothesline","Clash"],"picked":"Flex","floor":1},{"not_picked":["Havoc","Anger"],"picked":"Shrug It Off","floor":4},{"not_picked":["Cleave","Flame Barrier"],"picked":"Flex","floor":6},{"not_picked":["Warcry","Rage"],"picked":"Heavy Blade","floor":8},{"not_picked":["Sword Boomerang","Havoc"],"picked":"Spot Weakness","floor":10},{"not_picked":["Warcry","Whirlwind","Reckless Charge"],"picked":"SKIP","floor":12},{"not_picked":["Sword Boomerang+1","Power Through"],"picked":"Armaments","floor":14},{"not_picked":["Bludgeon+1","Fiend Fire+1"],"picked":"Offering","floor":16},{"not_picked":["Iron Wave+1","Wild Strike+1"],"picked":"Inflame","floor":18},{"not_picked":["Hemokinesis+1","Bloodletting"],"picked":"Carnage+1","floor":19},{"not_picked":["Reckless Charge+1","Power Through","Perfected Strike+1"],"picked":"SKIP","floor":20},{"not_picked":["Anger+1","Twin Strike+1"],"picked":"Rampage+1","floor":21},{"not_picked":["Dual Wield","Twin Strike+1"],"picked":"Metallicize","floor":22}],"player_experience":91889,"relics_obtained":[{"floor":2,"key":"Letter Opener"},{"floor":6,"key":"War Paint"},{"floor":8,"key":"The Courier"},{"floor":9,"key":"Sundial"},{"floor":12,"key":"Molten Egg 2"}],"event_choices":[{"damage_healed":0,"gold_gain":0,"player_choice":"Take Damage","damage_taken":20,"relics_obtained":["Golden Idol"],"max_hp_gain":0,"max_hp_loss":0,"event_name":"Golden Idol","floor":3,"gold_loss":0}],"is_beta":false,"boss_relics":[{"not_picked":["Eternal Feather","Black Star"],"picked":"Fusion Hammer"}],"items_purged_floors":[5,13],"is_endless":false,"potions_floor_spawned":[6,10,12,20,21],"killed_by":"Book of Stabbing","ascension_level":1}