{"gold_per_floor":[110,210,230,86,99,111,111,146,158,170,197,221,233,263,275,287],"floor_reached":16,"playtime":805,"items_purged":["Strike_B"],"score":109,"play_id":"6338e691-4eb8-4412-a7e9-28aa934a31b1","local_time":"20190701005115","is_ascension_mode":true,"campfire_choices":[{"data":"Self Repair","floor":7,"key":"SMITH"},{"floor":10,"key":"REST"},{"floor":15,"key":"REST"}],"neow_cost":"NONE","seed_source_timestamp":289182910465300,"circlet_count":0,"master_deck":["Strike_B","Strike_B","Strike_B","Defend_B","Defend_B","Defend_B","Defend_B","Zap","Dualcast","Seek+1","Skim+1","Leap","Self Repair+1","Ball Lightning","Multi-Cast","Cold Snap","Defragment","Leap","Conserve Battery"],"relics":["Cracked Core","MawBank","Oddly Smooth Stone"],"potions_floor_usage":[],"damage_taken":[{"damage":6,"enemies":"Jaw Worm","floor":1,"turns":4},{"damage":1,"enemies":"Cultist","floor":3,"turns":3},{"damage":5,"enemies":"Small Slimes","floor":5,"turns":5},{"damage":2,"enemies":"3 Louse","floor":6,"turns":3},{"damage":69,"enemies":"Gremlin Nob","floor":8,"turns":6},{"damage":1,"enemies":"Red Slaver","floor":11,"turns":4},{"damage":9,"enemies":"Looter","floor":12,"turns":4},{"damage":7,"enemies":"2 Fungi Beasts","floor":14,"turns":4},{"damage":59,"enemies":"Hexaghost","floor":16,"turns":17}],"seed_played":"7978531106319970343","potions_obtained":[{"floor":1,"key":"PowerPotion"},{"floor":5,"key":"LiquidBronze"},{"floor":11,"key":"Explosive Potion"}],"is_trial":false,"path_per_floor":["M","?","M","$","M","M","R","E","T","R","M","M","?","M","R","B"],"character_chosen":"DEFECT","items_purchased":["Self Repair"],"campfire_rested":2,"item_purchase_floors":[4],"current_hp_per_floor":[69,69,68,68,70,75,75,16,16,38,47,48,33,36,58,0],"gold":287,"neow_bonus":"ONE_RANDOM_RARE_CARD","is_prod":false,"is_daily":false,"chose_seed":false,"campfire_upgraded":1,"win_rate":0,"timestamp":1561924275,"path_taken":["M","?","M","$","M","M","R","E","T","R","?","M","?","M","R","BOSS"],"build_version":"2019-01-23","purchased_purges":1,"victory":false,"max_hp_per_floor":[75,75,75,75,75,75,75,75,75,75,75,75,75,75,75,75],"card_choices":[{"not_picked":["Go for the Eyes","Beam Cell"],"picked":"Skim","floor":1},{"not_picked":["Streamline","Steam"],"picked":"Leap","floor":3},{"not_picked":["Turbo","Hologram"],"picked":"Ball Lightning","floor":5},{"not_picked":["Ball Lightning","Gash"],"picked":"Multi-Cast","floor":6},{"not_picked":["Self Repair","Chill"],"picked":"Cold Snap","floor":8},{"not_picked":["Beam Cell","Melter"],"picked":"Defragment","floor":11},{"not_picked":["Steam","Redo"],"picked":"Leap","floor":12},{"not_picked":["Stack","Redo"],"picked":"Conserve Battery","floor":14}],"player_experience":78120,"relics_obtained":[{"floor":8,"key":"MawBank"},{"floor":9,"key":"Oddly Smooth Stone"}],"event_choices":[{"damage_healed":0,"gold_gain":100,"player_choice":"Pray","damage_taken":0,"max_hp_gain":0,"max_hp_loss":0,"event_name":"Golden Shrine","floor":2,"gold_loss":0},{"damage_healed":0,"gold_gain":0,"player_choice":"Entered Light","damage_taken":15,"max_hp_gain":0,"max_hp_loss":0,"event_name":"Shining Light","floor":13,"gold_loss":0,"cards_upgraded":["Skim","Seek"]}],"is_beta":false,"boss_relics":[],"items_purged_floors":[4],"is_endless":false,"potions_floor_spawned":[1,5,11,12],"killed_by":"Hexaghost","ascension_level":1}