{"gold_per_floor":[118,132,23,34,52,52,80,80,80,113,132,132,132,132,132,260,260,280,303,303,323,18,18,49,49],"floor_reached":25,"playtime":1138,"items_purged":["Pain"],"score":254,"play_id":"a34b0ed0-7918-4613-908b-9748201c7774","local_time":"20190122035356","is_ascension_mode":true,"campfire_choices":[{"data":"Entrench","floor":6.0,"key":"SMITH"},{"data":"Metallicize","floor":12.0,"key":"SMITH"},{"data":"Armaments","floor":15.0,"key":"SMITH"},{"data":"J.A.X.","floor":23.0,"key":"SMITH"}],"neow_cost":"NONE","seed_source_timestamp":27182913568796,"circlet_count":0,"master_deck":["Strike_R","Strike_R","Strike_R","Strike_R","Strike_R","Defend_R","Defend_R","Defend_R","Defend_R","Armaments+1","Shockwave","Metallicize+1","Entrench+1","Headbutt","Carnage","PanicButton","Shrug It Off","Injury","Reaper","Cleave","Rage","J.A.X.+1","Inflame","Barricade"],"special_seed":0,"relics":["Burning Blood","Pocketwatch","Torii","Ice Cream","Golden Idol","WarpedTongs","Sozu","Bronze Scales","Unceasing Top"],"potions_floor_usage":[24],"damage_taken":[{"damage":0.0,"enemies":"2 Louse","floor":1.0,"turns":4.0},{"damage":1.0,"enemies":"Cultist","floor":2.0,"turns":4.0},{"damage":0.0,"enemies":"Small Slimes","floor":4.0,"turns":6.0},{"damage":8.0,"enemies":"3 Louse","floor":5.0,"turns":5.0},{"damage":23.0,"enemies":"3 Sentries","floor":7.0,"turns":14.0},{"damage":13.0,"enemies":"Gremlin Nob","floor":10.0,"turns":4.0},{"damage":2.0,"enemies":"Exordium Thugs","floor":11.0,"turns":5.0},{"damage":40.0,"enemies":"Hexaghost","floor":16.0,"turns":12.0},{"damage":15.0,"enemies":"2 Thieves","floor":18.0,"turns":5.0},{"damage":8.0,"enemies":"Shell Parasite","floor":19.0,"turns":6.0},{"damage":27.0,"enemies":"Centurion and Healer","floor":21.0,"turns":5.0},{"damage":56,"enemies":"Slavers","floor":24,"turns":7},{"damage":24,"enemies":"Snake Plant","floor":25,"turns":1}],"seed_played":"6143981181759441594","potions_obtained":[{"floor":1.0,"key":"Dexterity Potion"},{"floor":4.0,"key":"GamblersBrew"},{"floor":7.0,"key":"PowerPotion"},{"floor":11.0,"key":"BloodPotion"}],"is_trial":false,"path_per_floor":["?","M","?","?","?"],"character_chosen":"IRONCLAD","items_purchased":["Metallicize","Entrench","Inflame","Bronze Scales"],"campfire_rested":0,"item_purchase_floors":[3,3,22,22],"current_hp_per_floor":[80,80,80,80,78,78,61,61,61,54,58,58,58,58,58,24,80,71,69,69,48,48,48,21,0],"gold":49,"neow_bonus":"REMOVE_CARD","is_prod":false,"is_daily":false,"chose_seed":false,"campfire_upgraded":4,"win_rate":0,"timestamp":1548116636,"path_taken":["M","M","$","M","M","R","E","?","T","E","?","R","?","?","R","BOSS","M","M","?","M","$","R","E","M"],"build_version":"2019-01-20","purchased_purges":1,"victory":false,"max_hp_per_floor":[80,80,80,80,80,80,80,80,80,80,80,80,80,80,80,80,80,80,80,80,80,80,80,80,80],"card_choices":[{"not_picked":["Sentinel","Clash"],"picked":"Armaments","floor":1.0},{"not_picked":["Feel No Pain","Rupture"],"picked":"Shockwave","floor":2.0},{"not_picked":["True Grit","Body Slam","Anger"],"picked":"SKIP","floor":4.0},{"not_picked":["Warcry","Perfected Strike"],"picked":"Headbutt","floor":5.0},{"not_picked":["Whirlwind","Dual Wield"],"picked":"Carnage","floor":7.0},{"not_picked":["Exhume","Clothesline"],"picked":"Shrug It Off","floor":10.0},{"not_picked":["Shockwave","Combust","Sever Soul"],"picked":"SKIP","floor":11.0},{"not_picked":["Brutality","Fiend Fire"],"picked":"Reaper","floor":16.0},{"not_picked":["Armaments","Whirlwind"],"picked":"Cleave","floor":18.0},{"not_picked":["Anger","Cleave"],"picked":"Rage","floor":19.0},{"not_picked":["Pummel","Wild Strike","True Grit"],"picked":"SKIP","floor":21.0},{"not_picked":["Seeing Red","Dual Wield"],"picked":"Barricade","floor":24}],"player_experience":474292,"relics_obtained":[{"floor":7.0,"key":"Pocketwatch"},{"floor":9.0,"key":"Torii"},{"floor":10.0,"key":"Ice Cream"},{"floor":24,"key":"Unceasing Top"}],"event_choices":[{"damage_healed":0.0,"max_hp_gain":0.0,"max_hp_loss":0.0,"gold_gain":0.0,"event_name":"Match and Keep!","player_choice":"1 cards matched","floor":8.0,"gold_loss":0.0,"damage_taken":0.0,"cards_obtained":["PanicButton"]},{"damage_healed":0.0,"max_hp_gain":0.0,"max_hp_loss":0.0,"gold_gain":0.0,"event_name":"Golden Idol","player_choice":"Take Wound","floor":13.0,"gold_loss":0.0,"damage_taken":0.0,"relics_obtained":["Golden Idol"],"cards_obtained":["Injury"]},{"damage_healed":0.0,"max_hp_gain":0.0,"max_hp_loss":0.0,"gold_gain":0.0,"event_name":"Accursed Blacksmith","player_choice":"Rummage","floor":14.0,"gold_loss":0.0,"damage_taken":0.0,"relics_obtained":["WarpedTongs"],"cards_obtained":["Pain"]},{"damage_healed":0.0,"max_hp_gain":0.0,"max_hp_loss":0.0,"gold_gain":0.0,"event_name":"Drug Dealer","player_choice":"Obtain J.A.X.","floor":20.0,"gold_loss":0.0,"damage_taken":0.0,"cards_obtained":["J.A.X."]}],"is_beta":true,"boss_relics":[{"not_picked":["Runic Cube","Snecko Eye"],"picked":"Sozu"}],"items_purged_floors":[22],"is_endless":false,"potions_floor_spawned":[1,4,7,11,19,24],"killed_by":"Snake Plant","ascension_level":2}