{"gold_per_floor":[117,128,145,145,145,172,172,137,185,185,185,185,200,218,218,218],"floor_reached":16,"playtime":448,"items_purged":[],"score":105,"play_id":"e48a43a0-0763-485e-9407-ceab49c27013","local_time":"20181225210858","is_ascension_mode":true,"campfire_choices":[{"data":"Shrug It Off","floor":7,"key":"SMITH"},{"data":"Heavy Blade","floor":10,"key":"SMITH"},{"data":"Shockwave","floor":12,"key":"SMITH"},{"data":"Double Tap","floor":15,"key":"SMITH"}],"neow_cost":"PERCENT_DAMAGE","seed_source_timestamp":106753535532870,"circlet_count":0,"master_deck":["Strike_R","Strike_R","Strike_R","Strike_R","Strike_R","Defend_R","Defend_R","Defend_R","Defend_R","Bash","Offering","Heavy Blade+1","Shockwave+1","Inflame+1","Shrug It Off+1","Body Slam","Double Tap+1"],"relics":["Burning Blood","Oddly Smooth Stone","Omamori","Bottled Lightning"],"potions_floor_usage":[6,14],"damage_taken":[{"damage":1,"enemies":"Cultist","floor":1,"turns":3},{"damage":7,"enemies":"Jaw Worm","floor":2,"turns":3},{"damage":8,"enemies":"2 Louse","floor":3,"turns":2},{"damage":35,"enemies":"Lagavulin","floor":6,"turns":6},{"damage":6,"enemies":"Looter","floor":13,"turns":2},{"damage":10,"enemies":"Exordium Thugs","floor":14,"turns":3},{"damage":52,"enemies":"Hexaghost","floor":16,"turns":9}],"seed_played":"1443956459918204183","potions_obtained":[{"floor":2,"key":"Energy Potion"},{"floor":13,"key":"Fire Potion"},{"floor":14,"key":"Explosive Potion"}],"is_trial":false,"path_per_floor":["M","M","M","?","?","E","R","?","T","R","T","R","M","M","R","B"],"character_chosen":"IRONCLAD","items_purchased":[],"campfire_rested":0,"item_purchase_floors":[],"current_hp_per_floor":[61,60,58,63,63,34,34,55,55,55,55,55,55,51,51,0],"gold":218,"neow_bonus":"THREE_RARE_CARDS","is_prod":false,"is_daily":false,"chose_seed":false,"campfire_upgraded":4,"win_rate":0,"timestamp":1545759538,"path_taken":["M","M","?","?","?","E","R","?","T","R","?","R","M","M","R","BOSS"],"build_version":"2018-12-20","purchased_purges":0,"victory":false,"max_hp_per_floor":[80,80,80,85,85,85,85,85,85,85,85,85,85,85,85,85],"card_choices":[{"not_picked":["Fiend Fire","Bludgeon"],"picked":"Offering","floor":0},{"not_picked":["Sword Boomerang","Thunderclap"],"picked":"Heavy Blade","floor":1},{"not_picked":["Evolve","Second Wind"],"picked":"Shockwave","floor":2},{"not_picked":["Sentinel","Hemokinesis"],"picked":"Inflame","floor":3},{"not_picked":["Body Slam","True Grit"],"picked":"Shrug It Off","floor":6},{"not_picked":["Clothesline","Perfected Strike"],"picked":"Body Slam","floor":13},{"not_picked":["Perfected Strike","Sword Boomerang"],"picked":"Double Tap","floor":14}],"player_experience":180467,"relics_obtained":[{"floor":6,"key":"Oddly Smooth Stone"},{"floor":9,"key":"Omamori"},{"floor":11,"key":"Bottled Lightning"}],"event_choices":[{"damage_healed":0,"gold_gain":0,"player_choice":"Donut","damage_taken":0,"max_hp_gain":5,"max_hp_loss":0,"event_name":"Big Fish","floor":4,"gold_loss":0},{"damage_healed":0,"gold_gain":0,"player_choice":"Grow","damage_taken":0,"max_hp_gain":0,"max_hp_loss":0,"event_name":"Living Wall","floor":5,"gold_loss":0,"cards_upgraded":["Inflame"]},{"damage_healed":21,"gold_gain":0,"player_choice":"Healed","damage_taken":0,"max_hp_gain":0,"max_hp_loss":0,"event_name":"The Cleric","floor":8,"gold_loss":35}],"is_beta":true,"boss_relics":[],"items_purged_floors":[],"is_endless":false,"potions_floor_spawned":[2,13,14],"killed_by":"Hexaghost","ascension_level":1}