{"gold_per_floor":[111,34,34,48,64,64,90,90,90,90,109,120,41,71,71,170,170,182,40,58,71,83,83,112,112],"floor_reached":25,"playtime":1482,"items_purged":["Expertise"],"score":234,"play_id":"da031f62-b091-4cfa-ae7d-362cdcdea05e","local_time":"20180707055818","is_ascension_mode":true,"campfire_choices":[{"data":"Infinite Blades","floor":6,"key":"SMITH"},{"floor":8,"key":"REST"},{"data":"Prepared","floor":10,"key":"SMITH"},{"floor":15,"key":"REST"},{"floor":23,"key":"REST"}],"neow_cost":"","seed_source_timestamp":303941592388572,"circlet_count":0,"master_deck":["Survivor","Neutralize","Poisoned Stab","Infinite Blades+1","Acrobatics","Poisoned Stab","Prepared+1","Acrobatics","Corpse Explosion","Accuracy","Wraith Form v2","Slice","Cloak And Dagger","Deadly Poison","Underhanded Strike","Predator","Quick Slash","Flying Knee","Dash","Underhanded Strike","Calculated Gamble","Infinite Blades","Expertise+1","Well Laid Plans","Reflex","Cloak And Dagger+1"],"relics":["Ring of the Snake","Paper Crane","Oddly Smooth Stone","Pandora\u0027s Box","Darkstone Periapt"],"potions_floor_usage":[11,16,18,22],"damage_taken":[{"damage":0,"enemies":"Jaw Worm","floor":1,"turns":3},{"damage":9,"enemies":"Small Slimes","floor":4,"turns":4},{"damage":1,"enemies":"2 Louse","floor":5,"turns":3},{"damage":28,"enemies":"Lagavulin","floor":7,"turns":8},{"damage":0,"enemies":"Large Slime","floor":11,"turns":5},{"damage":10,"enemies":"2 Fungi Beasts","floor":12,"turns":5},{"damage":43,"enemies":"The Guardian","floor":16,"turns":10},{"damage":14,"enemies":"Spheric Guardian","floor":18,"turns":6},{"damage":13,"enemies":"3 Byrds","floor":20,"turns":3},{"damage":10,"enemies":"Cultist and Chosen","floor":21,"turns":6},{"damage":11,"enemies":"Chosen and Byrds","floor":22,"turns":6},{"damage":32,"enemies":"Book of Stabbing","floor":24,"turns":7},{"damage":16,"enemies":"Slaver and Parasite","floor":25,"turns":1}],"seed_played":"1537788708824360329","potions_obtained":[{"floor":5,"key":"SkillPotion"},{"floor":12,"key":"Weak Potion"},{"floor":16,"key":"SkillPotion"},{"floor":21,"key":"Explosive Potion"}],"is_trial":false,"path_per_floor":["M","$","?","M","M","R","E","R","T","R","M","M","$","?","R","B",null,"M","$","M","M","M","R","E"],"character_chosen":"THE_SILENT","items_purchased":["Infinite Blades","Accuracy","Infinite Blades"],"campfire_rested":3,"item_purchase_floors":[2,13,19],"current_hp_per_floor":[70,70,70,61,60,60,32,53,53,53,53,43,43,43,64,21,70,56,56,43,33,22,43,11,0],"gold":112,"neow_bonus":"","is_prod":false,"is_daily":false,"chose_seed":false,"campfire_upgraded":2,"win_rate":0,"timestamp":1530957498,"path_taken":["M","$","?","M","M","R","E","R","T","R","M","M","$","?","R","BOSS","M","$","M","M","M","R","E","M"],"build_version":"2018-07-05","purchased_purges":1,"victory":false,"max_hp_per_floor":[70,70,70,70,70,70,70,70,70,70,70,70,70,70,70,70,70,70,70,70,70,70,70,70,70],"card_choices":[{"not_picked":["Underhanded Strike","All Out Attack"],"picked":"Poisoned Stab","floor":1},{"not_picked":["Bane","Slice"],"picked":"Acrobatics","floor":4},{"not_picked":["Masterful Stab","Flying Knee"],"picked":"Poisoned Stab","floor":5},{"not_picked":["Slice","Quick Slash"],"picked":"Prepared","floor":7},{"not_picked":["Dodge and Roll","All Out Attack"],"picked":"Acrobatics","floor":11},{"not_picked":["Flying Knee","Outmaneuver"],"picked":"Corpse Explosion","floor":12},{"not_picked":["After Image","Grand Finale"],"picked":"Wraith Form v2","floor":16},{"not_picked":["Dodge and Roll","PiercingWail+1"],"picked":"Calculated Gamble","floor":18},{"not_picked":["Poisoned Stab","Underhanded Strike"],"picked":"Expertise+1","floor":20},{"not_picked":["PiercingWail","Poisoned Stab"],"picked":"Well Laid Plans","floor":21},{"not_picked":["Bouncing Flask+1","Underhanded Strike+1"],"picked":"Reflex","floor":22},{"not_picked":["Underhanded Strike+1","Heel Hook"],"picked":"Cloak And Dagger+1","floor":24}],"player_experience":123119,"relics_obtained":[{"floor":7,"key":"Paper Crane"},{"floor":9,"key":"Oddly Smooth Stone"},{"floor":24,"key":"Darkstone Periapt"}],"event_choices":[{"event_name":"Golden Idol","player_choice":"Ignored","floor":3,"damage_taken":0},{"event_name":"Dead Adventurer","player_choice":"Searched \u00271\u0027 times","floor":14,"damage_taken":0}],"boss_relics":[{"not_picked":["Orrery","Cursed Key"],"picked":"Pandora\u0027s Box"}],"items_purged_floors":[19],"is_endless":false,"potions_floor_spawned":[5,12,16,21],"killed_by":"Slaver and Parasite","ascension_level":1}