{"gold_per_floor":[109,109,109,120,134,134,134,148,148,159,171,171,171,186,186,263,263,283,283,13,13,33,33,60,73,73,73,86,86,99,99,99,172,172,182,199,211,229,229,229,229],"floor_reached":41,"playtime":2739,"items_purged":[],"score":792,"play_id":"4d409e5b-7375-4254-9719-05cd2d046d8f","local_time":"20190703192904","is_ascension_mode":true,"campfire_choices":[{"floor":6.0,"key":"REST"},{"floor":12.0,"key":"REST"},{"data":"Coolheaded","floor":15.0,"key":"SMITH"},{"floor":23.0,"key":"REST"},{"floor":27.0,"key":"REST"},{"floor":29.0,"key":"REST"},{"data":"Capacitor","floor":32.0,"key":"SMITH"},{"data":"Loop","floor":40.0,"key":"SMITH"}],"neow_cost":"NONE","seed_source_timestamp":0,"circlet_count":0,"master_deck":["AscendersBane","Strike_B","Strike_B","Strike_B","Defend_B","Defend_B","Defend_B","Defend_B","Zap","Dualcast","Coolheaded+1","Cold Snap","Cold Snap","Ball Lightning","Chill","Biased Cognition+1","Core Surge","Sunder","Defragment","Cold Snap","Reinforced Body","Capacitor+1","Injury","Loop+1","Creative AI","Hologram","Buffer"],"special_seed":0,"relics":["Cracked Core","Happy Flower","Lantern","Cursed Key","Membership Card","Bronze Scales","Anchor","Nuclear Battery"],"potions_floor_usage":[41],"damage_taken":[{"damage":7.0,"enemies":"Jaw Worm","floor":1.0,"turns":3.0},{"damage":4.0,"enemies":"Small Slimes","floor":4.0,"turns":3.0},{"damage":3.0,"enemies":"2 Louse","floor":5.0,"turns":3.0},{"damage":0.0,"enemies":"Lagavulin","floor":7.0,"turns":1.0},{"damage":8.0,"enemies":"Large Slime","floor":8.0,"turns":8.0},{"damage":13.0,"enemies":"Exordium Thugs","floor":10.0,"turns":5.0},{"damage":0.0,"enemies":"2 Fungi Beasts","floor":11.0,"turns":3.0},{"damage":1.0,"enemies":"Lots of Slimes","floor":14.0,"turns":4.0},{"damage":36.0,"enemies":"Hexaghost","floor":16.0,"turns":11.0},{"damage":20.0,"enemies":"2 Thieves","floor":18.0,"turns":4.0},{"damage":19.0,"enemies":"3 Byrds","floor":22.0,"turns":5.0},{"damage":36.0,"enemies":"Book of Stabbing","floor":24.0,"turns":7.0},{"damage":0.0,"enemies":"3 Cultists","floor":25.0,"turns":5.0},{"damage":0.0,"enemies":"Snake Plant","floor":28.0,"turns":4.0},{"damage":0.0,"enemies":"Snecko","floor":30.0,"turns":4.0},{"damage":16.0,"enemies":"Automaton","floor":33.0,"turns":13.0},{"damage":20.0,"enemies":"3 Darklings","floor":35.0,"turns":6.0},{"damage":0.0,"enemies":"Orb Walker","floor":36.0,"turns":4.0},{"damage":22.0,"enemies":"Jaw Worm Horde","floor":37.0,"turns":6.0},{"damage":0.0,"enemies":"Spire Growth","floor":38.0,"turns":7.0},{"damage":59,"enemies":"Reptomancer","floor":41,"turns":2}],"seed_played":"3743275062412182420","potions_obtained":[{"floor":5.0,"key":"SmokeBomb"},{"floor":14.0,"key":"SteroidPotion"},{"floor":22.0,"key":"Strength Potion"},{"floor":30.0,"key":"PowerPotion"},{"floor":37.0,"key":"Swift Potion"},{"floor":38.0,"key":"Swift Potion"}],"is_trial":false,"path_per_floor":["M","?","?","M","M","R","E","M","T","M","M","R","?","M","R","B",null,"M","?","$","T","M","R","E","M","T","R","M","R","M","?","R","B",null,"M","M","M","M","?","R","E"],"character_chosen":"DEFECT","items_purchased":["Membership Card","Defragment","Cold Snap"],"campfire_rested":5,"item_purchase_floors":[20,20,20],"current_hp_per_floor":[57,39,32,28,25,46,46,38,38,25,25,46,46,45,45,9,56,36,36,36,36,17,38,2,2,2,23,23,44,44,37,37,21,59,39,39,17,17,58,58,0],"gold":229,"neow_bonus":"ONE_RANDOM_RARE_CARD","is_prod":false,"is_daily":false,"chose_seed":false,"campfire_upgraded":3,"win_rate":0,"timestamp":1562207344,"path_taken":["M","?","?","M","M","R","E","M","T","M","M","R","?","M","R","BOSS","M","?","$","?","M","R","E","M","T","R","M","R","M","?","R","BOSS","BOSS","M","?","M","M","?","R","E"],"build_version":"2019-07-01","purchased_purges":0,"victory":false,"max_hp_per_floor":[71,71,71,71,71,71,71,71,71,71,71,71,71,71,71,71,71,71,71,71,71,71,71,71,71,71,71,71,71,71,71,71,71,71,71,71,71,71,58,58,58],"card_choices":[{"not_picked":["Melter","Rebound"],"picked":"Coolheaded","floor":1.0},{"not_picked":["Conserve Battery","Go for the Eyes"],"picked":"Cold Snap","floor":4.0},{"not_picked":["Steam","Redo"],"picked":"Cold Snap","floor":5.0},{"not_picked":["Compile Driver","Coolheaded"],"picked":"Ball Lightning","floor":8.0},{"not_picked":["Cold Snap","Aggregate"],"picked":"Chill","floor":10.0},{"not_picked":["Beam Cell","Go for the Eyes"],"picked":"Biased Cognition","floor":11.0},{"not_picked":["Sweeping Beam","Streamline","Doom and Gloom"],"picked":"SKIP","floor":14.0},{"not_picked":["Biased Cognition","Thunder Strike"],"picked":"Core Surge","floor":16.0},{"not_picked":["Turbo","Barrage+1"],"picked":"Sunder","floor":18.0},{"not_picked":["Conserve Battery","Redo"],"picked":"Reinforced Body","floor":22.0},{"not_picked":["Doom and Gloom","Heatsinks+1","Darkness+1"],"picked":"SKIP","floor":24.0},{"not_picked":["Stack","Auto Shields"],"picked":"Capacitor","floor":25.0},{"not_picked":["Stack+1","Rip and Tear"],"picked":"Loop","floor":28.0},{"not_picked":["Doom and Gloom","Consume","Chaos"],"picked":"SKIP","floor":30.0},{"not_picked":["Meteor Strike","Rainbow"],"picked":"Creative AI","floor":33.0},{"not_picked":["Barrage","Darkness"],"picked":"Hologram","floor":35.0},{"not_picked":["Steam+1","Rebound","Cold Snap+1"],"picked":"SKIP","floor":36.0},{"not_picked":["Gash","Hello World"],"picked":"Buffer","floor":37.0},{"not_picked":["Recycle","Hello World","Steam"],"picked":"SKIP","floor":38.0}],"player_experience":554374,"relics_obtained":[{"floor":9.0,"key":"Lantern"},{"floor":24.0,"key":"Bronze Scales"},{"floor":26.0,"key":"Anchor"}],"event_choices":[{"damage_healed":0.0,"max_hp_gain":0.0,"max_hp_loss":0.0,"gold_gain":0.0,"event_name":"Scrap Ooze","player_choice":"Success","floor":2.0,"gold_loss":0.0,"damage_taken":18.0,"relics_obtained":["Happy Flower"]},{"cards_removed":["Meteor Strike"],"damage_healed":0.0,"max_hp_gain":0.0,"max_hp_loss":0.0,"gold_gain":0.0,"event_name":"Golden Wing","player_choice":"Card Removal","floor":3.0,"gold_loss":0.0,"damage_taken":7.0},{"damage_healed":0.0,"max_hp_gain":0.0,"max_hp_loss":0.0,"gold_gain":0.0,"event_name":"Living Wall","player_choice":"Grow","floor":13.0,"gold_loss":0.0,"damage_taken":0.0,"cards_upgraded":["Biased Cognition"]},{"cards_removed":["Strike_B"],"damage_healed":0.0,"max_hp_gain":0.0,"max_hp_loss":0.0,"gold_gain":0.0,"event_name":"Bonfire Elementals","player_choice":"Offered Basic","floor":19.0,"gold_loss":0.0,"damage_taken":0.0},{"damage_healed":0.0,"max_hp_gain":0.0,"max_hp_loss":0.0,"gold_gain":0.0,"event_name":"Knowing Skull","player_choice":"","floor":31.0,"potions_obtained":[],"gold_loss":0.0,"damage_taken":7.0,"cards_obtained":[]},{"damage_healed":58.0,"max_hp_gain":0.0,"max_hp_loss":13.0,"gold_gain":0.0,"event_name":"The Moai Head","player_choice":"Heal","floor":39.0,"gold_loss":0.0,"damage_taken":0.0}],"is_beta":false,"boss_relics":[{"not_picked":["Coffee Dripper","Empty Cage"],"picked":"Cursed Key"},{"not_picked":["White Beast Statue","Lizard Tail"],"picked":"Nuclear Battery"}],"items_purged_floors":[],"is_endless":false,"potions_floor_spawned":[5,7,14,22,30,37,38],"killed_by":"Reptomancer","ascension_level":18}