{"gold_per_floor":[115,133,148,223,112,112,131,131,131,306,319,104,124,143,143,248,248,263,173,48,0,12,12],"floor_reached":23,"playtime":1181,"items_purged":["Defend_R","Strike_R","Decay"],"score":192,"play_id":"76b95f19-9b5e-4269-8677-2eb97f9ebf84","local_time":"20181226190312","is_ascension_mode":true,"campfire_choices":[{"data":"Rage","floor":6,"key":"SMITH"},{"data":"Shrug It Off","floor":8,"key":"SMITH"},{"data":"Flame Barrier","floor":15,"key":"SMITH"}],"neow_cost":"TEN_PERCENT_HP_LOSS","seed_source_timestamp":184872760537712,"circlet_count":0,"master_deck":["Strike_R","Strike_R","Defend_R","Defend_R","Defend_R","Burning Pact","Inflame+1","Blood for Blood","Warcry","Shrug It Off","Rage+1","Shrug It Off+1","Thunderclap","Flame Barrier+1","Inflame","Flex","Barricade","Regret","Sword Boomerang+1","Anger+1"],"relics":["Burning Blood","Omamori","Calling Bell","Dream Catcher","Pantograph","Turnip"],"potions_floor_usage":[16,23,23],"damage_taken":[{"damage":8,"enemies":"Jaw Worm","floor":1,"turns":4},{"damage":1,"enemies":"2 Louse","floor":2,"turns":4},{"damage":5,"enemies":"Small Slimes","floor":3,"turns":4},{"damage":8,"enemies":"Red Slaver","floor":7,"turns":3},{"damage":10,"enemies":"Exordium Wildlife","floor":11,"turns":4},{"damage":4,"enemies":"2 Fungi Beasts","floor":13,"turns":4},{"damage":12,"enemies":"Exordium Thugs","floor":14,"turns":5},{"damage":29,"enemies":"The Guardian","floor":16,"turns":13},{"damage":15,"enemies":"Spheric Guardian","floor":18,"turns":8},{"damage":21,"enemies":"2 Thieves","floor":21,"turns":5},{"damage":35,"enemies":"Cultist and Chosen","floor":22,"turns":5},{"damage":35,"enemies":"Gremlin Leader","floor":23,"turns":5}],"seed_played":"2598707787584171085","potions_obtained":[{"floor":2,"key":"SpeedPotion"},{"floor":7,"key":"BloodPotion"},{"floor":13,"key":"FearPotion"},{"floor":14,"key":"Energy Potion"},{"floor":22,"key":"Fire Potion"}],"is_trial":false,"path_per_floor":["M","M","M","?","$","R","M","R","T","?","M","$","M","M","R","B",null,"M","?","$","M","M","E"],"character_chosen":"IRONCLAD","items_purchased":["Rage","Flame Barrier","Inflame"],"campfire_rested":0,"item_purchase_floors":[5,12,12],"current_hp_per_floor":[70,72,72,61,61,61,59,59,59,59,55,55,57,51,51,28,72,63,63,63,48,19,0],"gold":12,"neow_bonus":"TRANSFORM_TWO_CARDS","is_prod":false,"is_daily":false,"chose_seed":false,"campfire_upgraded":3,"win_rate":0,"timestamp":1545838392,"path_taken":["M","M","M","?","$","R","M","R","T","?","M","?","M","M","R","BOSS","M","?","$","M","?","E"],"build_version":"2018-12-25","purchased_purges":3,"victory":false,"max_hp_per_floor":[72,72,72,72,72,72,72,72,72,72,72,72,72,72,72,72,72,72,72,72,72,72,72],"card_choices":[{"not_picked":["Havoc","Burning Pact"],"picked":"Blood for Blood","floor":1},{"not_picked":["Headbutt","Thunderclap"],"picked":"Warcry","floor":2},{"not_picked":["Carnage","Iron Wave"],"picked":"Shrug It Off","floor":3},{"not_picked":["Heavy Blade","Evolve"],"picked":"Shrug It Off","floor":7},{"not_picked":["Wild Strike","Ghostly Armor"],"picked":"Thunderclap","floor":11},{"not_picked":["Clash","Second Wind"],"picked":"Flex","floor":13},{"not_picked":["Havoc","Rage","Feel No Pain"],"picked":"SKIP","floor":14},{"not_picked":["Feed","Dark Embrace"],"picked":"Barricade","floor":16},{"not_picked":["Rupture","Uppercut"],"picked":"Sword Boomerang+1","floor":18},{"not_picked":["Thunderclap+1","Burning Pact"],"picked":"Anger+1","floor":21},{"not_picked":["Warcry","True Grit","Thunderclap"],"picked":"SKIP","floor":22}],"player_experience":248618,"relics_obtained":[{"floor":9,"key":"Omamori"},{"floor":17,"key":"Dream Catcher"},{"floor":17,"key":"Pantograph"},{"floor":17,"key":"Turnip"}],"event_choices":[{"damage_healed":0,"gold_gain":75,"player_choice":"Gather Gold","damage_taken":11,"max_hp_gain":0,"max_hp_loss":0,"event_name":"World of Goop","floor":4,"gold_loss":0},{"damage_healed":0,"gold_gain":175,"player_choice":"AGREE","damage_taken":0,"max_hp_gain":0,"max_hp_loss":0,"event_name":"Liars Game","floor":10,"gold_loss":0,"cards_obtained":["Doubt"]},{"cards_removed":["Strike_R"],"damage_healed":0,"gold_gain":0,"player_choice":"Upgrade and Remove","damage_taken":0,"max_hp_gain":0,"max_hp_loss":0,"event_name":"Designer","floor":19,"gold_loss":90,"cards_upgraded":["Inflame"]}],"is_beta":true,"boss_relics":[{"not_picked":["Eternal Feather","Orrery"],"picked":"Calling Bell"}],"items_purged_floors":[5,12,20],"is_endless":false,"potions_floor_spawned":[2,7,13,14,22],"killed_by":"Gremlin Leader","ascension_level":1}