{"path_per_floor":["M","M","M","M","M","E","R","M","T","$","?","R","M","M","R","B",null,"M","M","T","$","M","R"],"character_chosen":"THE_SILENT","items_purchased":["Bouncing Flask","Malaise","Flash of Steel","Outmaneuver+1"],"gold_per_floor":[116,127,144,154,173,206,206,224,278,4,4,4,23,40,40,142,142,158,168,168,16,31,31,31],"floor_reached":24,"campfire_rested":2,"playtime":1619,"item_purchase_floors":[10,10,10,21],"current_hp_per_floor":[70,69,68,65,65,38,38,37,37,37,37,37,30,21,42,20,70,68,56,56,56,37,58,0],"items_purged":["Defend_G","Defend_G"],"gold":31,"score":202,"play_id":"1a7bdfc9-5158-44ee-83bf-afa84a240112","local_time":"20180621061223","is_prod":false,"is_daily":false,"chose_seed":false,"is_ascension_mode":false,"campfire_upgraded":2,"win_rate":0,"timestamp":1529575943,"campfire_choices":[{"data":"Envenom","floor":7,"key":"SMITH"},{"data":"Malaise","floor":12,"key":"SMITH"},{"floor":15,"key":"REST"},{"floor":23,"key":"REST"}],"path_taken":["M","M","M","M","M","E","R","M","T","$","?","R","M","M","R","BOSS","M","M","?","$","M","R","E"],"build_version":"2018-06-20v2","seed_source_timestamp":1511446089345905,"purchased_purges":2,"circlet_count":0,"victory":false,"master_deck":["Defend_G","Defend_G","Defend_G","Strike_G","Strike_G","Strike_G","Strike_G","Survivor","Neutralize","Blur","Caltrops","Quick Slash","Quick Slash","Backflip","Endless Agony","Dagger Throw","Leg Sweep","Prepared","Envenom+1","Eviscerate","Bouncing Flask","Malaise+1","Flash of Steel","Endless Agony","Reflex","After Image","Predator+1","Infinite Blades+1","Outmaneuver+1","Catalyst+1"],"max_hp_per_floor":[70,70,70,70,70,70,70,70,70,70,70,70,70,70,70,70,70,70,70,70,70,70,70,70],"relics":["Orrery","Bronze Scales","Tiny Chest","Fusion Hammer","Toxic Egg 2"],"card_choices":[{"not_picked":["Deadly Poison","Poisoned Stab"],"picked":"Blur","floor":0},{"not_picked":["Poisoned Stab","Die Die Die"],"picked":"Caltrops","floor":0},{"not_picked":["Riddle With Holes","Blur"],"picked":"Quick Slash","floor":0},{"not_picked":["Dagger Spray","Escape Plan"],"picked":"Quick Slash","floor":0},{"not_picked":["Cloak And Dagger","Prepared"],"picked":"Backflip","floor":0},{"not_picked":["PiercingWail","Quick Slash"],"picked":"Endless Agony","floor":1},{"not_picked":["Riddle With Holes","Poisoned Stab"],"picked":"Dagger Throw","floor":2},{"not_picked":["Deflect","Slice"],"picked":"Leg Sweep","floor":3},{"not_picked":["PiercingWail","Slice"],"picked":"Prepared","floor":4},{"not_picked":["Accuracy","Quick Slash","Dagger Throw"],"picked":"SKIP","floor":5},{"not_picked":["Poisoned Stab","Outmaneuver"],"picked":"Envenom","floor":6},{"not_picked":["Quick Slash","Poisoned Stab"],"picked":"Eviscerate","floor":8},{"not_picked":["Deflect","Poisoned Stab"],"picked":"Endless Agony","floor":13},{"not_picked":["Calculated Gamble","Flying Knee"],"picked":"Reflex","floor":14},{"not_picked":["Bullet Time","Die Die Die"],"picked":"After Image","floor":16},{"not_picked":["Deflect","PiercingWail"],"picked":"Predator+1","floor":18},{"not_picked":["Finisher","Accuracy"],"picked":"Infinite Blades+1","floor":19},{"not_picked":["Quick Slash","Prepared+1"],"picked":"Catalyst+1","floor":22}],"player_experience":116206,"potions_floor_usage":[5,6,16,16,16,19],"damage_taken":[{"damage":0,"enemies":"2 Louse","floor":1,"turns":3},{"damage":1,"enemies":"Cultist","floor":2,"turns":3},{"damage":1,"enemies":"Small Slimes","floor":3,"turns":3},{"damage":3,"enemies":"Exordium Thugs","floor":4,"turns":6},{"damage":0,"enemies":"3 Louse","floor":5,"turns":4},{"damage":27,"enemies":"Lagavulin","floor":6,"turns":12},{"damage":1,"enemies":"Red Slaver","floor":8,"turns":5},{"damage":7,"enemies":"Exordium Wildlife","floor":13,"turns":4},{"damage":9,"enemies":"Exordium Thugs","floor":14,"turns":5},{"damage":22,"enemies":"The Guardian","floor":16,"turns":11},{"damage":2,"enemies":"Chosen","floor":18,"turns":5},{"damage":12,"enemies":"2 Thieves","floor":19,"turns":4},{"damage":19,"enemies":"Snake Plant","floor":22,"turns":5},{"damage":61,"enemies":"Slavers","floor":24,"turns":4}],"relics_obtained":[{"floor":6,"key":"Bronze Scales"},{"floor":9,"key":"Tiny Chest"},{"floor":20,"key":"Toxic Egg 2"}],"event_choices":[{"event_name":"Purifier","player_choice":"One Purge","floor":11,"damage_taken":0}],"boss_relics":[{"not_picked":["Calling Bell","Empty Cage"],"picked":"Fusion Hammer"}],"items_purged_floors":[10,21],"is_endless":false,"potions_floor_spawned":[4,5,8,13,14,18],"seed_played":"5241181718379335804","killed_by":"Slavers","ascension_level":0,"potions_obtained":[{"floor":4,"key":"SkillPotion"},{"floor":5,"key":"Explosive Potion"},{"floor":8,"key":"GhostInAJar"},{"floor":13,"key":"FearPotion"},{"floor":14,"key":"Swift Potion"},{"floor":18,"key":"SkillPotion"}],"is_trial":false}