{"gold_per_floor":[18,18,38,50,50,77,77,108,108,123,123,24,39,65,65,65],"floor_reached":16,"playtime":507,"items_purged":["Strike_R"],"score":132,"play_id":"54dfad69-fed4-43ab-9514-ccb580658547","local_time":"20190122033208","is_ascension_mode":true,"campfire_choices":[{"data":"1","floor":7.0,"key":"LIFT"},{"data":"2","floor":11.0,"key":"LIFT"},{"floor":15.0,"key":"REST"}],"neow_cost":"NO_GOLD","seed_source_timestamp":26321590536421,"circlet_count":0,"master_deck":["Strike_R","Strike_R","Strike_R","Strike_R","Defend_R","Defend_R","Defend_R","Defend_R","Immolate","Heavy Blade","Fire Breathing","Battle Trance","Spot Weakness","Inflame","Pommel Strike","Shrug It Off","Intimidate"],"special_seed":0,"relics":["Burning Blood","Girya","Shuriken","Matryoshka","Pen Nib"],"potions_floor_usage":[16],"damage_taken":[{"damage":4.0,"enemies":"Jaw Worm","floor":1.0,"turns":4.0},{"damage":1.0,"enemies":"Cultist","floor":3.0,"turns":3.0},{"damage":0.0,"enemies":"2 Louse","floor":4.0,"turns":1.0},{"damage":27.0,"enemies":"Gremlin Nob","floor":6.0,"turns":4.0},{"damage":28.0,"enemies":"Lagavulin","floor":8.0,"turns":5.0},{"damage":5.0,"enemies":"Exordium Wildlife","floor":10.0,"turns":3.0},{"damage":15.0,"enemies":"3 Louse","floor":13.0,"turns":2.0},{"damage":21.0,"enemies":"3 Sentries","floor":14.0,"turns":5.0},{"damage":43,"enemies":"The Guardian","floor":16,"turns":12}],"seed_played":"8607365028440818727","potions_obtained":[{"floor":1.0,"key":"Ancient Potion"},{"floor":6.0,"key":"Weak Potion"},{"floor":10.0,"key":"FearPotion"}],"is_trial":false,"path_per_floor":["?","M","M"],"character_chosen":"IRONCLAD","items_purchased":["Pommel Strike"],"campfire_rested":1,"item_purchase_floors":[12],"current_hp_per_floor":[80,80,80,80,80,59,59,37,37,38,38,38,29,14,38,0],"gold":65,"neow_bonus":"THREE_RARE_CARDS","is_prod":false,"is_daily":false,"chose_seed":false,"campfire_upgraded":0,"win_rate":0,"timestamp":1548115328,"path_taken":["M","?","M","M","$","E","R","E","T","?","R","$","?","E","R","BOSS"],"build_version":"2019-01-20","purchased_purges":1,"victory":false,"max_hp_per_floor":[80,80,80,80,80,80,80,80,80,80,80,80,80,80,80,80],"card_choices":[{"not_picked":["Reaper","Exhume"],"picked":"Immolate","floor":0.0},{"not_picked":["Corruption","Rampage"],"picked":"Heavy Blade","floor":1.0},{"not_picked":["Warcry","Dual Wield","Heavy Blade"],"picked":"SKIP","floor":3.0},{"not_picked":["Pommel Strike","Double Tap"],"picked":"Battle Trance","floor":4.0},{"not_picked":["Clothesline","Evolve"],"picked":"Spot Weakness","floor":6.0},{"not_picked":["Fiend Fire","Exhume"],"picked":"Inflame","floor":8.0},{"not_picked":["Thunderclap","Body Slam","Clash"],"picked":"SKIP","floor":10.0},{"not_picked":["Iron Wave","Pommel Strike"],"picked":"Shrug It Off","floor":13.0},{"not_picked":["Body Slam","Feel No Pain"],"picked":"Intimidate","floor":14.0}],"player_experience":473785,"relics_obtained":[{"floor":6.0,"key":"Girya"},{"floor":8.0,"key":"Shuriken"},{"floor":9.0,"key":"Matryoshka"},{"floor":14.0,"key":"Pen Nib"}],"event_choices":[{"damage_healed":0.0,"max_hp_gain":0.0,"max_hp_loss":0.0,"gold_gain":0.0,"cards_transformed":["Bash"],"event_name":"Transmorgrifier","player_choice":"Transformed","floor":2.0,"gold_loss":0.0,"damage_taken":0.0,"cards_obtained":["Fire Breathing"]}],"is_beta":true,"boss_relics":[],"items_purged_floors":[12],"is_endless":false,"potions_floor_spawned":[1,6,10],"killed_by":"The Guardian","ascension_level":2}