{"gold_per_floor":[117,117,136,152,169,169,179,190,266,266,281,281,299,316,316,316],"floor_reached":16,"playtime":597,"items_purged":[],"score":118,"play_id":"f38e6be5-c944-4878-9f3f-12998f0adab5","local_time":"20190711182935","is_ascension_mode":true,"campfire_choices":[{"data":"Metallicize","floor":6.0,"key":"SMITH"},{"data":"Shrug It Off","floor":10.0,"key":"SMITH"},{"data":"Shockwave","floor":15.0,"key":"SMITH"}],"neow_cost":"NONE","seed_source_timestamp":1103049559855,"circlet_count":0,"master_deck":["Strike_R","Strike_R","Strike_R","Strike_R","Defend_R","Defend_R","Defend_R","Defend_R","Bash","Berserk","Shockwave+1","Pommel Strike","Metallicize+1","Shrug It Off+1","Bloodletting","Immolate"],"special_seed":0,"relics":["Burning Blood","Singing Bowl"],"potions_floor_usage":[16,16],"damage_taken":[{"damage":13.0,"enemies":"Jaw Worm","floor":1.0,"turns":3.0},{"damage":0.0,"enemies":"2 Louse","floor":3.0,"turns":3.0},{"damage":6.0,"enemies":"Cultist","floor":4.0,"turns":4.0},{"damage":18.0,"enemies":"Blue Slaver","floor":5.0,"turns":4.0},{"damage":9.0,"enemies":"Looter","floor":7.0,"turns":3.0},{"damage":2.0,"enemies":"Exordium Thugs","floor":8.0,"turns":5.0},{"damage":6.0,"enemies":"Red Slaver","floor":11.0,"turns":4.0},{"damage":0.0,"enemies":"Large Slime","floor":13.0,"turns":6.0},{"damage":7.0,"enemies":"3 Louse","floor":14.0,"turns":2.0},{"damage":84,"enemies":"The Guardian","floor":16,"turns":16}],"seed_played":"-2699527496214749224","potions_obtained":[{"floor":1.0,"key":"SkillPotion"},{"floor":8.0,"key":"SteroidPotion"},{"floor":11.0,"key":"LiquidBronze"},{"floor":14.0,"key":"Swift Potion"}],"is_trial":false,"path_per_floor":["M","?","M","M","M","R","M","M","T","R","M","?","M","M","R","B"],"character_chosen":"IRONCLAD","items_purchased":[],"campfire_rested":0,"item_purchase_floors":[],"current_hp_per_floor":[73,78,84,84,72,72,69,73,73,73,75,75,81,82,82,0],"gold":316,"neow_bonus":"ONE_RANDOM_RARE_CARD","is_prod":false,"is_daily":false,"chose_seed":false,"campfire_upgraded":3,"win_rate":0,"timestamp":1562857175,"path_taken":["M","?","M","M","M","R","M","M","T","R","M","?","?","M","R","BOSS"],"build_version":"2019-06-11","purchased_purges":0,"victory":false,"max_hp_per_floor":[80,85,85,85,85,85,85,85,85,85,87,87,87,89,89,89],"card_choices":[{"not_picked":["Warcry","Twin Strike"],"picked":"Shockwave","floor":1.0},{"not_picked":["True Grit","Perfected Strike","Warcry"],"picked":"SKIP","floor":3.0},{"not_picked":["Battle Trance","Twin Strike"],"picked":"Pommel Strike","floor":4.0},{"not_picked":["Limit Break","Iron Wave"],"picked":"Metallicize","floor":5.0},{"not_picked":["Heavy Blade","Anger","Sword Boomerang"],"picked":"SKIP","floor":7.0},{"not_picked":["Disarm","Cleave"],"picked":"Shrug It Off","floor":8.0},{"not_picked":["Clash","Dropkick","Headbutt"],"picked":"Singing Bowl","floor":11.0},{"not_picked":["Whirlwind","Power Through"],"picked":"Immolate","floor":13.0},{"not_picked":["Clash","Havoc","Heavy Blade"],"picked":"Singing Bowl","floor":14.0}],"player_experience":727018,"relics_obtained":[{"floor":9.0,"key":"Singing Bowl"}],"event_choices":[{"damage_healed":0.0,"max_hp_gain":5.0,"max_hp_loss":0.0,"gold_gain":0.0,"event_name":"Big Fish","player_choice":"Donut","floor":2.0,"gold_loss":0.0,"damage_taken":0.0},{"damage_healed":0.0,"max_hp_gain":0.0,"max_hp_loss":0.0,"gold_gain":0.0,"cards_transformed":["Strike_R"],"event_name":"Transmorgrifier","player_choice":"Transformed","floor":12.0,"gold_loss":0.0,"damage_taken":0.0,"cards_obtained":["Bloodletting"]}],"is_beta":true,"boss_relics":[],"items_purged_floors":[],"is_endless":false,"potions_floor_spawned":[1,8,11,14],"killed_by":"The Guardian","ascension_level":4}