{"gold_per_floor":[118,135,147,161,173,173,192,59,59,59,59,8,43,43,43,141,141,158,158,158,178,178,178,196,227,272,272,286,286,312,312],"floor_reached":31,"playtime":1074,"items_purged":[],"score":289,"play_id":"6d443178-5a18-4bdc-a45e-e6d13fbf7794","local_time":"20190121005129","is_ascension_mode":true,"campfire_choices":[{"data":"Static Discharge","floor":6,"key":"SMITH"},{"data":"Capacitor","floor":10,"key":"SMITH"},{"data":"Loop","floor":15,"key":"SMITH"},{"data":"Echo Form","floor":23,"key":"SMITH"},{"data":"Defragment","floor":27,"key":"SMITH"},{"data":"Self Repair","floor":29,"key":"SMITH"}],"neow_cost":"NONE","seed_source_timestamp":25541301761102,"circlet_count":0,"master_deck":["Strike_B","Defend_B","Defend_B","Defend_B","Zap","Dualcast","Cold Snap","Static Discharge+1","Loop+1","Go for the Eyes","Darkness","Conserve Battery","Capacitor+1","Leap","Self Repair+1","Glacier","Echo Form+1","Leap+1","Defragment+1","Leap","Rainbow","Gash+1","Electrodynamics","Conserve Battery"],"special_seed":0,"relics":["Cracked Core","Mummified Hand","Pantograph","Inserter","Blood Vial","Oddly Smooth Stone","Prayer Wheel"],"potions_floor_usage":[7,13,13,18,24,30],"damage_taken":[{"damage":1,"enemies":"Cultist","floor":1,"turns":3},{"damage":3,"enemies":"Small Slimes","floor":2,"turns":3},{"damage":4,"enemies":"Jaw Worm","floor":3,"turns":2},{"damage":2,"enemies":"Blue Slaver","floor":4,"turns":3},{"damage":14,"enemies":"Exordium Wildlife","floor":5,"turns":5},{"damage":20,"enemies":"Gremlin Gang","floor":7,"turns":4},{"damage":23,"enemies":"Gremlin Nob","floor":13,"turns":4},{"damage":20,"enemies":"Slime Boss","floor":16,"turns":12},{"damage":11,"enemies":"3 Byrds","floor":18,"turns":2},{"damage":0,"enemies":"Spheric Guardian","floor":21,"turns":6},{"damage":0,"enemies":"Snecko","floor":24,"turns":7},{"damage":38,"enemies":"Slavers","floor":25,"turns":4},{"damage":14,"enemies":"Snake Plant","floor":28,"turns":3},{"damage":23,"enemies":"Gremlin Leader","floor":30,"turns":7},{"damage":30,"enemies":"Centurion and Healer","floor":31,"turns":4}],"seed_played":"6788170904948446140","potions_obtained":[{"floor":5,"key":"LiquidBronze"},{"floor":7,"key":"Weak Potion"},{"floor":16,"key":"SkillPotion"},{"floor":21,"key":"PowerPotion"},{"floor":28,"key":"AttackPotion"}],"is_trial":false,"path_per_floor":["M","M","M","M","M","R","M","$","T","R","?","$","E","?","R","B",null,"M","?","?","M","?","R","M","E","T","R","M","R","E","M"],"character_chosen":"DEFECT","items_purchased":["Capacitor","Leap","Dexterity Potion"],"campfire_rested":0,"item_purchase_floors":[8,8,12],"current_hp_per_floor":[74,71,67,65,51,51,31,31,31,31,31,31,15,15,15,27,75,64,64,64,75,75,75,75,51,51,51,39,39,28,0],"gold":312,"neow_bonus":"REMOVE_CARD","is_prod":false,"is_daily":false,"chose_seed":false,"campfire_upgraded":6,"win_rate":0,"timestamp":1548019289,"path_taken":["M","M","M","M","M","R","M","$","T","R","?","?","E","?","R","BOSS","M","?","?","M","?","R","M","E","T","R","?","R","E","M"],"build_version":"2019-01-19","purchased_purges":0,"victory":false,"max_hp_per_floor":[75,75,75,75,75,75,75,75,75,75,75,75,75,75,75,75,75,75,75,75,75,75,75,75,75,75,75,75,75,75,75],"card_choices":[{"not_picked":["Turbo","Steam"],"picked":"Cold Snap","floor":1},{"not_picked":["Leap","Barrage"],"picked":"Static Discharge","floor":2},{"not_picked":["Hologram","Coolheaded"],"picked":"Loop","floor":3},{"not_picked":["Streamline","Sweeping Beam"],"picked":"Go for the Eyes","floor":4},{"not_picked":["Hologram","Rebound"],"picked":"Darkness","floor":5},{"not_picked":["Auto Shields","Leap"],"picked":"Conserve Battery","floor":7},{"not_picked":["BootSequence","Sunder"],"picked":"Glacier","floor":13},{"not_picked":["Amplify","Reboot"],"picked":"Echo Form","floor":16},{"not_picked":["Rip and Tear","Loop"],"picked":"Leap+1","floor":18},{"not_picked":["Double Energy","Heatsinks"],"picked":"Gash+1","floor":21},{"not_picked":["Stack","Rebound","Amplify"],"picked":"SKIP","floor":24},{"not_picked":["Rebound","Glacier"],"picked":"Electrodynamics","floor":25},{"not_picked":["Streamline+1","Compile Driver","Rebound+1"],"picked":"SKIP","floor":28},{"not_picked":["Heatsinks","Doom and Gloom"],"picked":"Conserve Battery","floor":30}],"player_experience":456568,"relics_obtained":[{"floor":9,"key":"Mummified Hand"},{"floor":13,"key":"Pantograph"},{"floor":25,"key":"Blood Vial"},{"floor":26,"key":"Oddly Smooth Stone"},{"floor":30,"key":"Prayer Wheel"}],"event_choices":[{"damage_healed":0,"gold_gain":0,"cards_transformed":["Strike_B"],"player_choice":"Transformed","damage_taken":0,"max_hp_gain":0,"max_hp_loss":0,"event_name":"Transmorgrifier","floor":11,"gold_loss":0,"cards_obtained":["Self Repair"]},{"damage_healed":0,"gold_gain":0,"player_choice":"Searched \u00270\u0027 times","damage_taken":0,"max_hp_gain":0,"max_hp_loss":0,"event_name":"Dead Adventurer","floor":14,"gold_loss":0},{"damage_healed":0,"gold_gain":0,"player_choice":"Read","damage_taken":0,"max_hp_gain":0,"max_hp_loss":0,"event_name":"The Library","floor":19,"gold_loss":0,"cards_obtained":["Defragment"]},{"damage_healed":0,"gold_gain":0,"cards_transformed":["Strike_B","Strike_B"],"player_choice":"Became Test Subject","damage_taken":0,"max_hp_gain":0,"max_hp_loss":0,"event_name":"Drug Dealer","floor":20,"gold_loss":0,"cards_obtained":["Leap","Rainbow"]},{"damage_healed":0,"gold_gain":0,"player_choice":"Ignored","damage_taken":0,"max_hp_gain":0,"max_hp_loss":0,"event_name":"Ghosts","floor":22,"gold_loss":0}],"is_beta":true,"boss_relics":[{"not_picked":["Snecko Eye","Calling Bell"],"picked":"Inserter"}],"items_purged_floors":[],"is_endless":false,"potions_floor_spawned":[5,7,16,21,28],"killed_by":"Centurion and Healer","ascension_level":1}