{"gold_per_floor":[115,126,201,201,201,201,215,231,282,296,471,485,485,440,440,440],"floor_reached":16,"playtime":653,"items_purged":[],"score":92,"play_id":"6e6ee3bb-8eda-4ddc-91b5-bd79b360343c","local_time":"20190108225027","is_ascension_mode":false,"campfire_choices":[{"data":"Survivor","floor":6,"key":"SMITH"},{"data":"Backflip","floor":13,"key":"SMITH"},{"data":"Sucker Punch","floor":15,"key":"SMITH"}],"neow_cost":"NONE","seed_source_timestamp":15489245946493,"circlet_count":0,"master_deck":["Defend_G","Defend_G","Defend_G","Defend_G","Defend_G","Strike_G","Strike_G","Strike_G","Strike_G","Survivor+1","Neutralize+1","Sucker Punch+1","Slice","Outmaneuver","Deflect","Deflect","Doubt","Backflip+1","Endless Agony"],"relics":["Ring of the Snake","NeowsBlessing","Anchor"],"potions_floor_usage":[8,16,16,16],"damage_taken":[{"damage":0,"enemies":"Small Slimes","floor":1,"turns":1},{"damage":0,"enemies":"Jaw Worm","floor":2,"turns":1},{"damage":0,"enemies":"2 Louse","floor":7,"turns":1},{"damage":4,"enemies":"Red Slaver","floor":8,"turns":3},{"damage":1,"enemies":"3 Louse","floor":10,"turns":3},{"damage":0,"enemies":"Large Slime","floor":12,"turns":10},{"damage":0,"enemies":"Looter","floor":14,"turns":5},{"damage":69,"enemies":"The Guardian","floor":16,"turns":23}],"seed_played":"-3173868578812984965","potions_obtained":[{"floor":2,"key":"SkillPotion"},{"floor":8,"key":"Ancient Potion"},{"floor":12,"key":"EntropicBrew"}],"is_trial":false,"path_per_floor":["M","M","?","?","?","R","M","M","T","M","?","M","R","M","R","B"],"character_chosen":"THE_SILENT","items_purchased":[],"campfire_rested":0,"item_purchase_floors":[],"current_hp_per_floor":[70,70,59,59,59,59,59,55,55,54,54,54,54,54,54,0],"gold":440,"neow_bonus":"THREE_ENEMY_KILL","is_prod":false,"is_daily":false,"chose_seed":false,"campfire_upgraded":3,"win_rate":0,"timestamp":1546975227,"path_taken":["M","M","?","?","?","R","?","M","T","M","?","M","R","M","R","BOSS"],"build_version":"2019-01-07","purchased_purges":0,"victory":false,"max_hp_per_floor":[70,70,70,70,70,70,70,70,70,70,70,70,70,70,70,70],"card_choices":[{"not_picked":["Quick Slash","Acrobatics"],"picked":"Sucker Punch","floor":1},{"not_picked":["Quick Slash","Dodge and Roll"],"picked":"Slice","floor":2},{"not_picked":["Slice","Deadly Poison"],"picked":"Outmaneuver","floor":7},{"not_picked":["Corpse Explosion","Eviscerate"],"picked":"Deflect","floor":8},{"not_picked":["Flechettes","Accuracy"],"picked":"Deflect","floor":10},{"not_picked":["Cloak And Dagger","Quick Slash"],"picked":"Backflip","floor":12},{"not_picked":["Deflect","Dodge and Roll"],"picked":"Endless Agony","floor":14}],"player_experience":321030,"relics_obtained":[{"floor":9,"key":"Anchor"}],"event_choices":[{"damage_healed":0,"gold_gain":75,"player_choice":"Gather Gold","damage_taken":11,"max_hp_gain":0,"max_hp_loss":0,"event_name":"World of Goop","floor":3,"gold_loss":0},{"damage_healed":0,"gold_gain":0,"player_choice":"Grow","damage_taken":0,"max_hp_gain":0,"max_hp_loss":0,"event_name":"Living Wall","floor":4,"gold_loss":0,"cards_upgraded":["Neutralize"]},{"cards_removed":["Strike_G"],"damage_healed":0,"gold_gain":0,"player_choice":"Card Removal","damage_taken":0,"max_hp_gain":0,"max_hp_loss":0,"event_name":"Wheel of Change","floor":5,"gold_loss":0},{"damage_healed":0,"gold_gain":175,"player_choice":"AGREE","damage_taken":0,"max_hp_gain":0,"max_hp_loss":0,"event_name":"Liars Game","floor":11,"gold_loss":0,"cards_obtained":["Doubt"]}],"is_beta":true,"boss_relics":[],"items_purged_floors":[],"is_endless":false,"potions_floor_spawned":[2,8,12],"killed_by":"The Guardian","ascension_level":0}