{"path_per_floor":["M","M","M","M","?","R","M","R","T","M","E","$","M","M","R","B",null,"M","$","?","M"],"character_chosen":"THE_SILENT","items_purchased":["Panache","Flash of Steel","Terror"],"gold_per_floor":[113,132,147,158,123,123,133,133,156,172,206,21,40,51,51,149,149,169,12,12,22],"floor_reached":22,"campfire_rested":0,"playtime":3290,"current_hp_per_floor":[70,68,68,63,70,70,70,70,70,67,58,58,51,51,51,29,70,46,46,46,18],"items_purged":[],"gold":22,"play_id":"ff6ca000-2363-4cdc-9e26-77ea8df19995","is_prod":false,"is_daily":false,"campfire_rituals":0,"campfire_upgraded":3,"is_hardmode":false,"path_taken":["M","M","M","?","?","R","M","R","T","M","E","$","M","M","R","BOSS","M","$","?","M","M"],"build_version":"2018-01-18-PROD2","purchased_purges":0,"victory":false,"master_deck":["Defend_G","Defend_G","Defend_G","Defend_G","Defend_G","Strike_G","Strike_G","Strike_G","Strike_G","Strike_G","Survivor","Neutralize","Deadly Poison","Dodge and Roll","Poisoned Stab","Deflect","Dagger Throw","Slice","Bullet Time","Panache","Prepared","Prepared","Night Terror","Flying Knee","Flash of Steel","Terror","Acrobatics"],"max_hp_per_floor":[70,70,70,70,70,70,70,70,70,70,70,70,70,70,70,70,70,70,70,70,70],"relics":["Ring of the Snake","Bronze Scales","War Paint","Lizard Tail"],"campfire_meditates":0,"card_choices":[{"not_picked":["Quick Slash","PiercingWail"],"picked":"Deadly Poison"},{"not_picked":["Choke","Dash"],"picked":"Dodge and Roll"},{"not_picked":["Skewer","Sucker Punch"],"picked":"Poisoned Stab"},{"not_picked":["Envenom","Dagger Spray"],"picked":"Deflect"},{"not_picked":["Deadly Poison","Calculated Gamble"],"picked":"Dagger Throw"},{"not_picked":["Dagger Throw","After Image"],"picked":"Slice"},{"not_picked":["Quick Slash","Skewer"],"picked":"Bullet Time"},{"not_picked":["Backflip","Endless Agony"],"picked":"Prepared"},{"not_picked":["Dodge and Roll","Backflip"],"picked":"Prepared"},{"not_picked":["Burst","Wraith Form"],"picked":"Night Terror"},{"not_picked":["Dodge and Roll","Acrobatics"],"picked":"Flying Knee"},{"not_picked":["Slice","Flying Knee"],"picked":"Acrobatics"}],"player_experience":1411,"potions_floor_usage":[16,18,21,21],"damage_taken":[{"damage":0,"enemies":"Blue Slaver","floor":1,"turns":6},{"damage":2,"enemies":"Small Slimes","floor":2,"turns":5},{"damage":0,"enemies":"Cultist","floor":3,"turns":5},{"damage":5,"enemies":"3 Louse","floor":4,"turns":5},{"damage":0,"enemies":"Looter","floor":7,"turns":3},{"damage":3,"enemies":"Large Slime","floor":10,"turns":6},{"damage":9,"enemies":"Gremlin Nob","floor":11,"turns":5},{"damage":7,"enemies":"Exordium Thugs","floor":13,"turns":6},{"damage":0,"enemies":"Looter","floor":14,"turns":3},{"damage":37,"enemies":"The Guardian","floor":16,"turns":11},{"damage":24,"enemies":"Spheric Guardian","floor":18,"turns":7},{"damage":28,"enemies":"Chosen","floor":21,"turns":6},{"damage":56,"enemies":"Sentry and Sphere","floor":22,"turns":5}],"event_choices":[{"event_name":"The Cleric","player_choice":"Healed","floor":5,"damage_taken":0},{"event_name":"Beggar","player_choice":"Ignored","floor":20,"damage_taken":0}],"boss_relics":[{"not_picked":["Snecko Eye","Runic Pyramid"],"picked":"Lizard Tail"}],"potions_floor_spawned":[2,3,4,10,14,18,21],"seed_played":"-2236662266248289518","killed_by":"Sentry and Sphere","is_trial":false}