{"gold_per_floor":[112,112,127,47,47,47,65,84,84,9,27,27,27,44,44,44],"floor_reached":16,"playtime":778,"items_purged":["Strike_G"],"score":110,"play_id":"b02cb502-6263-4492-9ba7-af75aeabaeb8","local_time":"20190722012007","is_ascension_mode":true,"campfire_choices":[{"data":"Neutralize","floor":6,"key":"SMITH"},{"data":"Poisoned Stab","floor":12,"key":"SMITH"},{"data":"Backflip","floor":15,"key":"SMITH"}],"neow_cost":"NONE","seed_source_timestamp":916278563448500,"circlet_count":0,"master_deck":["Strike_G","Strike_G","Strike_G","Defend_G","Defend_G","Defend_G","Defend_G","Defend_G","Survivor","Neutralize+1","Dodge and Roll","Noxious Fumes+1","Prepared","Backflip+1","Poisoned Stab+1","Dodge and Roll"],"special_seed":0,"relics":["Ring of the Snake","The Specimen"],"potions_floor_usage":[],"damage_taken":[{"damage":0.0,"enemies":"2 Louse","floor":1.0,"turns":3.0},{"damage":2.0,"enemies":"Small Slimes","floor":3.0,"turns":7.0},{"damage":0,"enemies":"Jaw Worm","floor":7,"turns":6},{"damage":0,"enemies":"2 Fungi Beasts","floor":8,"turns":4},{"damage":8,"enemies":"3 Louse","floor":11,"turns":4},{"damage":14,"enemies":"Gremlin Gang","floor":14,"turns":4},{"damage":58,"enemies":"Slime Boss","floor":16,"turns":11}],"seed_played":"7979986475808932817","potions_obtained":[{"floor":11,"key":"GamblersBrew"}],"is_trial":false,"path_per_floor":["M","?","M","$","?","R","M","M","T","$","M","R","$","M","R","B"],"character_chosen":"THE_SILENT","items_purchased":["Noxious Fumes"],"campfire_rested":0,"item_purchase_floors":[4],"current_hp_per_floor":[70,75,73,73,73,73,73,73,73,73,65,65,65,51,51,0],"gold":44,"neow_bonus":"REMOVE_CARD","is_prod":false,"is_daily":false,"chose_seed":false,"campfire_upgraded":3,"win_rate":0,"timestamp":1563740407,"path_taken":["M","?","M","$","?","R","M","M","T","$","M","R","?","M","R","BOSS"],"build_version":"2019-07-17","purchased_purges":1,"victory":false,"max_hp_per_floor":[70,75,75,75,75,75,75,75,75,75,75,75,75,75,75,75],"card_choices":[{"not_picked":["Deadly Poison","All Out Attack","Quick Slash"],"picked":"SKIP","floor":1.0},{"not_picked":["Flying Knee","Bane"],"picked":"Dodge and Roll","floor":3.0},{"not_picked":["Dagger Spray","Cloak And Dagger"],"picked":"Prepared","floor":7},{"not_picked":["Bane","Flying Knee"],"picked":"Backflip","floor":8},{"not_picked":["Underhanded Strike","Dagger Spray"],"picked":"Poisoned Stab","floor":11},{"not_picked":["PiercingWail","Crippling Poison"],"picked":"Dodge and Roll","floor":14}],"player_experience":156375,"relics_obtained":[{"floor":9,"key":"The Specimen"}],"event_choices":[{"damage_healed":0.0,"max_hp_gain":5.0,"max_hp_loss":0.0,"gold_gain":0.0,"event_name":"Big Fish","player_choice":"Donut","floor":2.0,"gold_loss":0.0,"damage_taken":0.0},{"damage_healed":0,"gold_gain":0,"player_choice":"Grow","damage_taken":0,"max_hp_gain":0,"max_hp_loss":0,"event_name":"Living Wall","floor":5,"gold_loss":0,"cards_upgraded":["Noxious Fumes"]}],"is_beta":false,"boss_relics":[],"items_purged_floors":[10],"is_endless":false,"potions_floor_spawned":[11],"killed_by":"Slime Boss","ascension_level":4}