{"gold_per_floor":[116,40,57,72,72,72,104,104,159,185,163,183,193,193],"floor_reached":14,"playtime":328,"items_purged":[],"score":115,"play_id":"f06069a3-a188-4320-98a0-2c878aaddf7e","local_time":"20190718195004","is_ascension_mode":true,"campfire_choices":[{"data":"Zap","floor":6.0,"key":"SMITH"},{"data":"Conserve Battery","floor":8.0,"key":"SMITH"}],"neow_cost":"NONE","seed_source_timestamp":1702602079011,"circlet_count":0,"master_deck":["Strike_B","Strike_B","Strike_B","Strike_B","Defend_B","Defend_B","Defend_B","Zap+1","Dualcast","Conserve Battery+1","Capacitor","Cold Snap","Capacitor","Cold Snap","Electrodynamics","Turbo","Static Discharge"],"special_seed":0,"relics":["Cracked Core","NeowsBlessing","Pen Nib","Ancient Tea Set","The Courier"],"potions_floor_usage":[14],"damage_taken":[{"damage":0.0,"enemies":"Cultist","floor":1.0,"turns":1.0},{"damage":0.0,"enemies":"2 Louse","floor":3.0,"turns":1.0},{"damage":0.0,"enemies":"Small Slimes","floor":4.0,"turns":1.0},{"damage":16.0,"enemies":"3 Sentries","floor":7.0,"turns":9.0},{"damage":30.0,"enemies":"Gremlin Nob","floor":10.0,"turns":4.0},{"damage":12.0,"enemies":"Red Slaver","floor":12.0,"turns":2.0},{"damage":9,"enemies":"Blue Slaver","floor":13,"turns":3},{"damage":5,"enemies":"Gremlin Gang","floor":14,"turns":2}],"seed_played":"998047802835507390","potions_obtained":[{"floor":1.0,"key":"Fire Potion"},{"floor":7.0,"key":"AttackPotion"},{"floor":13,"key":"AttackPotion"}],"is_trial":false,"path_per_floor":["M","$","M","M","?","R","E","R","T","E","?","M","M","M"],"character_chosen":"DEFECT","items_purchased":["Capacitor"],"campfire_rested":0,"item_purchase_floors":[2],"current_hp_per_floor":[75,75,75,75,68,68,52,52,52,22,22,10,1,0],"gold":193,"neow_bonus":"THREE_ENEMY_KILL","is_prod":false,"is_daily":false,"chose_seed":false,"campfire_upgraded":2,"win_rate":0,"timestamp":1563466804,"path_taken":["M","?","?","?","?","R","E","R","T","E","?","M","M","M"],"build_version":"2019-07-10","purchased_purges":0,"victory":false,"max_hp_per_floor":[75,75,75,75,75,75,75,75,75,75,75,75,75,75],"card_choices":[{"not_picked":["Recycle","Loop"],"picked":"Conserve Battery","floor":1.0},{"not_picked":["Stack","Fusion"],"picked":"Cold Snap","floor":3.0},{"not_picked":["Rip and Tear","Coolheaded"],"picked":"Capacitor","floor":4.0},{"not_picked":["Reboot","Scrape"],"picked":"Cold Snap","floor":7.0},{"not_picked":["Turbo","Machine Learning"],"picked":"Electrodynamics","floor":10.0},{"not_picked":["Beam Cell","Steam"],"picked":"Turbo","floor":12.0},{"not_picked":["Fusion","Compile Driver"],"picked":"Static Discharge","floor":13}],"player_experience":737482,"relics_obtained":[{"floor":7.0,"key":"Pen Nib"},{"floor":9.0,"key":"Ancient Tea Set"},{"floor":10.0,"key":"The Courier"}],"event_choices":[{"cards_removed":["Defend_B"],"damage_healed":0.0,"max_hp_gain":0.0,"max_hp_loss":0.0,"gold_gain":0.0,"event_name":"Golden Wing","player_choice":"Card Removal","floor":5.0,"gold_loss":0.0,"damage_taken":7.0},{"damage_healed":0.0,"max_hp_gain":0.0,"max_hp_loss":0.0,"gold_gain":0.0,"event_name":"World of Goop","player_choice":"Left Gold","floor":11.0,"gold_loss":22.0,"damage_taken":0.0}],"is_beta":true,"boss_relics":[],"items_purged_floors":[],"is_endless":false,"potions_floor_spawned":[1,7,13],"killed_by":"Gremlin Gang","ascension_level":3}