{"gold_per_floor":[119,130,130,150,164,164,164,164,164,164,184,184,201,201,201,330,330,354,375,391,391,415,415,448,448,473,473,485,485,497,511,511,511],"floor_reached":33,"playtime":1674,"items_purged":[],"score":276,"play_id":"e05f853b-1854-4f4b-bf1e-f1b173657999","local_time":"20181227231631","is_ascension_mode":true,"campfire_choices":[{"data":"A Thousand Cuts","floor":6,"key":"SMITH"},{"data":"Blade Dance","floor":8,"key":"SMITH"},{"data":"Cloak And Dagger","floor":12,"key":"SMITH"},{"floor":15,"key":"REST"},{"data":"After Image","floor":23,"key":"SMITH"},{"data":"Backflip","floor":25,"key":"SMITH"},{"data":"Neutralize","floor":32,"key":"SMITH"}],"neow_cost":"NONE","seed_source_timestamp":285979795190818,"circlet_count":0,"master_deck":["Defend_G","Defend_G","Defend_G","Defend_G","Strike_G","Strike_G","Strike_G","Strike_G","Survivor","Neutralize+1","Deflect","Flying Knee","Outmaneuver","A Thousand Cuts+1","Blade Dance+1","Cloak And Dagger+1","Backflip+1","Injury","After Image+1","Cloak And Dagger+1","Well Laid Plans+1","Deflect","Slice+1","All Out Attack"],"relics":["Ring of the Snake","Anchor","Art of War","Orichalcum","Bloody Idol","Busted Crown","Singing Bowl","Boot"],"potions_floor_usage":[18,20,24,30,33],"damage_taken":[{"damage":2,"enemies":"Jaw Worm","floor":1,"turns":4},{"damage":0,"enemies":"Small Slimes","floor":2,"turns":3},{"damage":0,"enemies":"Cultist","floor":4,"turns":4},{"damage":7,"enemies":"3 Louse","floor":5,"turns":5},{"damage":9,"enemies":"Lots of Slimes","floor":7,"turns":4},{"damage":0,"enemies":"2 Fungi Beasts","floor":11,"turns":3},{"damage":7,"enemies":"Looter","floor":13,"turns":4},{"damage":33,"enemies":"Hexaghost","floor":16,"turns":13},{"damage":14,"enemies":"3 Byrds","floor":18,"turns":3},{"damage":14,"enemies":"Spheric Guardian","floor":19,"turns":4},{"damage":0,"enemies":"Centurion and Healer","floor":20,"turns":5},{"damage":1,"enemies":"Shelled Parasite and Fungi","floor":22,"turns":6},{"damage":5,"enemies":"Book of Stabbing","floor":24,"turns":6},{"damage":4,"enemies":"Snake Plant","floor":28,"turns":4},{"damage":8,"enemies":"Centurion and Healer","floor":30,"turns":7},{"damage":0,"enemies":"3 Cultists","floor":31,"turns":4},{"damage":54,"enemies":"Champ","floor":33,"turns":16}],"seed_played":"-9150483293209107159","potions_obtained":[{"floor":4,"key":"SpeedPotion"},{"floor":11,"key":"FearPotion"},{"floor":16,"key":"Explosive Potion"},{"floor":20,"key":"Energy Potion"},{"floor":21,"key":"Block Potion"},{"floor":21,"key":"Block Potion"},{"floor":24,"key":"LiquidBronze"},{"floor":31,"key":"LiquidBronze"}],"is_trial":false,"path_per_floor":["M","M","?","M","M","R","M","R","T","?","M","R","M","?","R","B",null,"M","M","M","?","M","R","E","R","T","?","M","?","M","M","R","B"],"character_chosen":"THE_SILENT","items_purchased":[],"campfire_rested":1,"item_purchase_floors":[],"current_hp_per_floor":[68,68,61,61,54,54,45,45,45,45,45,45,38,38,59,26,70,56,42,42,42,41,41,38,38,38,38,41,41,40,47,47,0],"gold":511,"neow_bonus":"RANDOM_COMMON_RELIC","is_prod":false,"is_daily":false,"chose_seed":false,"campfire_upgraded":6,"win_rate":0,"timestamp":1545939991,"path_taken":["M","M","?","M","M","R","M","R","T","?","?","R","M","?","R","BOSS","M","M","M","?","?","R","E","R","T","?","M","?","M","?","R","BOSS"],"build_version":"2018-12-25","purchased_purges":0,"victory":false,"max_hp_per_floor":[70,70,70,70,70,70,70,70,70,70,70,70,70,70,70,70,70,70,70,70,70,70,70,72,72,72,72,74,74,76,78,78,78],"card_choices":[{"not_picked":["Bane","PiercingWail"],"picked":"Deflect","floor":1},{"not_picked":["Footwork","Blade Dance"],"picked":"Flying Knee","floor":2},{"not_picked":["Slice","Prepared"],"picked":"Outmaneuver","floor":4},{"not_picked":["Flying Knee","Dagger Throw"],"picked":"A Thousand Cuts","floor":5},{"not_picked":["Prepared","Slice"],"picked":"Blade Dance","floor":7},{"not_picked":["Poisoned Stab","Setup"],"picked":"Cloak And Dagger","floor":11},{"not_picked":["Phantasmal Killer","Distraction"],"picked":"Backflip","floor":13},{"not_picked":["Unload","Doppelganger"],"picked":"After Image","floor":16},{"not_picked":[],"picked":"Cloak And Dagger+1","floor":18},{"not_picked":[],"picked":"Well Laid Plans+1","floor":19},{"not_picked":[],"picked":"Deflect","floor":20},{"not_picked":[],"picked":"Slice+1","floor":22},{"not_picked":["Finisher"],"picked":"Singing Bowl","floor":24},{"not_picked":["Flechettes+1"],"picked":"Singing Bowl","floor":28},{"not_picked":["Dagger Throw"],"picked":"Singing Bowl","floor":30},{"not_picked":["Corpse Explosion"],"picked":"Singing Bowl","floor":31}],"player_experience":254568,"relics_obtained":[{"floor":9,"key":"Orichalcum"},{"floor":24,"key":"Singing Bowl"},{"floor":26,"key":"Boot"}],"event_choices":[{"damage_healed":0,"gold_gain":0,"player_choice":"Success","damage_taken":7,"relics_obtained":["Art of War"],"max_hp_gain":0,"max_hp_loss":0,"event_name":"Scrap Ooze","floor":3,"gold_loss":0},{"cards_removed":["Strike_G"],"damage_healed":0,"gold_gain":0,"player_choice":"Offered Basic","damage_taken":0,"max_hp_gain":0,"max_hp_loss":0,"event_name":"Bonfire Elementals","floor":10,"gold_loss":0},{"damage_healed":0,"gold_gain":0,"player_choice":"Take Wound","damage_taken":0,"relics_obtained":["Golden Idol"],"max_hp_gain":0,"max_hp_loss":0,"event_name":"Golden Idol","floor":14,"gold_loss":0,"cards_obtained":["Injury"]},{"damage_healed":0,"gold_gain":0,"player_choice":"Got Potions","damage_taken":0,"max_hp_gain":0,"max_hp_loss":0,"event_name":"Lab","floor":21,"gold_loss":0},{"damage_healed":0,"gold_gain":0,"player_choice":"Gave Idol","damage_taken":0,"relics_obtained":["Bloody Idol"],"max_hp_gain":0,"max_hp_loss":0,"event_name":"Forgotten Altar","floor":27,"relics_lost":["Golden Idol"],"gold_loss":0},{"damage_healed":0,"gold_gain":0,"cards_transformed":["Defend_G"],"player_choice":"Transformed","damage_taken":0,"max_hp_gain":0,"max_hp_loss":0,"event_name":"Transmorgrifier","floor":29,"gold_loss":0,"cards_obtained":["All Out Attack"]}],"is_beta":true,"boss_relics":[{"not_picked":["WristBlade","Astrolabe"],"picked":"Busted Crown"}],"items_purged_floors":[],"is_endless":false,"potions_floor_spawned":[4,11,16,20,24,31],"killed_by":"Champ","ascension_level":1}