{"gold_per_floor":[114,131,78,96,116,151,151,151,151,176,176,189,189,219,219,296,296,306,325,325,405,320,349,349,360,383,418,418,434,449,449,449,524,524,534,554,604,57,74,74,105,105,105,132,132,151,151,162,162,162],"floor_reached":51,"playtime":8273,"items_purged":[],"score":1499,"play_id":"67142200-9b18-4ead-a195-27f738626fb7","local_time":"20190729194928","is_ascension_mode":true,"campfire_choices":[{"data":"Bash","floor":8.0,"key":"SMITH"},{"floor":11.0,"key":"REST"},{"data":"Havoc","floor":13.0,"key":"SMITH"},{"data":"True Grit","floor":15.0,"key":"SMITH"},{"floor":24.0,"key":"REST"},{"floor":28.0,"key":"REST"},{"floor":32.0,"key":"REST"},{"floor":40.0,"key":"REST"},{"floor":45.0,"key":"REST"},{"floor":49,"key":"REST"}],"neow_cost":"PERCENT_DAMAGE","seed_source_timestamp":1682519249646188,"circlet_count":0,"master_deck":["AscendersBane","Strike_R+1","Strike_R+1","Strike_R+1","Defend_R+1","Defend_R+1","Defend_R+1","Defend_R+1","Bash+1","True Grit+1","Havoc+1","Demon Form","Feel No Pain","Twin Strike","Twin Strike","Feed","Anger+1","Feel No Pain","Necronomicurse","Feel No Pain","Headbutt","Shrug It Off","Disarm+1","Pummel","Feed","Spot Weakness","Hemokinesis+1","Clothesline","Warcry+1","Heavy Blade","Limit Break+1","Uppercut+1","Shockwave","Carnage","Thinking Ahead","Spot Weakness","True Grit+1","Heavy Blade","Burning Pact","Body Slam","Parasite","Pummel+1"],"special_seed":0,"relics":["Burning Blood","Strawberry","Orichalcum","Bottled Flame","Tiny Chest","Fusion Hammer","Necronomicon","Mummified Hand","Self Forming Clay","Bottled Tornado","Red Skull","Sundial","Orrery","Prayer Wheel","War Paint","Ice Cream","Magic Flower","Ancient Tea Set"],"potions_floor_usage":[50,50],"damage_taken":[{"damage":6.0,"enemies":"Cultist","floor":1.0,"turns":3.0},{"damage":8.0,"enemies":"Small Slimes","floor":2.0,"turns":4.0},{"damage":3.0,"enemies":"Jaw Worm","floor":4.0,"turns":5.0},{"damage":14.0,"enemies":"3 Louse","floor":5.0,"turns":4.0},{"damage":14.0,"enemies":"Gremlin Nob","floor":6.0,"turns":4.0},{"damage":11.0,"enemies":"3 Sentries","floor":10.0,"turns":10.0},{"damage":6.0,"enemies":"Exordium Wildlife","floor":12.0,"turns":5.0},{"damage":20.0,"enemies":"The Guardian","floor":16.0,"turns":11.0},{"damage":10.0,"enemies":"Chosen","floor":18.0,"turns":5.0},{"damage":20.0,"enemies":"Spheric Guardian","floor":19.0,"turns":5.0},{"damage":14.0,"enemies":"Book of Stabbing","floor":23.0,"turns":5.0},{"damage":39.0,"enemies":"Snake Plant","floor":25.0,"turns":4.0},{"damage":6.0,"enemies":"Gremlin Leader","floor":27.0,"turns":4.0},{"damage":14.0,"enemies":"3 Cultists","floor":29.0,"turns":5.0},{"damage":13.0,"enemies":"Centurion and Healer","floor":30.0,"turns":5.0},{"damage":30.0,"enemies":"Collector","floor":33.0,"turns":7.0},{"damage":21.0,"enemies":"3 Darklings","floor":35.0,"turns":9.0},{"damage":6.0,"enemies":"3 Shapes","floor":36.0,"turns":18.0},{"damage":39.0,"enemies":"2 Orb Walkers","floor":37.0,"turns":5.0},{"damage":5.0,"enemies":"Sphere and 2 Shapes","floor":39.0,"turns":4.0},{"damage":17.0,"enemies":"Nemesis","floor":41.0,"turns":7.0},{"damage":20.0,"enemies":"Mind Bloom Boss Battle","floor":42.0,"turns":4.0},{"damage":16.0,"enemies":"Giant Head","floor":44.0,"turns":6.0},{"damage":0,"enemies":"Transient","floor":46,"turns":6},{"damage":29,"enemies":"Writhing Mass","floor":48,"turns":5},{"damage":66,"enemies":"Time Eater","floor":50,"turns":8}],"seed_played":"5555506850506669264","potions_obtained":[{"floor":1.0,"key":"SkillPotion"},{"floor":6.0,"key":"SpeedPotion"},{"floor":10.0,"key":"Regen Potion"},{"floor":23.0,"key":"GamblersBrew"},{"floor":29.0,"key":"Dexterity Potion"},{"floor":30.0,"key":"AttackPotion"},{"floor":33.0,"key":"GamblersBrew"},{"floor":35.0,"key":"Fire Potion"},{"floor":36.0,"key":"Poison Potion"},{"floor":37.0,"key":"Dexterity Potion"},{"floor":48,"key":"Weak Potion"}],"is_trial":false,"path_per_floor":["M","M","$","M","M","E","?","R","T","E","R","M","R","?","R","B",null,"M","M","?","T","?","E","R","M","T","E","R","M","M","?","R","B",null,"M","M","?","$","M","R","E","?","T","E","R","M","?","M","R","B",null],"character_chosen":"IRONCLAD","items_purchased":["Fire Potion","Shockwave","Carnage","War Paint","Thinking Ahead","PowerPotion"],"campfire_rested":7,"item_purchase_floors":[3,38,38,38,38,38],"current_hp_per_floor":[50,48,48,51,43,42,17,17,17,12,36,36,36,36,36,37,71,70,59,38,38,38,30,56,23,23,26,53,48,44,44,73,49,85,73,79,46,46,50,82,71,57,57,55,88,97,97,82,115,58],"gold":162,"neow_bonus":"REMOVE_TWO","is_prod":false,"is_daily":false,"chose_seed":false,"campfire_upgraded":3,"win_rate":0,"timestamp":1564444168,"path_taken":["M","M","$","?","M","E","?","R","T","E","R","M","R","?","R","BOSS","M","M","?","?","?","E","R","?","T","E","R","M","M","?","R","BOSS","M","M","?","$","M","R","E","?","T","E","R","M","?","M","R","BOSS"],"build_version":"2019-07-17","purchased_purges":0,"victory":true,"max_hp_per_floor":[75,75,75,75,75,82,82,82,82,82,82,82,82,82,82,82,82,85,88,88,88,88,88,88,88,88,91,91,94,97,97,97,97,97,100,106,106,106,109,109,109,109,109,112,112,112,112,115,115,115],"card_choices":[{"not_picked":["Rage","Shrug It Off"],"picked":"Hemokinesis","floor":1.0},{"not_picked":["Clothesline","Shrug It Off"],"picked":"True Grit","floor":2.0},{"not_picked":["Perfected Strike","Blood for Blood"],"picked":"Havoc","floor":4.0},{"not_picked":["Havoc","Perfected Strike"],"picked":"Demon Form","floor":5.0},{"not_picked":["Body Slam","Warcry"],"picked":"Feel No Pain","floor":6.0},{"not_picked":["Bloodletting","Barricade"],"picked":"Twin Strike","floor":10.0},{"not_picked":["Armaments","Havoc"],"picked":"Twin Strike","floor":12.0},{"not_picked":["Offering","Berserk"],"picked":"Feed","floor":16.0},{"not_picked":["Pummel","Cleave"],"picked":"Anger+1","floor":18.0},{"not_picked":["Rupture","Pommel Strike"],"picked":"Feel No Pain","floor":19.0},{"not_picked":["Thunderclap","Havoc"],"picked":"Feel No Pain","floor":23.0},{"not_picked":["Armaments","Cleave"],"picked":"Headbutt","floor":25.0},{"not_picked":["Second Wind","Body Slam"],"picked":"Shrug It Off","floor":27.0},{"not_picked":["Shrug It Off","Thunderclap+1"],"picked":"Disarm+1","floor":29.0},{"not_picked":["Perfected Strike","Infernal Blade"],"picked":"Pummel","floor":30.0},{"not_picked":["Berserk","Double Tap"],"picked":"Feed","floor":33.0},{"not_picked":["Rupture","Anger"],"picked":"Spot Weakness","floor":34.0},{"not_picked":["Cleave","Rampage"],"picked":"Hemokinesis+1","floor":34.0},{"not_picked":["Anger","Armaments+1"],"picked":"Clothesline","floor":34.0},{"not_picked":["Anger","Clash"],"picked":"Warcry","floor":34.0},{"not_picked":["Dropkick","Twin Strike"],"picked":"Heavy Blade","floor":35.0},{"not_picked":["Headbutt+1","Shockwave"],"picked":"Limit Break","floor":36.0},{"not_picked":["Sword Boomerang+1","Anger"],"picked":"Uppercut+1","floor":37.0},{"not_picked":["Combust","Perfected Strike"],"picked":"Spot Weakness","floor":39.0},{"not_picked":["Body Slam","Twin Strike"],"picked":"True Grit+1","floor":39.0},{"not_picked":["Demon Form","Cleave","Rage"],"picked":"SKIP","floor":41.0},{"not_picked":["Entrench+1","Havoc"],"picked":"Heavy Blade","floor":44.0},{"not_picked":["Flex","Thunderclap"],"picked":"Burning Pact","floor":46},{"not_picked":["True Grit","Spot Weakness"],"picked":"Body Slam","floor":46},{"not_picked":["Anger","Flex"],"picked":"Pummel+1","floor":48},{"not_picked":["Perfected Strike","Armaments","Evolve"],"picked":"SKIP","floor":48}],"player_experience":896330,"relics_obtained":[{"floor":6.0,"key":"Strawberry"},{"floor":9.0,"key":"Orichalcum"},{"floor":10.0,"key":"Bottled Flame"},{"floor":20.0,"key":"Necronomicon"},{"floor":21.0,"key":"Mummified Hand"},{"floor":23.0,"key":"Bottled Tornado"},{"floor":26.0,"key":"Red Skull"},{"floor":27.0,"key":"Sundial"},{"floor":37.0,"key":"Prayer Wheel"},{"floor":41.0,"key":"Ice Cream"},{"floor":43.0,"key":"Magic Flower"},{"floor":44.0,"key":"Ancient Tea Set"}],"event_choices":[{"damage_healed":0.0,"max_hp_gain":0.0,"max_hp_loss":0.0,"gold_gain":0.0,"event_name":"Shining Light","player_choice":"Entered Light","floor":7.0,"gold_loss":0.0,"damage_taken":25.0,"cards_upgraded":["Defend_R","Hemokinesis"]},{"damage_healed":0.0,"max_hp_gain":0.0,"max_hp_loss":0.0,"gold_gain":0.0,"event_name":"Dead Adventurer","player_choice":"Searched \u00271\u0027 times","floor":14.0,"gold_loss":0.0,"damage_taken":0.0,"relics_obtained":["Tiny Chest"]},{"damage_healed":0.0,"max_hp_gain":0.0,"max_hp_loss":0.0,"gold_gain":0.0,"event_name":"Cursed Tome","player_choice":"Obtained Book","floor":20.0,"gold_loss":0.0,"damage_taken":21.0},{"damage_healed":0.0,"max_hp_gain":0.0,"max_hp_loss":0.0,"gold_gain":0.0,"event_name":"Addict","player_choice":"Obtained Relic","floor":22.0,"gold_loss":85.0,"damage_taken":0.0,"relics_obtained":["Self Forming Clay"]},{"damage_healed":0.0,"max_hp_gain":0.0,"max_hp_loss":0.0,"gold_gain":0.0,"event_name":"Back to Basics","player_choice":"Simplicity","floor":31.0,"gold_loss":0.0,"damage_taken":0.0,"cards_upgraded":["Strike_R","Strike_R","Strike_R","Defend_R","Defend_R","Defend_R"]},{"damage_healed":0.0,"max_hp_gain":0.0,"max_hp_loss":0.0,"gold_gain":0.0,"event_name":"Mysterious Sphere","player_choice":"Fight","floor":37.0,"gold_loss":0.0,"damage_taken":0.0},{"damage_healed":0.0,"max_hp_gain":0.0,"max_hp_loss":0.0,"gold_gain":0.0,"event_name":"MindBloom","player_choice":"Fight","floor":42.0,"gold_loss":0.0,"damage_taken":0.0},{"cards_removed":["Hemokinesis"],"damage_healed":0,"gold_gain":0,"player_choice":"Removed Attack","damage_taken":0,"max_hp_gain":0,"max_hp_loss":0,"event_name":"Falling","floor":47,"gold_loss":0}],"is_beta":false,"boss_relics":[{"not_picked":["Empty Cage","Coffee Dripper"],"picked":"Fusion Hammer"},{"not_picked":["Lizard Tail","Velvet Choker"],"picked":"Orrery"}],"items_purged_floors":[],"is_endless":false,"potions_floor_spawned":[1,6,10,23,29,30,33,35,36,37,39,48],"ascension_level":19}