{"gold_per_floor":[110,130,280,298,137,169,169,203,203,222,222,222,13,30,30,30],"floor_reached":16,"playtime":1308,"items_purged":["Doubt"],"score":240,"play_id":"62b02181-0d10-4837-bae0-c73382aa59d5","local_time":"20190729212801","is_ascension_mode":true,"campfire_choices":[{"floor":7.0,"key":"REST"},{"data":"Feed","floor":11.0,"key":"SMITH"},{"floor":15.0,"key":"REST"}],"neow_cost":"PERCENT_DAMAGE","seed_source_timestamp":0,"circlet_count":0,"master_deck":["AscendersBane","Strike_R","Strike_R","Strike_R","Strike_R","Strike_R","Defend_R","Defend_R","Defend_R","Defend_R","Bash","Clothesline","Iron Wave","Hemokinesis","Feed+1","Reaper","Carnage","True Grit","Anger"],"special_seed":0,"relics":["Burning Blood","The Courier","Dodecahedron","Matryoshka","FaceOfCleric","Bag of Preparation"],"potions_floor_usage":[16],"damage_taken":[{"damage":10.0,"enemies":"Small Slimes","floor":1.0,"turns":5.0},{"damage":6.0,"enemies":"Cultist","floor":2.0,"turns":4.0},{"damage":10.0,"enemies":"2 Louse","floor":4.0,"turns":3.0},{"damage":50.0,"enemies":"Gremlin Nob","floor":6.0,"turns":5.0},{"damage":31.0,"enemies":"Lagavulin","floor":8.0,"turns":7.0},{"damage":10.0,"enemies":"2 Fungi Beasts","floor":10.0,"turns":4.0},{"damage":22.0,"enemies":"Large Slime","floor":14.0,"turns":6.0},{"damage":64,"enemies":"Hexaghost","floor":16,"turns":8}],"seed_played":"-2603780211041606332","potions_obtained":[{"floor":6.0,"key":"SteroidPotion"},{"floor":8.0,"key":"Energy Potion"}],"is_trial":false,"path_per_floor":["M","M","?","M","$","E","R","E","T","M","R","?","$","M","R","B"],"character_chosen":"IRONCLAD","items_purchased":["Feed","Carnage","Bag of Preparation","True Grit"],"campfire_rested":2,"item_purchase_floors":[5,13,13,13],"current_hp_per_floor":[60,60,60,56,56,15,42,30,30,33,33,33,33,30,60,0],"gold":30,"neow_bonus":"TWENTY_PERCENT_HP_BONUS","is_prod":false,"is_daily":false,"chose_seed":false,"campfire_upgraded":1,"win_rate":0,"timestamp":1564460881,"path_taken":["M","M","?","M","$","E","R","E","T","M","R","?","$","M","R","BOSS"],"build_version":"2019-07-17","purchased_purges":1,"victory":false,"max_hp_per_floor":[89,89,89,89,89,92,92,92,92,95,95,95,95,100,100,100],"card_choices":[{"not_picked":["Headbutt","Wild Strike"],"picked":"Clothesline","floor":1.0},{"not_picked":["Metallicize","Havoc"],"picked":"Iron Wave","floor":2.0},{"not_picked":["Shrug It Off","Intimidate"],"picked":"Hemokinesis","floor":4.0},{"not_picked":["Feel No Pain","Clash"],"picked":"Reaper","floor":6.0},{"not_picked":["Havoc","Warcry","Perfected Strike"],"picked":"SKIP","floor":10.0},{"not_picked":["Sword Boomerang","Barricade"],"picked":"Anger","floor":14.0}],"player_experience":579417,"relics_obtained":[{"floor":6.0,"key":"The Courier"},{"floor":8.0,"key":"Dodecahedron"},{"floor":9.0,"key":"Matryoshka"}],"event_choices":[{"damage_healed":0.0,"max_hp_gain":0.0,"max_hp_loss":0.0,"gold_gain":150.0,"event_name":"Liars Game","player_choice":"AGREE","floor":3.0,"gold_loss":0.0,"damage_taken":0.0,"cards_obtained":["Doubt"]},{"damage_healed":0.0,"max_hp_gain":0.0,"max_hp_loss":0.0,"gold_gain":0.0,"event_name":"FaceTrader","player_choice":"Trade","floor":12.0,"gold_loss":0.0,"damage_taken":0.0,"relics_obtained":["FaceOfCleric"]}],"is_beta":false,"boss_relics":[],"items_purged_floors":[5],"is_endless":false,"potions_floor_spawned":[6,8],"killed_by":"Hexaghost","ascension_level":19}