{"gold_per_floor":[118,118,134,158,333,333,354,354,403,431,444,444,480,480,480,480],"floor_reached":16,"playtime":619,"items_purged":[],"score":100,"play_id":"368a1e05-157c-44a3-b421-e24da74192cc","local_time":"20190130232153","is_ascension_mode":false,"campfire_choices":[{"data":"Seek","floor":6.0,"key":"SMITH"},{"data":"Leap","floor":8.0,"key":"SMITH"},{"data":"Zap","floor":12.0,"key":"SMITH"},{"floor":15.0,"key":"REST"}],"neow_cost":"NONE","seed_source_timestamp":0,"circlet_count":0,"master_deck":["Strike_B","Strike_B","Strike_B","Strike_B","Defend_B","Defend_B","Defend_B","Defend_B","Zap+1","Dualcast","Seek+1","Leap+1","Coolheaded","BootSequence","Doubt","Electrodynamics","Seek"],"special_seed":0,"relics":["Cracked Core","Golden Idol","Potion Belt","Odd Mushroom","Vajra"],"potions_floor_usage":[],"damage_taken":[{"damage":6.0,"enemies":"Jaw Worm","floor":1.0,"turns":3.0},{"damage":0.0,"enemies":"2 Louse","floor":3.0,"turns":1.0},{"damage":0.0,"enemies":"Cultist","floor":4.0,"turns":4.0},{"damage":0.0,"enemies":"Looter","floor":7.0,"turns":3.0},{"damage":12.0,"enemies":"The Mushroom Lair","floor":10.0,"turns":3.0},{"damage":0.0,"enemies":"3 Louse","floor":11.0,"turns":2.0},{"damage":40.0,"enemies":"Gremlin Nob","floor":13.0,"turns":4.0},{"damage":32,"enemies":"Hexaghost","floor":16,"turns":13}],"seed_played":"1827548151261885013","potions_obtained":[{"floor":3.0,"key":"FearPotion"},{"floor":7.0,"key":"AttackPotion"},{"floor":11.0,"key":"Ancient Potion"}],"is_trial":false,"path_per_floor":["M","?","M","M","?","R","M","R","T","?","M","R","E","?","R","B"],"character_chosen":"DEFECT","items_purchased":[],"campfire_rested":1,"item_purchase_floors":[],"current_hp_per_floor":[69,69,69,69,69,69,69,69,69,57,57,57,17,10,32,0],"gold":480,"neow_bonus":"ONE_RANDOM_RARE_CARD","is_prod":false,"is_daily":false,"chose_seed":false,"campfire_upgraded":3,"win_rate":0,"timestamp":1548877913,"path_taken":["M","?","M","M","?","R","M","R","T","?","M","R","E","?","R","BOSS"],"build_version":"2019-01-23","purchased_purges":0,"victory":false,"max_hp_per_floor":[75,75,75,75,75,75,75,75,75,75,75,75,75,75,75,75],"card_choices":[{"not_picked":["Rebound","Double Energy"],"picked":"Leap","floor":1.0},{"not_picked":["Gash","Compile Driver"],"picked":"Coolheaded","floor":3.0},{"not_picked":["Melter","Steam"],"picked":"BootSequence","floor":4.0},{"not_picked":["Hologram","Coolheaded"],"picked":"Electrodynamics","floor":7.0},{"not_picked":["Cold Snap","Barrage","Reinforced Body"],"picked":"SKIP","floor":11.0},{"not_picked":["Genetic Algorithm","Hologram"],"picked":"Seek","floor":13.0}],"player_experience":503069,"relics_obtained":[{"floor":9.0,"key":"Potion Belt"},{"floor":10.0,"key":"Odd Mushroom"},{"floor":13.0,"key":"Vajra"}],"event_choices":[{"damage_healed":0.0,"max_hp_gain":0.0,"max_hp_loss":0.0,"gold_gain":0.0,"event_name":"Golden Idol","player_choice":"Take Wound","floor":2.0,"gold_loss":0.0,"damage_taken":0.0,"relics_obtained":["Golden Idol"],"cards_obtained":["Injury"]},{"damage_healed":0.0,"max_hp_gain":0.0,"max_hp_loss":0.0,"gold_gain":175.0,"event_name":"Liars Game","player_choice":"AGREE","floor":5.0,"gold_loss":0.0,"damage_taken":0.0,"cards_obtained":["Doubt"]},{"damage_healed":0.0,"max_hp_gain":0.0,"max_hp_loss":0.0,"gold_gain":0.0,"event_name":"Mushrooms","player_choice":"Fought Mushrooms","floor":10.0,"gold_loss":0.0,"damage_taken":0.0},{"cards_removed":["Injury"],"damage_healed":0.0,"max_hp_gain":0.0,"max_hp_loss":0.0,"gold_gain":0.0,"event_name":"Golden Wing","player_choice":"Card Removal","floor":14.0,"gold_loss":0.0,"damage_taken":7.0}],"is_beta":true,"boss_relics":[],"items_purged_floors":[],"is_endless":false,"potions_floor_spawned":[3,7,11],"killed_by":"Hexaghost","ascension_level":0}