{"gold_per_floor":[110,35,35,48,48,48,71,71,71,29,29,60,85,128,128,218,218,239,259,309,74,74,74,74,124,124,124,143,62,75,115,115,206,206,222,555,555,555,568,568,94,127,127,141,141,161,261,294,294,294,294,294,294,60,87,87],"floor_reached":57,"playtime":3621,"items_purged":["Strike_R","Strike_R","Strike_R+1","Strike_R+1"],"score":2660,"play_id":"75201a8f-cb87-4f43-8430-243a0f56cf43","local_time":"20190801103054","is_ascension_mode":true,"campfire_choices":[{"data":"Headbutt","floor":6.0,"key":"SMITH"},{"data":"Metallicize","floor":8.0,"key":"SMITH"},{"floor":15.0,"key":"REST"},{"data":"Flame Barrier","floor":23.0,"key":"SMITH"},{"floor":27.0,"key":"REST"},{"data":"Havoc","floor":32.0,"key":"SMITH"},{"data":"Limit Break","floor":40.0,"key":"SMITH"},{"floor":45.0,"key":"RECALL"},{"data":"Shrug It Off","floor":49.0,"key":"SMITH"},{"floor":53.0,"key":"REST"}],"neow_cost":"NONE","seed_source_timestamp":0,"circlet_count":0,"master_deck":["AscendersBane","Defend_R+1","Defend_R+1","Defend_R+1","Defend_R+1","Bash+1","Metallicize+1","Carnage+1","Wild Strike+1","Headbutt+1","Demon Form+1","Havoc+1","Flame Barrier+1","Shrug It Off+1","Feel No Pain+1","Uppercut+1","Reaper+1","Iron Wave+1","Pommel Strike+1","Limit Break+1","Evolve+1","Heavy Blade+1","Whirlwind+1","Heavy Blade+1","Demon Form+1","Demon Form+1"],"special_seed":0,"relics":["Burning Blood","Juzu Bracelet","Molten Egg 2","Mango","Bag of Preparation","Frozen Egg 2","Sozu","Bag of Marbles","Snecko Eye","Mummified Hand","Red Skull","Pantograph","Incense Burner","Whetstone","Blood Vial"],"potions_floor_usage":[56],"damage_taken":[{"damage":12.0,"enemies":"Small Slimes","floor":1.0,"turns":5.0},{"damage":0.0,"enemies":"Cultist","floor":4.0,"turns":3.0},{"damage":27.0,"enemies":"3 Sentries","floor":12.0,"turns":7.0},{"damage":2.0,"enemies":"Gremlin Nob","floor":14.0,"turns":3.0},{"damage":40.0,"enemies":"Slime Boss","floor":16.0,"turns":12.0},{"damage":26.0,"enemies":"3 Byrds","floor":18.0,"turns":6.0},{"damage":20.0,"enemies":"Shell Parasite","floor":19.0,"turns":4.0},{"damage":1.0,"enemies":"Chosen and Byrds","floor":28.0,"turns":3.0},{"damage":3.0,"enemies":"Cultist and Chosen","floor":30.0,"turns":7.0},{"damage":22.0,"enemies":"Book of Stabbing","floor":31.0,"turns":5.0},{"damage":81.0,"enemies":"Collector","floor":33.0,"turns":9.0},{"damage":21.0,"enemies":"3 Darklings","floor":35.0,"turns":6.0},{"damage":0.0,"enemies":"Orb Walker","floor":39.0,"turns":1.0},{"damage":53.0,"enemies":"Nemesis","floor":42.0,"turns":7.0},{"damage":28.0,"enemies":"Transient","floor":44.0,"turns":6.0},{"damage":0.0,"enemies":"Jaw Worm Horde","floor":46.0,"turns":2.0},{"damage":36.0,"enemies":"Mind Bloom Boss Battle","floor":47.0,"turns":5.0},{"damage":30.0,"enemies":"Reptomancer","floor":48.0,"turns":4.0},{"damage":36.0,"enemies":"Time Eater","floor":50.0,"turns":7.0},{"damage":66.0,"enemies":"Awakened One","floor":51.0,"turns":6.0},{"damage":58,"enemies":"Shield and Spear","floor":55,"turns":6},{"damage":101,"enemies":"The Heart","floor":56,"turns":8}],"seed_played":"4974560478583110176","potions_obtained":[{"floor":1.0,"key":"BloodPotion"},{"floor":12.0,"key":"PowerPotion"},{"floor":16.0,"key":"Poison Potion"}],"is_trial":false,"path_per_floor":["M","$","?","M","?","R","T","R","T","$","?","E","T","E","R","B",null,"M","M","?","$","?","R","?","?","T","R","M","$","M","E","R","B",null,"M","?","?","?","M","R","$","E","T","M","R","M","?","E","R","B","B",null,"R","$","E","B",null],"character_chosen":"IRONCLAD","items_purchased":["Carnage+1","Shrug It Off","Feel No Pain+1","Reaper+1","Evolve+1","Mummified Hand","Demon Form+1"],"campfire_rested":3,"item_purchase_floors":[10,21,21,29,41,41,54],"current_hp_per_floor":[62,62,62,68,42,42,42,42,42,42,19,30,30,34,60,26,73,53,39,39,39,39,39,39,39,39,65,70,70,85,75,75,19,72,89,89,85,85,85,85,85,59,59,53,53,59,79,76,76,85,82,84,85,85,85,49],"gold":87,"neow_bonus":"UPGRADE_CARD","is_prod":false,"is_daily":false,"chose_seed":false,"campfire_upgraded":6,"win_rate":0,"timestamp":1564680654,"path_taken":["M","$","?","?","?","R","?","R","T","$","?","E","?","E","R","BOSS","M","M","?","$","?","R","?","?","T","R","M","?","M","E","R","BOSS","M","?","?","?","M","R","?","E","T","M","R","M","?","E","R","BOSS","BOSS","R","$","E","BOSS"],"build_version":"2019-07-17","purchased_purges":4,"victory":true,"max_hp_per_floor":[75,75,75,75,75,75,75,75,75,75,75,89,89,89,89,89,89,89,89,89,89,89,89,89,89,89,89,89,89,89,89,89,89,89,89,89,85,85,85,85,85,85,85,85,85,85,85,85,85,85,85,85,85,85,85,85],"card_choices":[{"not_picked":["True Grit","Clash"],"picked":"Metallicize","floor":1.0},{"not_picked":["Perfected Strike","Intimidate"],"picked":"Headbutt","floor":4.0},{"not_picked":["Clash+1","Limit Break"],"picked":"Wild Strike+1","floor":12.0},{"not_picked":["Perfected Strike+1","Entrench"],"picked":"Headbutt+1","floor":14.0},{"not_picked":["Bludgeon+1","Barricade+1"],"picked":"Demon Form+1","floor":16.0},{"not_picked":["Hemokinesis+1","Warcry"],"picked":"Havoc","floor":18.0},{"not_picked":["Body Slam+1","Heavy Blade+1"],"picked":"Flame Barrier","floor":19.0},{"not_picked":["Reckless Charge+1","Clothesline+1"],"picked":"Uppercut+1","floor":28.0},{"not_picked":["Havoc","Wild Strike+1"],"picked":"Iron Wave+1","floor":30.0},{"not_picked":["Wild Strike+1","Clash+1"],"picked":"Pommel Strike+1","floor":31.0},{"not_picked":["Offering","Bludgeon+1"],"picked":"Limit Break","floor":33.0},{"not_picked":["Cleave+1","Body Slam+1","Perfected Strike+1"],"picked":"SKIP","floor":35.0},{"not_picked":["Thunderclap+1","Iron Wave+1","Warcry"],"picked":"SKIP","floor":39.0},{"not_picked":["Shockwave","Wild Strike+1"],"picked":"Heavy Blade+1","floor":42.0},{"not_picked":["Reckless Charge+1","Intimidate"],"picked":"Whirlwind+1","floor":44.0},{"not_picked":["Limit Break","True Grit"],"picked":"Heavy Blade+1","floor":46.0},{"not_picked":["Fire Breathing+1","Metallicize+1"],"picked":"Demon Form+1","floor":48.0},{"not_picked":["Flex","Perfected Strike+1","Twin Strike+1"],"picked":"SKIP","floor":55}],"player_experience":1034959,"relics_obtained":[{"floor":7.0,"key":"Juzu Bracelet"},{"floor":9.0,"key":"Molten Egg 2"},{"floor":12.0,"key":"Mango"},{"floor":13.0,"key":"Bag of Preparation"},{"floor":14.0,"key":"Frozen Egg 2"},{"floor":31.0,"key":"Bag of Marbles"},{"floor":42.0,"key":"Red Skull"},{"floor":43.0,"key":"Pantograph"},{"floor":47.0,"key":"Incense Burner"},{"floor":48.0,"key":"Whetstone"},{"floor":55,"key":"Blood Vial"}],"event_choices":[{"cards_removed":["Strike_R"],"damage_healed":0.0,"max_hp_gain":0.0,"max_hp_loss":0.0,"gold_gain":0.0,"event_name":"Purifier","player_choice":"Purged","floor":3.0,"gold_loss":0.0,"damage_taken":0.0},{"damage_healed":0.0,"max_hp_gain":0.0,"max_hp_loss":0.0,"gold_gain":0.0,"event_name":"Golden Idol","player_choice":"Take Damage","floor":5.0,"gold_loss":0.0,"damage_taken":26.0,"relics_obtained":["Golden Idol"]},{"damage_healed":0.0,"max_hp_gain":0.0,"max_hp_loss":0.0,"gold_gain":0.0,"event_name":"Shining Light","player_choice":"Entered Light","floor":11.0,"gold_loss":0.0,"damage_taken":23.0,"cards_upgraded":["Strike_R","Defend_R"]},{"damage_healed":0.0,"max_hp_gain":0.0,"max_hp_loss":0.0,"gold_gain":100.0,"event_name":"The Joust","player_choice":"Bet on Murderer","floor":20.0,"gold_loss":50.0,"damage_taken":0.0},{"damage_healed":0.0,"max_hp_gain":0.0,"max_hp_loss":0.0,"gold_gain":0.0,"event_name":"Back to Basics","player_choice":"Simplicity","floor":22.0,"gold_loss":0.0,"damage_taken":0.0,"cards_upgraded":["Strike_R","Defend_R","Defend_R","Defend_R"]},{"damage_healed":0.0,"max_hp_gain":0.0,"max_hp_loss":0.0,"gold_gain":0.0,"event_name":"Vampires","player_choice":"Ignored","floor":24.0,"gold_loss":0.0,"damage_taken":0.0},{"damage_healed":0.0,"max_hp_gain":0.0,"max_hp_loss":0.0,"gold_gain":50.0,"event_name":"Nest","player_choice":"Stole From Cult","floor":25.0,"gold_loss":0.0,"damage_taken":0.0},{"damage_healed":0.0,"max_hp_gain":0.0,"max_hp_loss":0.0,"gold_gain":333.0,"event_name":"The Moai Head","player_choice":"Gave Idol","floor":36.0,"relics_lost":["Golden Idol"],"gold_loss":0.0,"damage_taken":0.0},{"damage_healed":0.0,"max_hp_gain":0.0,"max_hp_loss":4.0,"gold_gain":0.0,"event_name":"Winding Halls","player_choice":"Max HP","floor":37.0,"gold_loss":0.0,"damage_taken":0.0},{"cards_removed":["Headbutt"],"damage_healed":0.0,"max_hp_gain":0.0,"max_hp_loss":0.0,"gold_gain":0.0,"event_name":"Falling","player_choice":"Removed Attack","floor":38.0,"gold_loss":0.0,"damage_taken":0.0},{"damage_healed":0.0,"max_hp_gain":0.0,"max_hp_loss":0.0,"gold_gain":0.0,"event_name":"MindBloom","player_choice":"Fight","floor":47.0,"gold_loss":0.0,"damage_taken":0.0}],"is_beta":false,"boss_relics":[{"not_picked":["Orrery","White Beast Statue"],"picked":"Sozu"},{"not_picked":["Cursed Key","Lizard Tail"],"picked":"Snecko Eye"}],"items_purged_floors":[2,21,41,54],"is_endless":false,"potions_floor_spawned":[1,12,16,28,42,44,55],"ascension_level":20}