{"gold_per_floor":[110,123,123,138,28,57,69,87,163,179,35,35,62,62,62,162,162,149,149,1,1,17,17,27,43,66,66,77,77,87,103,103,199,199,218,146,166,166,185,185,8,26,26,26,42,42,42,42,42,42],"floor_reached":50,"playtime":2207,"items_purged":["Defend_B","Strike_B+1","Strike_B+1","Defend_B+1"],"score":458,"play_id":"e5c6753b-bf1b-4664-bed9-c1d340bcd297","local_time":"20190111043112","is_ascension_mode":false,"campfire_choices":[{"floor":12.0,"key":"REST"},{"data":"Static Discharge","floor":15.0,"key":"SMITH"},{"data":"Defragment","floor":23.0,"key":"SMITH"},{"floor":27.0,"key":"REST"},{"floor":29.0,"key":"REST"},{"floor":32.0,"key":"REST"},{"floor":40,"key":"REST"},{"floor":44,"key":"REST"},{"floor":46,"key":"REST"},{"floor":49,"key":"RECALL"}],"neow_cost":"NONE","seed_source_timestamp":0,"circlet_count":0,"master_deck":["Strike_B+1","Defend_B+1","Defend_B+1","Zap","Dualcast","Gash","Fusion","Loop","Glacier","Defragment+1","Auto Shields","Static Discharge","Amplify","Sweeping Beam","Static Discharge+1","Chill","Machine Learning","Ball Lightning","Shame","Gash","Static Discharge+1","Capacitor+1","Coolheaded","Rainbow","Coolheaded","Leap","Streamline+1","Redo+1","Darkness","Cold Snap","Leap","Turbo"],"special_seed":0,"relics":["Cracked Core","Kunai","Incense Burner","Lizard Tail","Smiling Mask","Oddly Smooth Stone","Runic Pyramid","Blue Candle"],"potions_floor_usage":[48],"damage_taken":[{"damage":3.0,"enemies":"Small Slimes","floor":1.0,"turns":3.0},{"damage":6.0,"enemies":"Cultist","floor":2.0,"turns":3.0},{"damage":0.0,"enemies":"2 Louse","floor":4.0,"turns":2.0},{"damage":26.0,"enemies":"Lagavulin","floor":6.0,"turns":10.0},{"damage":6.0,"enemies":"Red Slaver","floor":7.0,"turns":4.0},{"damage":0.0,"enemies":"Looter","floor":8.0,"turns":4.0},{"damage":2.0,"enemies":"Lots of Slimes","floor":10.0,"turns":5.0},{"damage":19.0,"enemies":"Gremlin Nob","floor":13.0,"turns":4.0},{"damage":34.0,"enemies":"The Guardian","floor":16.0,"turns":13.0},{"damage":24.0,"enemies":"2 Thieves","floor":18.0,"turns":4.0},{"damage":12.0,"enemies":"Shell Parasite","floor":22.0,"turns":4.0},{"damage":7.0,"enemies":"Centurion and Healer","floor":24.0,"turns":7.0},{"damage":33.0,"enemies":"Snecko","floor":25.0,"turns":5.0},{"damage":12.0,"enemies":"Sentry and Sphere","floor":28.0,"turns":7.0},{"damage":4.0,"enemies":"Snake Plant","floor":30.0,"turns":3.0},{"damage":14.0,"enemies":"Cultist and Chosen","floor":31.0,"turns":5.0},{"damage":50.0,"enemies":"Champ","floor":33.0,"turns":10.0},{"damage":13.0,"enemies":"Orb Walker","floor":35.0,"turns":5.0},{"damage":7.0,"enemies":"3 Darklings","floor":37.0,"turns":10.0},{"damage":43.0,"enemies":"4 Shapes","floor":39.0,"turns":7.0},{"damage":29,"enemies":"Writhing Mass","floor":42,"turns":7},{"damage":17,"enemies":"Maw","floor":45,"turns":9},{"damage":0,"enemies":"4 Shapes","floor":48,"turns":1},{"damage":57,"enemies":"Time Eater","floor":50,"turns":7}],"seed_played":"-8603101656837894025","potions_obtained":[{"floor":2.0,"key":"Swift Potion"},{"floor":6.0,"key":"EssenceOfSteel"},{"floor":8.0,"key":"Energy Potion"},{"floor":10.0,"key":"SpeedPotion"},{"floor":14.0,"key":"Fire Potion"},{"floor":14.0,"key":"Block Potion"},{"floor":14.0,"key":"Strength Potion"},{"floor":24.0,"key":"FearPotion"},{"floor":25.0,"key":"PowerPotion"},{"floor":30.0,"key":"Explosive Potion"},{"floor":31.0,"key":"SneckoOil"},{"floor":35.0,"key":"Block Potion"},{"floor":45,"key":"SmokeBomb"}],"is_trial":false,"path_per_floor":["M","M","?","M","$","E","M","M","T","M","$","R","E","?","R","B",null,"M","?","$","?","M","R","M","M","T","R","M","R","M","M","R","B",null,"M","$","M","?","M","R","$","M","T","R","M","R","$","M","R","B"],"character_chosen":"DEFECT","items_purchased":["Glacier","Defragment","Static Discharge","Block Potion","Leap","Darkness","Cold Snap"],"campfire_rested":7,"item_purchase_floors":[5,5,11,20,36,41,41],"current_hp_per_floor":[79,73,73,73,73,47,41,41,41,39,39,63,44,44,44,10,82,58,58,58,58,46,46,39,6,6,30,18,42,38,24,48,41,82,69,69,62,62,19,43,43,14,14,38,21,45,45,45,45,0],"gold":42,"neow_bonus":"TEN_PERCENT_HP_BONUS","is_prod":false,"is_daily":false,"chose_seed":false,"campfire_upgraded":2,"win_rate":0,"timestamp":1547168472,"path_taken":["M","M","?","M","$","E","M","?","T","M","?","R","E","?","R","BOSS","M","?","$","?","M","R","M","M","T","R","M","R","M","M","R","BOSS","M","$","M","?","M","R","$","M","T","R","M","R","$","M","R","BOSS"],"build_version":"2019-01-09","purchased_purges":4,"victory":false,"max_hp_per_floor":[82,82,82,82,82,82,82,82,82,82,82,82,82,82,82,82,82,82,82,82,82,82,82,82,82,82,82,82,82,82,82,82,82,82,82,82,82,82,82,82,82,82,82,82,82,82,82,82,82,82],"card_choices":[{"not_picked":["Steam","Barrage"],"picked":"Gash","floor":1.0},{"not_picked":["Amplify","Rip and Tear"],"picked":"Fusion","floor":2.0},{"not_picked":["Turbo","Go for the Eyes"],"picked":"Loop","floor":4.0},{"not_picked":["Cold Snap","Chaos"],"picked":"Auto Shields","floor":6.0},{"not_picked":["Ball Lightning","Go for the Eyes"],"picked":"Static Discharge","floor":7.0},{"not_picked":["Doom and Gloom","Reinforced Body"],"picked":"Amplify","floor":8.0},{"not_picked":["Rebound","Stack"],"picked":"Sweeping Beam","floor":10.0},{"not_picked":["Seek","Darkness"],"picked":"Chill","floor":13.0},{"not_picked":["Thunder Strike","Meteor Strike"],"picked":"Machine Learning","floor":16.0},{"not_picked":["Compile Driver","Steam"],"picked":"Ball Lightning","floor":18.0},{"not_picked":["Barrage","Force Field","Compile Driver+1"],"picked":"SKIP","floor":22.0},{"not_picked":["Double Energy","Coolheaded"],"picked":"Gash","floor":24.0},{"not_picked":["Sweeping Beam+1","Steam","Amplify"],"picked":"SKIP","floor":25.0},{"not_picked":["Leap","Double Energy"],"picked":"Static Discharge+1","floor":28.0},{"not_picked":["Chaos","Cold Snap+1"],"picked":"Capacitor","floor":30.0},{"not_picked":["Hologram+1","Compile Driver"],"picked":"Coolheaded","floor":31.0},{"not_picked":["Meteor Strike","Machine Learning"],"picked":"Rainbow","floor":33.0},{"not_picked":["Static Discharge","Beam Cell"],"picked":"Coolheaded","floor":35.0},{"not_picked":["Stack","Beam Cell"],"picked":"Streamline+1","floor":37.0},{"not_picked":["Rip and Tear","Force Field"],"picked":"Redo+1","floor":39.0},{"not_picked":["Ball Lightning","Chaos+1"],"picked":"Leap","floor":42},{"not_picked":["Cold Snap+1","Reprogram"],"picked":"Turbo","floor":45}],"player_experience":351067,"relics_obtained":[{"floor":6.0,"key":"Kunai"},{"floor":13.0,"key":"Incense Burner"},{"floor":26.0,"key":"Oddly Smooth Stone"},{"floor":43,"key":"Blue Candle"}],"event_choices":[{"cards_removed":["Strike_B"],"damage_healed":0.0,"max_hp_gain":0.0,"max_hp_loss":0.0,"gold_gain":0.0,"event_name":"Wheel of Change","player_choice":"Card Removal","floor":3.0,"gold_loss":0.0,"damage_taken":0.0},{"damage_healed":0.0,"max_hp_gain":0.0,"max_hp_loss":0.0,"gold_gain":0.0,"event_name":"Lab","player_choice":"Got Potions","floor":14.0,"gold_loss":0.0,"damage_taken":0.0},{"damage_healed":0.0,"max_hp_gain":0.0,"max_hp_loss":0.0,"gold_gain":0.0,"event_name":"Back to Basics","player_choice":"Simplicity","floor":19.0,"gold_loss":0.0,"damage_taken":0.0,"cards_upgraded":["Strike_B","Strike_B","Strike_B","Defend_B","Defend_B","Defend_B"]},{"damage_healed":0.0,"max_hp_gain":0.0,"max_hp_loss":0.0,"gold_gain":0.0,"event_name":"Addict","player_choice":"Stole Relic","floor":21.0,"gold_loss":0.0,"damage_taken":0.0,"relics_obtained":["Smiling Mask"],"cards_obtained":["Shame"]},{"damage_healed":0.0,"max_hp_gain":0.0,"max_hp_loss":0.0,"gold_gain":0.0,"event_name":"Accursed Blacksmith","player_choice":"Forge","floor":38.0,"gold_loss":0.0,"damage_taken":0.0,"cards_upgraded":["Capacitor"]}],"is_beta":true,"boss_relics":[{"not_picked":["Astrolabe","Tiny House"],"picked":"Lizard Tail"},{"not_picked":["Snecko Eye","Orrery"],"picked":"Runic Pyramid"}],"items_purged_floors":[11,20,36,41],"is_endless":false,"potions_floor_spawned":[2,6,8,10,24,25,30,31,35,45],"killed_by":"Time Eater","ascension_level":0}