{"path_per_floor":["M","M","M","$","M","E","R","E","T","M","M","M","$"],"character_chosen":"THE_SILENT","items_purchased":["Calculated Gamble","Panacea"],"gold_per_floor":[114,128,142,67,83,110,110,143,216,226,243,259,82,82],"floor_reached":14,"campfire_rested":1,"playtime":1122,"item_purchase_floors":[13,13],"current_hp_per_floor":[60,51,47,47,43,11,38,33,33,30,11,2,2,0],"items_purged":["Defend_G"],"gold":82,"score":109,"play_id":"112035df-e244-4e75-9eb7-625c95fbc623","local_time":"20180622002731","is_prod":false,"is_daily":false,"chose_seed":false,"is_ascension_mode":true,"campfire_upgraded":0,"win_rate":0,"timestamp":1529641651,"campfire_choices":[{"floor":7,"key":"REST"}],"path_taken":["M","M","M","$","M","E","R","E","T","M","M","M","$","M"],"build_version":"2018-06-21","seed_source_timestamp":1577647042557219,"purchased_purges":1,"circlet_count":0,"victory":false,"master_deck":["Defend_G","Defend_G","Defend_G","Defend_G","Strike_G","Strike_G","Strike_G","Strike_G","Strike_G","Survivor","Neutralize","Dodge and Roll","Well Laid Plans","Heel Hook","Flying Knee","Poisoned Stab","Tactician","Quick Slash","Concentrate","Infinite Blades","Calculated Gamble","Panacea"],"max_hp_per_floor":[70,70,70,70,70,70,70,70,70,70,70,70,70,70],"relics":["Eternal Feather","Toolbox","Tingsha","Centennial Puzzle"],"card_choices":[{"not_picked":["Sucker Punch","Quick Slash"],"picked":"Dodge and Roll","floor":1},{"not_picked":["Dagger Spray","Prepared"],"picked":"Well Laid Plans","floor":2},{"not_picked":["Dagger Spray","Bane"],"picked":"Heel Hook","floor":3},{"not_picked":["Prepared","Sucker Punch"],"picked":"Flying Knee","floor":5},{"not_picked":["Masterful Stab","Infinite Blades"],"picked":"Poisoned Stab","floor":6},{"not_picked":["Dagger Spray","Flying Knee"],"picked":"Tactician","floor":8},{"not_picked":["Deflect","Predator"],"picked":"Quick Slash","floor":10},{"not_picked":["Sucker Punch","Dagger Throw"],"picked":"Concentrate","floor":11},{"not_picked":["Bane","Masterful Stab"],"picked":"Infinite Blades","floor":12}],"player_experience":119123,"potions_floor_usage":[6,8,8,12],"damage_taken":[{"damage":10,"enemies":"Small Slimes","floor":1,"turns":4},{"damage":9,"enemies":"2 Louse","floor":2,"turns":3},{"damage":4,"enemies":"Jaw Worm","floor":3,"turns":8},{"damage":4,"enemies":"Red Slaver","floor":5,"turns":4},{"damage":32,"enemies":"3 Sentries","floor":6,"turns":11},{"damage":5,"enemies":"Lagavulin","floor":8,"turns":8},{"damage":3,"enemies":"2 Fungi Beasts","floor":10,"turns":4},{"damage":19,"enemies":"Exordium Wildlife","floor":11,"turns":4},{"damage":9,"enemies":"3 Louse","floor":12,"turns":3},{"damage":12,"enemies":"Blue Slaver","floor":14,"turns":3}],"relics_obtained":[{"floor":6,"key":"Toolbox"},{"floor":8,"key":"Tingsha"},{"floor":9,"key":"Centennial Puzzle"}],"event_choices":[],"boss_relics":[],"items_purged_floors":[4],"is_endless":false,"potions_floor_spawned":[2,5,6,10],"seed_played":"8304245540739377434","killed_by":"Blue Slaver","ascension_level":1,"potions_obtained":[{"floor":2,"key":"SpeedPotion"},{"floor":5,"key":"Fire Potion"},{"floor":6,"key":"Block Potion"},{"floor":10,"key":"Swift Potion"}],"is_trial":false}