{"gold_per_floor":[116,131,131,151,165,165,90,90,90,121,141,141,185,201,201,201],"floor_reached":16,"playtime":791,"items_purged":["Strike_G"],"score":129,"play_id":"8fce19ab-48ec-4b2a-be18-58e35eea9b96","local_time":"20190720172237","is_ascension_mode":true,"campfire_choices":[{"data":"Footwork","floor":6.0,"key":"SMITH"},{"data":"Deadly Poison","floor":12.0,"key":"SMITH"},{"floor":15,"key":"REST"}],"neow_cost":"NONE","seed_source_timestamp":801212275593100,"circlet_count":0,"master_deck":["Strike_G","Strike_G","Strike_G","Defend_G","Defend_G","Defend_G","Defend_G","Defend_G","Survivor","Neutralize","Prepared","Dodge and Roll","Deadly Poison","Footwork+1","Deadly Poison+1","Deflect"],"special_seed":0,"relics":["Ring of the Snake","Golden Idol","Sundial","Frozen Egg 2","Ornamental Fan"],"potions_floor_usage":[],"damage_taken":[{"damage":1.0,"enemies":"Cultist","floor":1.0,"turns":3.0},{"damage":6.0,"enemies":"2 Louse","floor":2.0,"turns":5.0},{"damage":1.0,"enemies":"Small Slimes","floor":4.0,"turns":5.0},{"damage":0.0,"enemies":"Blue Slaver","floor":5.0,"turns":5.0},{"damage":16.0,"enemies":"Lagavulin","floor":10.0,"turns":12.0},{"damage":2.0,"enemies":"3 Louse","floor":11.0,"turns":6.0},{"damage":44.0,"enemies":"Gremlin Nob","floor":13.0,"turns":5.0},{"damage":0.0,"enemies":"2 Fungi Beasts","floor":14.0,"turns":5.0},{"damage":28,"enemies":"Slime Boss","floor":16,"turns":9}],"seed_played":"-7364323518282457025","potions_obtained":[{"floor":2.0,"key":"Ancient Potion"},{"floor":10.0,"key":"Weak Potion"},{"floor":14,"key":"EssenceOfSteel"}],"is_trial":false,"path_per_floor":["M","M","?","M","M","R","$","?","T","E","M","R","E","M","R","B"],"character_chosen":"THE_SILENT","items_purchased":[],"campfire_rested":1,"item_purchase_floors":[],"current_hp_per_floor":[76,70,70,69,69,69,69,69,69,53,51,51,7,7,28,0],"gold":201,"neow_bonus":"TEN_PERCENT_HP_BONUS","is_prod":false,"is_daily":false,"chose_seed":false,"campfire_upgraded":2,"win_rate":0,"timestamp":1563625357,"path_taken":["M","?","?","M","M","R","$","?","T","E","M","R","E","M","R","BOSS"],"build_version":"2019-07-17","purchased_purges":1,"victory":false,"max_hp_per_floor":[77,77,77,77,77,77,77,71,71,71,71,71,71,71,71,71],"card_choices":[{"not_picked":["Bane","Acrobatics"],"picked":"Prepared","floor":1.0},{"not_picked":["Leg Sweep","Bane"],"picked":"Dodge and Roll","floor":2.0},{"not_picked":["Underhanded Strike","Backflip"],"picked":"Deadly Poison","floor":4.0},{"not_picked":["Acrobatics","Tactician"],"picked":"Footwork","floor":5.0},{"not_picked":["Acrobatics","All Out Attack","Dagger Throw"],"picked":"SKIP","floor":10.0},{"not_picked":["Cloak And Dagger","Acrobatics"],"picked":"Deadly Poison","floor":11.0},{"not_picked":["Poisoned Stab","Dodge and Roll"],"picked":"Deflect","floor":13.0},{"not_picked":["Poisoned Stab","Blade Dance","Predator"],"picked":"SKIP","floor":14}],"player_experience":140760,"relics_obtained":[{"floor":9.0,"key":"Sundial"},{"floor":10.0,"key":"Frozen Egg 2"},{"floor":13.0,"key":"Ornamental Fan"}],"event_choices":[{"cards_removed":["Strike_G"],"damage_healed":0.0,"max_hp_gain":0.0,"max_hp_loss":0.0,"gold_gain":0.0,"event_name":"Living Wall","player_choice":"Forget","floor":3.0,"gold_loss":0.0,"damage_taken":0.0},{"damage_healed":0.0,"max_hp_gain":0.0,"max_hp_loss":6.0,"gold_gain":0.0,"event_name":"Golden Idol","player_choice":"Lose Max HP","floor":8.0,"gold_loss":0.0,"damage_taken":0.0,"relics_obtained":["Golden Idol"]}],"is_beta":false,"boss_relics":[],"items_purged_floors":[7],"is_endless":false,"potions_floor_spawned":[2,10,14],"killed_by":"Slime Boss","ascension_level":3}