{"gold_per_floor":[109,30,30,30,30,55,55,81,159,192,192,209,209,27,27,102,102,42,42,42,42,42,42,42,42,42,42,42],"floor_reached":28,"playtime":1542,"items_purged":[],"score":570,"play_id":"3437ad89-d384-4ee6-906b-81ada1388bcf","local_time":"20190706102645","is_ascension_mode":true,"campfire_choices":[{"data":"Dualcast","floor":7,"key":"SMITH"},{"floor":13,"key":"REST"},{"floor":15,"key":"REST"},{"floor":23,"key":"REST"},{"floor":27,"key":"REST"}],"neow_cost":"NONE","seed_source_timestamp":1815527481539107,"circlet_count":0,"master_deck":["AscendersBane","Strike_B+1","Strike_B","Strike_B","Defend_B","Defend_B","Defend_B","Defend_B","Zap+1","Dualcast+1","Genetic Algorithm","Sweeping Beam+1","Cold Snap","Hologram","Sweeping Beam","Ball Lightning","Capacitor","Ball Lightning","Electrodynamics","Compile Driver+1","Genetic Algorithm","Hologram","Core Surge"],"relics":["Cracked Core","NeowsBlessing","Whetstone","Matryoshka","Question Card","Ectoplasm","Anchor","Incense Burner","Bottled Tornado"],"potions_floor_usage":[10,10,16,21,24],"damage_taken":[{"damage":0,"enemies":"Cultist","floor":1,"turns":1},{"damage":0,"enemies":"Lagavulin","floor":6,"turns":1},{"damage":0,"enemies":"3 Sentries","floor":8,"turns":1},{"damage":54,"enemies":"Gremlin Nob","floor":10,"turns":5},{"damage":7,"enemies":"Small Slimes","floor":12,"turns":3},{"damage":41,"enemies":"The Guardian","floor":16,"turns":14},{"damage":16,"enemies":"2 Thieves","floor":18,"turns":3},{"damage":11,"enemies":"Chosen","floor":19,"turns":5},{"damage":6,"enemies":"Snecko","floor":21,"turns":5},{"damage":26,"enemies":"Gremlin Leader","floor":24,"turns":6},{"damage":31,"enemies":"Book of Stabbing","floor":28,"turns":3}],"seed_played":"-7735235523768095460","potions_obtained":[{"floor":1,"key":"GamblersBrew"},{"floor":8,"key":"LiquidBronze"},{"floor":10,"key":"Strength Potion"},{"floor":18,"key":"EssenceOfSteel"},{"floor":19,"key":"Weak Potion"}],"is_trial":false,"path_per_floor":["M","$","?","?","?","E","R","E","T","E","?","M","R","$","R","B",null,"M","M","?","M","?","R","E","$","T","R","E"],"character_chosen":"DEFECT","items_purchased":["Sweeping Beam","Explosive Potion","Capacitor","Ball Lightning","Weak Potion"],"campfire_rested":4,"item_purchase_floors":[2,2,14,14,14],"current_hp_per_floor":[64,64,64,57,62,62,62,62,62,8,8,1,23,23,45,4,58,42,31,9,3,3,27,1,1,1,25,0],"gold":42,"neow_bonus":"THREE_ENEMY_KILL","is_prod":false,"is_daily":false,"chose_seed":false,"campfire_upgraded":1,"win_rate":0,"timestamp":1562434005,"path_taken":["M","?","?","?","?","E","R","E","T","E","?","M","R","?","R","BOSS","M","?","?","M","?","R","E","$","T","R","E"],"build_version":"2019-07-05","purchased_purges":0,"victory":false,"max_hp_per_floor":[71,71,71,71,76,76,76,76,76,76,76,76,76,76,76,76,76,76,76,81,81,81,81,81,81,81,81,81],"card_choices":[{"not_picked":["Rip and Tear","Recycle"],"picked":"Genetic Algorithm","floor":1},{"not_picked":["Aggregate","Steam"],"picked":"Cold Snap","floor":6},{"not_picked":["Fusion","Skim"],"picked":"Hologram","floor":8},{"not_picked":["Barrage","Redo"],"picked":"Sweeping Beam","floor":10},{"not_picked":["Streamline","Tempest","Self Repair"],"picked":"Ball Lightning","floor":12},{"not_picked":["Rainbow","Buffer","Multi-Cast"],"picked":"Electrodynamics","floor":16},{"not_picked":["Gash","Streamline","Self Repair+1"],"picked":"Compile Driver+1","floor":18},{"not_picked":["Reprogram","Beam Cell","Coolheaded"],"picked":"Genetic Algorithm","floor":19},{"not_picked":["Sweeping Beam","Steam","Lockon"],"picked":"Hologram","floor":21},{"not_picked":["Reprogram","Conserve Battery+1","White Noise"],"picked":"Core Surge","floor":24}],"player_experience":557672,"relics_obtained":[{"floor":8,"key":"Whetstone"},{"floor":9,"key":"Matryoshka"},{"floor":10,"key":"Question Card"},{"floor":24,"key":"Anchor"},{"floor":26,"key":"Incense Burner"},{"floor":26,"key":"Bottled Tornado"}],"event_choices":[{"damage_healed":0,"gold_gain":0,"player_choice":"Grow","damage_taken":0,"max_hp_gain":0,"max_hp_loss":0,"event_name":"Living Wall","floor":3,"gold_loss":0,"cards_upgraded":["Zap"]},{"cards_removed":["Strike_B"],"damage_healed":0,"gold_gain":0,"player_choice":"Card Removal","damage_taken":7,"max_hp_gain":0,"max_hp_loss":0,"event_name":"Golden Wing","floor":4,"gold_loss":0},{"damage_healed":0,"gold_gain":0,"player_choice":"Donut","damage_taken":0,"max_hp_gain":5,"max_hp_loss":0,"event_name":"Big Fish","floor":5,"gold_loss":0},{"damage_healed":0,"gold_gain":0,"player_choice":"Ignored","damage_taken":0,"max_hp_gain":0,"max_hp_loss":0,"event_name":"Liars Game","floor":11,"gold_loss":0},{"damage_healed":0,"gold_gain":0,"player_choice":"Shed Blood","damage_taken":27,"max_hp_gain":5,"max_hp_loss":0,"event_name":"Forgotten Altar","floor":20,"gold_loss":0},{"damage_healed":0,"gold_gain":0,"player_choice":"Ignored","damage_taken":0,"max_hp_gain":0,"max_hp_loss":0,"event_name":"Vampires","floor":22,"gold_loss":0}],"is_beta":false,"boss_relics":[{"not_picked":["Black Star","Cursed Key"],"picked":"Ectoplasm"}],"items_purged_floors":[],"is_endless":false,"potions_floor_spawned":[1,8,10,18,19],"killed_by":"Book of Stabbing","ascension_level":18}