{"gold_per_floor":[117,127,127,127,146,180,1,29,84,103,21,46,11,21,21,123,123,142,142,152,167,177,177,202,202,202,219,13,13,13,13,13,13],"floor_reached":33,"playtime":1899,"items_purged":[],"score":299,"play_id":"001b0785-fb0c-4d03-a1e3-cd4f2a7c2aaf","local_time":"20190712232123","is_ascension_mode":true,"campfire_choices":[{"data":"Mayhem","floor":15,"key":"SMITH"},{"floor":23,"key":"REST"},{"floor":25,"key":"REST"},{"data":"Reaper","floor":32,"key":"SMITH"}],"neow_cost":"NONE","seed_source_timestamp":130433958678700,"circlet_count":0,"master_deck":["Strike_R","Strike_R","Strike_R","Strike_R","Strike_R","Defend_R","Defend_R","Defend_R","Defend_R","Bash","Armaments+1","Reaper+1","Mayhem+1","Combust","Combust","Bandage Up","Metallicize","Juggernaut+1","Shrug It Off+1","Battle Trance","Impervious","Shrug It Off+1"],"relics":["Burning Blood","Blood Vial","PreservedInsect","Question Card","Gremlin Horn","Centennial Puzzle","Shuriken","Omamori","Singing Bowl","Strange Spoon"],"potions_floor_usage":[22],"damage_taken":[{"damage":1,"enemies":"Cultist","floor":1,"turns":4},{"damage":11,"enemies":"Jaw Worm","floor":2,"turns":6},{"damage":5,"enemies":"Small Slimes","floor":5,"turns":4},{"damage":22,"enemies":"Gremlin Nob","floor":6,"turns":4},{"damage":17,"enemies":"3 Sentries","floor":8,"turns":7},{"damage":11,"enemies":"2 Fungi Beasts","floor":10,"turns":3},{"damage":31,"enemies":"Gremlin Nob","floor":12,"turns":4},{"damage":25,"enemies":"Gremlin Gang","floor":14,"turns":4},{"damage":64,"enemies":"The Guardian","floor":16,"turns":10},{"damage":16,"enemies":"Chosen","floor":18,"turns":6},{"damage":17,"enemies":"Shell Parasite","floor":20,"turns":7},{"damage":51,"enemies":"Sentry and Sphere","floor":21,"turns":6},{"damage":28,"enemies":"Centurion and Healer","floor":22,"turns":7},{"damage":66,"enemies":"Gremlin Leader","floor":24,"turns":6},{"damage":23,"enemies":"3 Cultists","floor":27,"turns":6},{"damage":57,"enemies":"Automaton","floor":33,"turns":8}],"seed_played":"4705834231054402454","potions_obtained":[{"floor":2,"key":"SpeedPotion"},{"floor":12,"key":"Poison Potion"},{"floor":14,"key":"Fire Potion"},{"floor":22,"key":"SteroidPotion"}],"is_trial":false,"path_per_floor":["M","M","T","?","M","E","$","E","T","M","$","E","?","M","R","B",null,"M","?","M","M","M","R","E","R","T","M","$","?","?","?","R","B"],"character_chosen":"IRONCLAD","items_purchased":["Mayhem","Bandage Up","Strange Spoon"],"campfire_rested":2,"item_purchase_floors":[7,11,28],"current_hp_per_floor":[80,75,75,75,78,64,64,70,70,67,67,50,70,66,66,25,80,73,73,68,34,22,46,9,33,33,41,41,41,41,41,41,0],"gold":13,"neow_bonus":"RANDOM_COMMON_RELIC","is_prod":false,"is_daily":false,"chose_seed":false,"campfire_upgraded":2,"win_rate":0,"timestamp":1562955683,"path_taken":["M","M","?","?","M","E","$","E","T","M","$","E","?","M","R","BOSS","M","?","M","M","M","R","E","R","T","?","?","?","?","?","R","BOSS"],"build_version":"2019-07-05","purchased_purges":0,"victory":false,"max_hp_per_floor":[80,80,80,80,80,80,80,80,80,80,80,80,80,80,80,80,80,80,80,80,80,80,80,80,80,80,82,82,82,82,82,82,82],"card_choices":[{"not_picked":["True Grit","Twin Strike","Heavy Blade"],"picked":"SKIP","floor":1},{"not_picked":["Havoc","True Grit"],"picked":"Armaments","floor":2},{"not_picked":["Anger","Armaments","Clash"],"picked":"SKIP","floor":5},{"not_picked":["Infernal Blade","Bloodletting"],"picked":"Reaper","floor":6},{"not_picked":["Headbutt","Cleave","Armaments"],"picked":"Combust","floor":8},{"not_picked":["True Grit","Rampage","Pommel Strike"],"picked":"Combust","floor":10},{"not_picked":["Hemokinesis","Clash","Heavy Blade","Anger"],"picked":"SKIP","floor":12},{"not_picked":["Sword Boomerang","Sentinel","Havoc"],"picked":"Metallicize","floor":14},{"not_picked":["Demon Form","Reaper","Fiend Fire"],"picked":"Juggernaut","floor":16},{"not_picked":["Body Slam","Clothesline","True Grit"],"picked":"Shrug It Off+1","floor":18},{"not_picked":["True Grit+1","Heavy Blade","Cleave"],"picked":"Battle Trance","floor":20},{"not_picked":["Spot Weakness","True Grit+1","Pommel Strike"],"picked":"Impervious","floor":21},{"not_picked":["Sword Boomerang","Wild Strike","Clash","Headbutt"],"picked":"SKIP","floor":22},{"not_picked":["Shockwave","Thunderclap","Reckless Charge"],"picked":"Shrug It Off+1","floor":24},{"not_picked":["Anger+1","Hemokinesis+1","Cleave","Headbutt+1"],"picked":"Singing Bowl","floor":27}],"player_experience":130368,"relics_obtained":[{"floor":3,"key":"PreservedInsect"},{"floor":6,"key":"Question Card"},{"floor":8,"key":"Gremlin Horn"},{"floor":9,"key":"Centennial Puzzle"},{"floor":12,"key":"Shuriken"},{"floor":24,"key":"Omamori"},{"floor":26,"key":"Singing Bowl"}],"event_choices":[{"damage_healed":0,"gold_gain":0,"player_choice":"Grow","damage_taken":0,"max_hp_gain":0,"max_hp_loss":0,"event_name":"Living Wall","floor":4,"gold_loss":0,"cards_upgraded":["Armaments"]},{"damage_healed":20,"gold_gain":0,"player_choice":"Healed","damage_taken":0,"max_hp_gain":0,"max_hp_loss":0,"event_name":"The Cleric","floor":13,"gold_loss":35},{"damage_healed":0,"gold_gain":0,"player_choice":"Forge","damage_taken":0,"max_hp_gain":0,"max_hp_loss":0,"event_name":"Accursed Blacksmith","floor":19,"gold_loss":0,"cards_upgraded":["Juggernaut"]},{"damage_healed":0,"gold_gain":0,"player_choice":"Ignored","damage_taken":0,"max_hp_gain":0,"max_hp_loss":0,"event_name":"Ghosts","floor":29,"gold_loss":0},{"damage_healed":0,"gold_gain":0,"player_choice":"Ignored","damage_taken":0,"max_hp_gain":0,"max_hp_loss":0,"event_name":"Cursed Tome","floor":30,"gold_loss":0},{"damage_healed":0,"gold_gain":0,"player_choice":"Ignored","damage_taken":0,"max_hp_gain":0,"max_hp_loss":0,"event_name":"The Mausoleum","floor":31,"gold_loss":0}],"is_beta":false,"boss_relics":[{"not_picked":["Coffee Dripper","Velvet Choker","Runic Dome"]}],"items_purged_floors":[],"is_endless":false,"potions_floor_spawned":[2,12,14,16,20,21,22,24],"killed_by":"Automaton","ascension_level":1}