{"gold_per_floor":[109,109,121,133,147,147,181,181,181,200,125,143,159,179,179],"floor_reached":15,"playtime":1319,"items_purged":["Strike_B"],"score":151,"play_id":"69789c1f-ac99-46fb-b081-a56d896c3819","local_time":"20190708180756","is_ascension_mode":false,"campfire_choices":[{"data":"Zap","floor":6,"key":"SMITH"},{"floor":8,"key":"REST"},{"floor":15,"key":"REST"}],"neow_cost":"","seed_source_timestamp":0,"circlet_count":0,"master_deck":["Strike_B","Strike_B","Defend_B","Defend_B","Defend_B","Defend_B","Zap+1","Dualcast","Gash","Conserve Battery","Capacitor"],"relics":["Cracked Core","FossilizedHelix","Gambling Chip"],"potions_floor_usage":[],"damage_taken":[{"damage":0,"enemies":"Cultist","floor":1,"turns":3},{"damage":0,"enemies":"Small Slimes","floor":3,"turns":2},{"damage":1,"enemies":"2 Louse","floor":4,"turns":3},{"damage":10,"enemies":"Exordium Wildlife","floor":5,"turns":5},{"damage":47,"enemies":"Gremlin Nob","floor":7,"turns":5},{"damage":0,"enemies":"Looter","floor":10,"turns":3},{"damage":1,"enemies":"Red Slaver","floor":12,"turns":3},{"damage":14,"enemies":"Exordium Thugs","floor":13,"turns":6},{"damage":2,"enemies":"3 Louse","floor":14,"turns":4}],"seed_played":"-3967987315110146056","potions_obtained":[{"floor":1,"key":"Explosive Potion"},{"floor":10,"key":"Ancient Potion"},{"floor":14,"key":"Explosive Potion"}],"is_trial":true,"path_per_floor":["M","?","M","M","M","R","E","R","T","M","$","M","M","M","R"],"character_chosen":"DEFECT","items_purchased":[],"campfire_rested":2,"item_purchase_floors":[],"current_hp_per_floor":[75,75,75,74,64,64,17,39,39,39,39,38,24,22,44],"gold":179,"neow_bonus":"","is_prod":false,"is_daily":false,"chose_seed":false,"campfire_upgraded":1,"win_rate":0,"timestamp":1562591276,"path_taken":["M","?","M","M","M","R","E","R","T","M","$","M","M","M","R"],"build_version":"2019-07-05","purchased_purges":1,"victory":false,"max_hp_per_floor":[75,75,75,75,75,75,75,75,75,75,75,75,75,75,75],"card_choices":[{"not_picked":["Tempest","Redo"],"picked":"Gash","floor":1},{"not_picked":["Steam","Leap","Streamline"],"picked":"SKIP","floor":3},{"not_picked":["Heatsinks","Ball Lightning"],"picked":"Conserve Battery","floor":4},{"not_picked":["Cold Snap","Steam"],"picked":"Capacitor","floor":5},{"not_picked":["Compile Driver","Hyperbeam","Doom and Gloom"],"picked":"SKIP","floor":7},{"not_picked":["Streamline","Coolheaded","Cold Snap"],"picked":"SKIP","floor":10},{"not_picked":["Doom and Gloom","Cold Snap","White Noise"],"picked":"SKIP","floor":12},{"not_picked":["Melter","Ball Lightning","Leap"],"picked":"SKIP","floor":13},{"not_picked":["Barrage","Ball Lightning","Skim"],"picked":"SKIP","floor":14}],"player_experience":108913,"relics_obtained":[{"floor":7,"key":"FossilizedHelix"},{"floor":9,"key":"Gambling Chip"}],"event_choices":[{"cards_removed":["Strike_B"],"damage_healed":0,"gold_gain":0,"player_choice":"Forget","damage_taken":0,"max_hp_gain":0,"max_hp_loss":0,"event_name":"Living Wall","floor":2,"gold_loss":0}],"is_beta":false,"boss_relics":[],"items_purged_floors":[11],"is_endless":true,"potions_floor_spawned":[1,10,14],"ascension_level":0}