{"gold_per_floor":[115,115,126,126,139,139,158,198,198,198,213,213,213,253,253,379,379,403,328,453,353,368,368,407,407,455,143,143,143,174,84,84,212,212,232,312,332,351,127,127,145,180,180,219,240,240,264,289,289,289],"floor_reached":51,"playtime":2456,"items_purged":["Defend_R","Strike_R","Defend_R"],"score":851,"play_id":"df2e2a6b-cfb8-4a9a-8b79-d45463eff6a0","local_time":"20190122233430","is_ascension_mode":true,"campfire_choices":[{"data":"Armaments","floor":6.0,"key":"SMITH"},{"floor":10.0,"key":"REST"},{"data":"Demon Form","floor":13.0,"key":"SMITH"},{"data":"Metallicize","floor":15.0,"key":"SMITH"},{"data":"Barricade","floor":23.0,"key":"SMITH"},{"data":"Shrug It Off","floor":25.0,"key":"SMITH"},{"data":"Heavy Blade","floor":29.0,"key":"SMITH"},{"data":"Seeing Red","floor":32.0,"key":"SMITH"},{"data":"Limit Break","floor":40,"key":"SMITH"},{"data":"Limit Break","floor":46,"key":"SMITH"},{"data":"Flex","floor":49,"key":"SMITH"}],"neow_cost":"NONE","seed_source_timestamp":15314815120877,"circlet_count":0,"master_deck":["Strike_R+1","Strike_R+1","Defend_R","Defend_R+1","Ghostly Armor","Pommel Strike","Armaments+1","Pommel Strike+1","Flex+1","Demon Form+1","Seeing Red+1","Uppercut","Reaper+1","Metallicize+1","Barricade+1","Heavy Blade+1","Shrug It Off+1","Battle Trance","Limit Break+1","Clothesline+1","Limit Break+1","Parasite","Power Through","Spot Weakness+1"],"special_seed":0,"relics":["Burning Blood","Golden Idol","Self Forming Clay","Darkstone Periapt","Mercury Hourglass","Sozu","Magic Flower","The Courier","Vajra","Lantern","Whetstone","Orichalcum","Nilry\u0027s Codex","Dream Catcher","Philosopher\u0027s Stone","Kunai","Strawberry","Charon\u0027s Ashes"],"potions_floor_usage":[],"damage_taken":[{"damage":2.0,"enemies":"Jaw Worm","floor":1.0,"turns":3.0},{"damage":0.0,"enemies":"Small Slimes","floor":3.0,"turns":3.0},{"damage":2.0,"enemies":"2 Louse","floor":5.0,"turns":3.0},{"damage":13.0,"enemies":"Exordium Thugs","floor":7.0,"turns":8.0},{"damage":39.0,"enemies":"Gremlin Nob","floor":8.0,"turns":5.0},{"damage":13.0,"enemies":"Blue Slaver","floor":11.0,"turns":4.0},{"damage":9.0,"enemies":"3 Sentries","floor":14.0,"turns":6.0},{"damage":26.0,"enemies":"Slime Boss","floor":16.0,"turns":8.0},{"damage":0.0,"enemies":"Chosen","floor":18.0,"turns":4.0},{"damage":17.0,"enemies":"Colosseum Slavers","floor":20.0,"turns":6.0},{"damage":30.0,"enemies":"Colosseum Nobs","floor":20.0,"turns":5.0},{"damage":22.0,"enemies":"Spheric Guardian","floor":22.0,"turns":5.0},{"damage":27.0,"enemies":"Gremlin Leader","floor":24.0,"turns":7.0},{"damage":20.0,"enemies":"Slavers","floor":30.0,"turns":5.0},{"damage":48,"enemies":"Collector","floor":33,"turns":8},{"damage":10,"enemies":"3 Shapes","floor":35,"turns":4},{"damage":2,"enemies":"Orb Walker","floor":37,"turns":3},{"damage":14,"enemies":"Spire Growth","floor":38,"turns":5},{"damage":15,"enemies":"Maw","floor":41,"turns":5},{"damage":1,"enemies":"Giant Head","floor":42,"turns":7},{"damage":21,"enemies":"Nemesis","floor":44,"turns":5},{"damage":28,"enemies":"Writhing Mass","floor":45,"turns":5},{"damage":48,"enemies":"3 Darklings","floor":47,"turns":4},{"damage":26,"enemies":"Transient","floor":48,"turns":5},{"damage":51,"enemies":"Awakened One","floor":50,"turns":6}],"seed_played":"8569215138591058740","potions_obtained":[{"floor":1.0,"key":"Ancient Potion"},{"floor":11.0,"key":"Poison Potion"},{"floor":16.0,"key":"Dexterity Potion"}],"is_trial":false,"path_per_floor":["?","?","?","?","?","?","?","T","M","M"],"character_chosen":"IRONCLAD","items_purchased":["Shrug It Off","Whetstone","Orichalcum","Limit Break"],"campfire_rested":1,"item_purchase_floors":[21,27,27,39],"current_hp_per_floor":[80,64,70,50,54,54,47,14,14,38,31,31,31,48,48,37,80,80,80,63,63,50,50,80,80,80,80,64,64,74,74,74,41,80,80,80,80,80,80,80,80,87,87,77,79,79,93,93,93,51],"gold":289,"neow_bonus":"TRANSFORM_CARD","is_prod":false,"is_daily":false,"chose_seed":false,"campfire_upgraded":10,"win_rate":0,"timestamp":1548187470,"path_taken":["M","?","M","?","M","R","M","E","T","R","M","?","R","E","R","BOSS","M","?","?","$","M","R","E","R","T","$","?","R","E","?","R","BOSS","M","?","M","?","$","R","M","E","T","E","M","R","M","?","R","BOSS"],"build_version":"2019-01-20","purchased_purges":3,"victory":true,"max_hp_per_floor":[80,80,80,80,80,80,80,80,80,80,80,80,80,80,80,80,80,80,80,80,80,80,80,80,80,80,80,80,80,80,80,80,80,80,80,80,80,80,80,80,80,87,87,87,93,93,93,93,93,93],"card_choices":[{"not_picked":["Fire Breathing","Perfected Strike"],"picked":"Pommel Strike","floor":1.0},{"not_picked":["Battle Trance","Infernal Blade"],"picked":"Armaments","floor":3.0},{"not_picked":["Combust","Warcry"],"picked":"Pommel Strike","floor":5.0},{"not_picked":["Hemokinesis","Corruption"],"picked":"Flex","floor":7.0},{"not_picked":["Searing Blow","Shrug It Off"],"picked":"Demon Form","floor":8.0},{"not_picked":["Power Through","Blood for Blood"],"picked":"Seeing Red","floor":11.0},{"not_picked":["Rupture","Pommel Strike"],"picked":"Metallicize","floor":14.0},{"not_picked":["Exhume","Bludgeon"],"picked":"Barricade","floor":16.0},{"not_picked":["Armaments","Ghostly Armor"],"picked":"Heavy Blade","floor":18.0},{"not_picked":["Dropkick","Armaments","Pommel Strike"],"picked":"SKIP","floor":22.0},{"not_picked":["Havoc","Iron Wave","Sword Boomerang"],"picked":"SKIP","floor":24.0},{"not_picked":["Havoc","Perfected Strike"],"picked":"Battle Trance","floor":30.0},{"not_picked":["Berserk","Immolate"],"picked":"Limit Break","floor":33},{"not_picked":["Havoc","Thunderclap+1","True Grit"],"picked":"SKIP","floor":35},{"not_picked":["Bloodletting+1","Rampage"],"picked":"Clothesline+1","floor":37},{"not_picked":["Wild Strike","Sword Boomerang+1","Heavy Blade"],"picked":"SKIP","floor":38},{"not_picked":["Wild Strike+1","Body Slam+1","Thunderclap+1"],"picked":"SKIP","floor":41},{"not_picked":["Impervious","Wild Strike+1","Perfected Strike+1"],"picked":"SKIP","floor":42},{"not_picked":["Armaments","Sword Boomerang","Twin Strike"],"picked":"SKIP","floor":44},{"not_picked":["Armaments","Sword Boomerang","Twin Strike"],"picked":"SKIP","floor":44},{"not_picked":["Sentinel","Infernal Blade","Fiend Fire"],"picked":"SKIP","floor":45},{"not_picked":["Twin Strike","Thunderclap"],"picked":"Power Through","floor":47},{"not_picked":["Shrug It Off+1","Whirlwind+1"],"picked":"Spot Weakness+1","floor":48}],"player_experience":488206,"relics_obtained":[{"floor":8.0,"key":"Self Forming Clay"},{"floor":9.0,"key":"Darkstone Periapt"},{"floor":14.0,"key":"Mercury Hourglass"},{"floor":20.0,"key":"Magic Flower"},{"floor":20.0,"key":"The Courier"},{"floor":24.0,"key":"Vajra"},{"floor":26.0,"key":"Lantern"},{"floor":28.0,"key":"Nilry\u0027s Codex"},{"floor":30.0,"key":"Dream Catcher"},{"floor":36,"key":"Kunai"},{"floor":42,"key":"Strawberry"},{"floor":44,"key":"Charon\u0027s Ashes"}],"event_choices":[{"damage_healed":0.0,"max_hp_gain":0.0,"max_hp_loss":0.0,"gold_gain":0.0,"event_name":"Shining Light","player_choice":"Entered Light","floor":2.0,"gold_loss":0.0,"damage_taken":16.0,"cards_upgraded":["Defend_R","Strike_R"]},{"damage_healed":0.0,"max_hp_gain":0.0,"max_hp_loss":0.0,"gold_gain":0.0,"event_name":"Golden Idol","player_choice":"Take Damage","floor":4.0,"gold_loss":0.0,"damage_taken":20.0,"relics_obtained":["Golden Idol"]},{"damage_healed":0.0,"max_hp_gain":0.0,"max_hp_loss":0.0,"gold_gain":0.0,"event_name":"Match and Keep!","player_choice":"2 cards matched","floor":12.0,"gold_loss":0.0,"damage_taken":0.0,"cards_obtained":["Uppercut","Reaper"]},{"cards_removed":["Strike_R"],"damage_healed":0.0,"max_hp_gain":0.0,"max_hp_loss":0.0,"gold_gain":0.0,"event_name":"Beggar","player_choice":"Gave Gold","floor":19.0,"gold_loss":75.0,"damage_taken":0.0},{"damage_healed":0.0,"max_hp_gain":0.0,"max_hp_loss":0.0,"gold_gain":0.0,"event_name":"Colosseum","player_choice":"Fight","floor":20.0,"gold_loss":0.0,"damage_taken":0.0},{"damage_healed":0.0,"max_hp_gain":0.0,"max_hp_loss":0.0,"gold_gain":0.0,"event_name":"Colosseum","player_choice":"Fought Nobs","floor":20.0,"gold_loss":0.0,"damage_taken":0.0},{"damage_healed":0.0,"max_hp_gain":0.0,"max_hp_loss":0.0,"gold_gain":0.0,"event_name":"Cursed Tome","player_choice":"Obtained Book","floor":28.0,"gold_loss":0.0,"damage_taken":16.0},{"cards_removed":["Strike_R"],"damage_healed":0.0,"max_hp_gain":0.0,"max_hp_loss":0.0,"gold_gain":0.0,"event_name":"Designer","player_choice":"Upgrade and Remove","floor":31.0,"gold_loss":90.0,"damage_taken":0.0,"cards_upgraded":["Reaper"]}],"is_beta":true,"boss_relics":[{"not_picked":["Coffee Dripper","Astrolabe"],"picked":"Sozu"},{"not_picked":["Mark of Pain","Runic Pyramid"],"picked":"Philosopher\u0027s Stone"}],"items_purged_floors":[21,27,39],"is_endless":false,"potions_floor_spawned":[1,11,16,18,20,22,30,35,37,38,42,44],"ascension_level":2}