{"gold_per_floor":[114,114,39,55,55,90,110,185,232,243,243,73,99,115,115,115],"floor_reached":16,"playtime":494,"items_purged":["Strike_G","Strike_G"],"score":149,"play_id":"2095e47f-7b0a-4291-b7e1-4075c891d5f1","local_time":"20190711233712","is_ascension_mode":true,"campfire_choices":[{"data":"Noxious Fumes","floor":11,"key":"SMITH"},{"floor":15,"key":"REST"}],"neow_cost":"NONE","seed_source_timestamp":46387725587700,"circlet_count":0,"master_deck":["Strike_G","Strike_G+1","Defend_G","Defend_G","Defend_G","Defend_G","Defend_G","Survivor","Neutralize+1","Cloak And Dagger","Outmaneuver","Infinite Blades","Noxious Fumes+1","Prepared","Noxious Fumes","Corpse Explosion","Deadly Poison"],"relics":["Ring of the Snake","NeowsBlessing","Whetstone","Dream Catcher","Snake Skull"],"potions_floor_usage":[],"damage_taken":[{"damage":0,"enemies":"Small Slimes","floor":1,"turns":1},{"damage":0,"enemies":"Jaw Worm","floor":4,"turns":1},{"damage":0,"enemies":"Gremlin Nob","floor":6,"turns":1},{"damage":0,"enemies":"2 Louse","floor":7,"turns":3},{"damage":8,"enemies":"Looter","floor":10,"turns":4},{"damage":15,"enemies":"3 Sentries","floor":13,"turns":7},{"damage":5,"enemies":"Exordium Thugs","floor":14,"turns":4},{"damage":52,"enemies":"Slime Boss","floor":16,"turns":7}],"seed_played":"8385056764259548627","potions_obtained":[{"floor":7,"key":"Block Potion"},{"floor":10,"key":"AttackPotion"},{"floor":14,"key":"Strength Potion"}],"is_trial":false,"path_per_floor":["M","?","$","M","?","E","M","?","T","M","R","$","E","M","R","B"],"character_chosen":"THE_SILENT","items_purchased":["Noxious Fumes"],"campfire_rested":1,"item_purchase_floors":[12],"current_hp_per_floor":[70,75,75,75,68,68,68,57,57,49,49,49,34,29,51,0],"gold":115,"neow_bonus":"THREE_ENEMY_KILL","is_prod":false,"is_daily":false,"chose_seed":false,"campfire_upgraded":1,"win_rate":0,"timestamp":1562870232,"path_taken":["M","?","$","M","?","E","M","?","T","M","R","?","E","M","R","BOSS"],"build_version":"2019-07-05","purchased_purges":2,"victory":false,"max_hp_per_floor":[70,75,75,75,75,75,75,75,75,75,75,75,75,75,75,75],"card_choices":[{"not_picked":["Backflip","Predator"],"picked":"Cloak And Dagger","floor":1},{"not_picked":["Terror","Distraction"],"picked":"Outmaneuver","floor":4},{"not_picked":["Heel Hook","Underhanded Strike"],"picked":"Infinite Blades","floor":6},{"not_picked":["PiercingWail","Deadly Poison"],"picked":"Noxious Fumes","floor":7},{"not_picked":["Underhanded Strike","Sucker Punch"],"picked":"Prepared","floor":10},{"not_picked":["Blade Dance","Flying Knee"],"picked":"Corpse Explosion","floor":13},{"not_picked":["Endless Agony","Infinite Blades","Dodge and Roll"],"picked":"SKIP","floor":14},{"not_picked":["Bouncing Flask","PiercingWail"],"picked":"Deadly Poison","floor":15}],"player_experience":127645,"relics_obtained":[{"floor":6,"key":"Whetstone"},{"floor":9,"key":"Dream Catcher"},{"floor":13,"key":"Snake Skull"}],"event_choices":[{"damage_healed":0,"gold_gain":0,"player_choice":"Donut","damage_taken":0,"max_hp_gain":5,"max_hp_loss":0,"event_name":"Big Fish","floor":2,"gold_loss":0},{"cards_removed":["Strike_G"],"damage_healed":0,"gold_gain":0,"player_choice":"Card Removal","damage_taken":7,"max_hp_gain":0,"max_hp_loss":0,"event_name":"Golden Wing","floor":5,"gold_loss":0},{"damage_healed":0,"gold_gain":75,"player_choice":"Gather Gold","damage_taken":11,"max_hp_gain":0,"max_hp_loss":0,"event_name":"World of Goop","floor":8,"gold_loss":0}],"is_beta":false,"boss_relics":[],"items_purged_floors":[3,12],"is_endless":false,"potions_floor_spawned":[7,10,14],"killed_by":"Slime Boss","ascension_level":2}