{"gold_per_floor":[115,131,148,168,188,200,200,219,269,269,269,269,289,302,302,302],"floor_reached":16,"playtime":921,"items_purged":[],"score":98,"play_id":"fcc9e5eb-0b5b-4d82-b65a-f4132612e173","local_time":"20190628204014","is_ascension_mode":false,"campfire_choices":[{"data":"Noxious Fumes","floor":7,"key":"SMITH"},{"data":"Outmaneuver","floor":10,"key":"SMITH"},{"floor":15,"key":"REST"}],"neow_cost":"NONE","seed_source_timestamp":101203845373900,"circlet_count":0,"master_deck":["Defend_G","Defend_G","Defend_G","Defend_G","Defend_G","Strike_G","Strike_G","Strike_G","Strike_G","Survivor","Neutralize","Deadly Poison+1","Bane","Blade Dance","Blade Dance","Noxious Fumes+1","Outmaneuver+1","Flechettes","Bouncing Flask","Noxious Fumes"],"relics":["Ring of the Snake","Happy Flower"],"potions_floor_usage":[],"damage_taken":[{"damage":0,"enemies":"Small Slimes","floor":1,"turns":3},{"damage":1,"enemies":"Jaw Worm","floor":2,"turns":4},{"damage":1,"enemies":"Cultist","floor":3,"turns":3},{"damage":11,"enemies":"Large Slime","floor":4,"turns":6},{"damage":6,"enemies":"3 Louse","floor":5,"turns":3},{"damage":5,"enemies":"Exordium Thugs","floor":6,"turns":5},{"damage":7,"enemies":"2 Fungi Beasts","floor":8,"turns":4},{"damage":4,"enemies":"Red Slaver","floor":13,"turns":4},{"damage":7,"enemies":"Looter","floor":14,"turns":3},{"damage":0,"enemies":"Slime Boss","floor":16,"turns":3}],"seed_played":"-3322612392186415533","potions_obtained":[{"floor":1,"key":"GamblersBrew"},{"floor":8,"key":"PowerPotion"}],"is_trial":false,"path_per_floor":["M","M","M","M","M","M","R","M","T","R","?","?","M","M","R","B"],"character_chosen":"THE_SILENT","items_purchased":[],"campfire_rested":1,"item_purchase_floors":[],"current_hp_per_floor":[77,76,75,64,58,53,53,46,46,46,46,46,42,35,58,58],"gold":302,"neow_bonus":"TEN_PERCENT_HP_BONUS","is_prod":false,"is_daily":false,"chose_seed":false,"campfire_upgraded":2,"win_rate":0.0,"timestamp":1561736414,"path_taken":["M","M","M","M","M","M","R","M","T","R","?","?","?","M","R","BOSS"],"build_version":"2019-01-23","purchased_purges":0,"victory":false,"max_hp_per_floor":[77,77,77,77,77,77,77,77,77,77,77,77,77,77,77,77],"card_choices":[{"not_picked":["Heel Hook","Bane"],"picked":"Deadly Poison","floor":1},{"not_picked":["Tactician","Deflect"],"picked":"Bane","floor":2},{"not_picked":["Dash","Slice"],"picked":"Blade Dance","floor":3},{"not_picked":["Skewer","After Image"],"picked":"Blade Dance","floor":4},{"not_picked":["Catalyst","Acrobatics"],"picked":"Noxious Fumes","floor":5},{"not_picked":["Dagger Throw","Skewer","Distraction"],"picked":"SKIP","floor":6},{"not_picked":["Acrobatics","Dodge and Roll"],"picked":"Outmaneuver","floor":8},{"not_picked":["Reflex","Backflip"],"picked":"Bouncing Flask","floor":13},{"not_picked":["Backflip","Blade Dance"],"picked":"Noxious Fumes","floor":14}],"player_experience":38114,"relics_obtained":[{"floor":9,"key":"Happy Flower"}],"event_choices":[{"damage_healed":0,"gold_gain":0,"player_choice":"Grow","damage_taken":0,"max_hp_gain":0,"max_hp_loss":0,"event_name":"Living Wall","floor":11,"gold_loss":0,"cards_upgraded":["Deadly Poison"]},{"damage_healed":0,"gold_gain":0,"cards_transformed":["Strike_G"],"player_choice":"Transformed","damage_taken":0,"max_hp_gain":0,"max_hp_loss":0,"event_name":"Transmorgrifier","floor":12,"gold_loss":0,"cards_obtained":["Flechettes"]}],"is_beta":false,"boss_relics":[],"items_purged_floors":[],"is_endless":false,"potions_floor_spawned":[1,8],"killed_by":"Slime Boss","ascension_level":0}