{"gold_per_floor":[119,394,413,158,42,42,53,3,3,13,13,25,41,27,27,125,125,141,158,170,185,185,185,216,216,216,249,269,269,269,286,286,391,391,402,402,421,163,176,176,186,86,111,111,442,460,475,491,491,491],"floor_reached":50,"playtime":1896,"items_purged":["Regret","Strike_R","Strike_R"],"score":667,"play_id":"96ca9d57-9990-4ac4-b5e5-41c5477dd4e5","local_time":"20190722195159","is_ascension_mode":true,"campfire_choices":[{"data":"Barricade","floor":6.0,"key":"SMITH"},{"data":"Demon Form","floor":11.0,"key":"SMITH"},{"floor":15.0,"key":"REST"},{"floor":23.0,"key":"REST"},{"floor":25.0,"key":"REST"},{"data":"Impervious","floor":29.0,"key":"SMITH"},{"floor":32.0,"key":"REST"},{"data":"Madness","floor":40.0,"key":"SMITH"},{"floor":49,"key":"REST"}],"neow_cost":"NONE","seed_source_timestamp":34466120344239,"circlet_count":0,"master_deck":["Strike_R","Strike_R","Strike_R+1","Defend_R","Defend_R","Defend_R","Defend_R","Bash","Barricade+1","Pommel Strike","Disarm","Body Slam","Impervious+1","Dropkick","Power Through","Immolate+1","Demon Form","Power Through+1","Madness+1","Madness","Bandage Up","Parasite","Shockwave+1","Body Slam"],"special_seed":0,"relics":["Burning Blood","Membership Card","Bag of Preparation","Busted Crown","Whetstone","Bottled Tornado","Pocketwatch","Velvet Choker","Blood Vial","Oddly Smooth Stone","Brimstone","Orichalcum","Old Coin"],"potions_floor_usage":[45,48],"damage_taken":[{"damage":15.0,"enemies":"Small Slimes","floor":1.0,"turns":4.0},{"damage":3.0,"enemies":"Cultist","floor":3.0,"turns":4.0},{"damage":16.0,"enemies":"Jaw Worm","floor":7.0,"turns":4.0},{"damage":6.0,"enemies":"2 Fungi Beasts","floor":10.0,"turns":3.0},{"damage":58.0,"enemies":"Gremlin Gang","floor":12.0,"turns":6.0},{"damage":11.0,"enemies":"Exordium Wildlife","floor":13.0,"turns":4.0},{"damage":5.0,"enemies":"Exordium Thugs","floor":14.0,"turns":4.0},{"damage":36.0,"enemies":"The Guardian","floor":16.0,"turns":9.0},{"damage":7.0,"enemies":"2 Thieves","floor":18.0,"turns":4.0},{"damage":15.0,"enemies":"3 Byrds","floor":19.0,"turns":7.0},{"damage":11.0,"enemies":"3 Cultists","floor":20.0,"turns":4.0},{"damage":16.0,"enemies":"Shelled Parasite and Fungi","floor":21.0,"turns":7.0},{"damage":60.0,"enemies":"Slavers","floor":24.0,"turns":7.0},{"damage":20.0,"enemies":"Book of Stabbing","floor":27.0,"turns":7.0},{"damage":0.0,"enemies":"Sentry and Sphere","floor":28.0,"turns":6.0},{"damage":0.0,"enemies":"Centurion and Healer","floor":31.0,"turns":6.0},{"damage":40.0,"enemies":"Automaton","floor":33.0,"turns":10.0},{"damage":0.0,"enemies":"Orb Walker","floor":35.0,"turns":4.0},{"damage":20.0,"enemies":"3 Darklings","floor":37.0,"turns":6.0},{"damage":0.0,"enemies":"Writhing Mass","floor":39.0,"turns":6.0},{"damage":34,"enemies":"Sphere and 2 Shapes","floor":41,"turns":7},{"damage":53,"enemies":"Nemesis","floor":45,"turns":9},{"damage":0,"enemies":"Maw","floor":46,"turns":6},{"damage":23,"enemies":"4 Shapes","floor":47,"turns":5},{"damage":15,"enemies":"Transient","floor":48,"turns":5},{"damage":63,"enemies":"Donu and Deca","floor":50,"turns":5}],"seed_played":"6204609460360185068","potions_obtained":[{"floor":10.0,"key":"BloodPotion"},{"floor":13.0,"key":"Block Potion"},{"floor":14.0,"key":"SteroidPotion"},{"floor":18.0,"key":"Dexterity Potion"},{"floor":19.0,"key":"SkillPotion"},{"floor":20.0,"key":"FearPotion"},{"floor":24.0,"key":"LiquidBronze"},{"floor":30.0,"key":"SpeedPotion"},{"floor":30.0,"key":"Swift Potion"},{"floor":30.0,"key":"FairyPotion"},{"floor":33.0,"key":"SpeedPotion"},{"floor":35.0,"key":"Weak Potion"},{"floor":41,"key":"Strength Potion"},{"floor":47,"key":"Dexterity Potion"}],"is_trial":false,"path_per_floor":["M","?","M","$","$","R","M","$","T","M","R","M","M","M","R","B",null,"M","M","M","M","?","R","E","R","T","E","M","R","?","M","R","B",null,"M","?","M","$","M","R","M","$","T","?","E","M","M","M","R","B"],"character_chosen":"IRONCLAD","items_purchased":["Membership Card","Body Slam","Impervious","Demon Form","Blood Vial","Oddly Smooth Stone","Bandage Up","Brimstone"],"campfire_rested":5,"item_purchase_floors":[4,4,5,5,38,38,38,42],"current_hp_per_floor":[71,71,74,74,74,74,64,64,64,64,64,32,27,28,52,22,80,79,70,65,55,40,65,11,36,36,22,28,28,28,34,59,25,85,85,74,60,60,72,72,50,50,50,50,9,21,10,18,43,0],"gold":491,"neow_bonus":"ONE_RANDOM_RARE_CARD","is_prod":false,"is_daily":false,"chose_seed":false,"campfire_upgraded":4,"win_rate":0,"timestamp":1563812519,"path_taken":["M","?","M","?","$","R","M","$","T","?","R","M","M","M","R","BOSS","M","?","M","M","?","R","E","R","T","E","M","R","?","?","R","BOSS","M","?","M","$","M","R","M","$","T","?","E","M","M","M","R","BOSS"],"build_version":"2019-07-10","purchased_purges":3,"victory":false,"max_hp_per_floor":[80,80,80,80,80,80,80,80,80,80,80,80,80,80,80,80,80,80,80,80,80,85,85,85,85,85,85,85,85,85,85,85,85,85,85,85,85,85,85,85,85,85,85,85,85,85,85,85,85,85],"card_choices":[{"not_picked":["Sword Boomerang","Armaments"],"picked":"Pommel Strike","floor":1.0},{"not_picked":["Entrench","Cleave"],"picked":"Disarm","floor":3.0},{"not_picked":["Anger","Rage","Carnage"],"picked":"SKIP","floor":7.0},{"not_picked":["True Grit","Sever Soul","Dual Wield"],"picked":"SKIP","floor":10.0},{"not_picked":["Havoc","Warcry"],"picked":"Dropkick","floor":12.0},{"not_picked":["True Grit","Burning Pact"],"picked":"Power Through","floor":13.0},{"not_picked":["Warcry","Sword Boomerang"],"picked":"Immolate","floor":14.0},{"not_picked":["Reaper","Bludgeon"],"picked":"Demon Form","floor":16.0},{"not_picked":["Disarm"],"picked":"SKIP","floor":18.0},{"not_picked":[],"picked":"Power Through+1","floor":19.0},{"not_picked":["Thunderclap"],"picked":"SKIP","floor":20.0},{"not_picked":["Thunderclap"],"picked":"SKIP","floor":21.0},{"not_picked":["Perfected Strike"],"picked":"SKIP","floor":24.0},{"not_picked":["Thunderclap"],"picked":"SKIP","floor":27.0},{"not_picked":["Headbutt"],"picked":"SKIP","floor":28.0},{"not_picked":["Sentinel"],"picked":"SKIP","floor":31.0},{"not_picked":["Headbutt+1"],"picked":"SKIP","floor":35.0},{"not_picked":["Iron Wave+1"],"picked":"SKIP","floor":37.0},{"not_picked":["Flex"],"picked":"SKIP","floor":39.0},{"not_picked":["True Grit"],"picked":"SKIP","floor":41},{"not_picked":[],"picked":"Shockwave+1","floor":45},{"not_picked":[],"picked":"Body Slam","floor":46},{"not_picked":["Clothesline"],"picked":"SKIP","floor":47},{"not_picked":["Havoc"],"picked":"SKIP","floor":48}],"player_experience":747701,"relics_obtained":[{"floor":9.0,"key":"Bag of Preparation"},{"floor":24.0,"key":"Whetstone"},{"floor":26.0,"key":"Bottled Tornado"},{"floor":27.0,"key":"Pocketwatch"},{"floor":43,"key":"Orichalcum"},{"floor":45,"key":"Old Coin"}],"event_choices":[{"damage_healed":0.0,"max_hp_gain":0.0,"max_hp_loss":0.0,"gold_gain":275.0,"event_name":"Golden Shrine","player_choice":"Desecrate","floor":2.0,"gold_loss":0.0,"damage_taken":0.0,"cards_obtained":["Regret"]},{"damage_healed":0.0,"max_hp_gain":5.0,"max_hp_loss":0.0,"gold_gain":0.0,"event_name":"Forgotten Altar","player_choice":"Shed Blood","floor":22.0,"gold_loss":0.0,"damage_taken":20.0},{"damage_healed":0.0,"max_hp_gain":0.0,"max_hp_loss":0.0,"gold_gain":0.0,"event_name":"Lab","player_choice":"Got Potions","floor":30.0,"gold_loss":0.0,"damage_taken":0.0},{"damage_healed":0.0,"max_hp_gain":0.0,"max_hp_loss":0.0,"gold_gain":0.0,"event_name":"Winding Halls","player_choice":"Embrace Madness","floor":36.0,"gold_loss":0.0,"damage_taken":11.0,"cards_obtained":["Madness","Madness"]},{"cards_removed":["Demon Form"],"damage_healed":0,"gold_gain":0,"player_choice":"Removed Power","damage_taken":0,"max_hp_gain":0,"max_hp_loss":0,"event_name":"Falling","floor":44,"gold_loss":0}],"is_beta":true,"boss_relics":[{"not_picked":["White Beast Statue","Calling Bell"],"picked":"Busted Crown"},{"not_picked":["Pandora\u0027s Box","Philosopher\u0027s Stone"],"picked":"Velvet Choker"}],"items_purged_floors":[4,8,38],"is_endless":false,"potions_floor_spawned":[10,13,14,18,19,20,24,33,35,41,47],"killed_by":"Donu and Deca","ascension_level":4}