{"gold_per_floor":[209,39,39,56,73,103,103,53,77,95,95,111,286,320,320,418,418,432,372,227,227,20,20],"floor_reached":23,"playtime":808,"items_purged":["Doubt","Strike_R"],"score":236,"play_id":"17ae423f-7c06-4627-8f32-608f7283825c","local_time":"20190629013914","is_ascension_mode":true,"campfire_choices":[{"data":"Bandage Up","floor":7,"key":"SMITH"},{"data":"Metallicize","floor":15,"key":"SMITH"}],"neow_cost":"NONE","seed_source_timestamp":122596551054633,"circlet_count":0,"master_deck":["Strike_R","Strike_R","Defend_R","Defend_R","Defend_R","Defend_R","Bash","Clothesline","Inflame","Bandage Up+1","Flame Barrier","Pommel Strike","Cleave","Pommel Strike","Metallicize+1","Demon Form","Inflame+1","Flame Barrier","Spot Weakness","Heavy Blade"],"relics":["Black Blood","Red Skull","Ancient Tea Set","PreservedInsect","Darkstone Periapt"],"potions_floor_usage":[5,16,18,19],"damage_taken":[{"damage":13,"enemies":"Cultist","floor":1,"turns":6},{"damage":9,"enemies":"Jaw Worm","floor":4,"turns":3},{"damage":0,"enemies":"2 Louse","floor":5,"turns":2},{"damage":51,"enemies":"Gremlin Nob","floor":6,"turns":5},{"damage":9,"enemies":"2 Fungi Beasts","floor":10,"turns":3},{"damage":4,"enemies":"Blue Slaver","floor":12,"turns":4},{"damage":19,"enemies":"3 Sentries","floor":14,"turns":4},{"damage":27,"enemies":"Hexaghost","floor":16,"turns":11},{"damage":33,"enemies":"Spheric Guardian","floor":18,"turns":7},{"damage":18,"enemies":"2 Thieves","floor":19,"turns":4},{"damage":68,"enemies":"Book of Stabbing","floor":23,"turns":5}],"seed_played":"-4371039150468888017","potions_obtained":[{"floor":1,"key":"Ancient Potion"},{"floor":4,"key":"AttackPotion"},{"floor":6,"key":"LiquidBronze"},{"floor":12,"key":"Poison Potion"},{"floor":16,"key":"Energy Potion"}],"is_trial":false,"path_per_floor":["M","$","?","M","M","E","R","?","T","M","?","M","?","E","R","B",null,"M","M","$","?","$","E"],"character_chosen":"IRONCLAD","items_purchased":["Inflame","Bandage Up","Flame Barrier","Spot Weakness","Heavy Blade"],"campfire_rested":0,"item_purchase_floors":[2,2,20,22,22],"current_hp_per_floor":[73,73,73,74,80,39,39,39,39,42,39,47,47,40,40,25,80,63,61,61,61,61,0],"gold":20,"neow_bonus":"HUNDRED_GOLD","is_prod":false,"is_daily":false,"chose_seed":false,"campfire_upgraded":2,"win_rate":0,"timestamp":1561759754,"path_taken":["M","$","?","M","?","E","R","?","T","M","?","M","?","E","R","BOSS","M","M","$","?","$","E"],"build_version":"2019-06-11","purchased_purges":2,"victory":false,"max_hp_per_floor":[80,80,80,80,80,80,80,80,80,80,80,80,80,80,80,80,80,80,80,80,80,80,80],"card_choices":[{"not_picked":["Sword Boomerang","Fire Breathing"],"picked":"Clothesline","floor":1},{"not_picked":["Carnage","Warcry"],"picked":"Flame Barrier","floor":4},{"not_picked":["Carnage","Infernal Blade"],"picked":"Pommel Strike","floor":5},{"not_picked":["Body Slam","Perfected Strike"],"picked":"Cleave","floor":6},{"not_picked":["True Grit","Clash"],"picked":"Pommel Strike","floor":10},{"not_picked":["Warcry","Berserk"],"picked":"Metallicize","floor":12},{"not_picked":["Body Slam","Clash","Pummel"],"picked":"SKIP","floor":14},{"not_picked":["Fiend Fire","Bludgeon"],"picked":"Demon Form","floor":16},{"not_picked":["Sentinel","Anger"],"picked":"Inflame+1","floor":18},{"not_picked":["Feel No Pain","Flex","Fire Breathing"],"picked":"SKIP","floor":19}],"player_experience":711361,"relics_obtained":[{"floor":6,"key":"Red Skull"},{"floor":9,"key":"Ancient Tea Set"},{"floor":14,"key":"Darkstone Periapt"}],"event_choices":[{"cards_removed":["Strike_R"],"damage_healed":0,"gold_gain":0,"player_choice":"Offered Basic","damage_taken":0,"max_hp_gain":0,"max_hp_loss":0,"event_name":"Bonfire Elementals","floor":3,"gold_loss":0},{"cards_removed":["Strike_R"],"damage_healed":0,"gold_gain":0,"player_choice":"Card Removal","damage_taken":0,"max_hp_gain":0,"max_hp_loss":0,"event_name":"The Cleric","floor":8,"gold_loss":50},{"damage_healed":0,"gold_gain":0,"player_choice":"Success","damage_taken":3,"relics_obtained":["PreservedInsect"],"max_hp_gain":0,"max_hp_loss":0,"event_name":"Scrap Ooze","floor":11,"gold_loss":0},{"damage_healed":0,"gold_gain":175,"player_choice":"AGREE","damage_taken":0,"max_hp_gain":0,"max_hp_loss":0,"event_name":"Liars Game","floor":13,"gold_loss":0,"cards_obtained":["Doubt"]},{"damage_healed":0,"gold_gain":0,"player_choice":"0 cards matched","damage_taken":0,"max_hp_gain":0,"max_hp_loss":0,"event_name":"Match and Keep!","floor":21,"gold_loss":0,"cards_obtained":[]}],"is_beta":true,"boss_relics":[{"not_picked":["Runic Pyramid","Coffee Dripper"],"picked":"Black Blood"}],"items_purged_floors":[20,22],"is_endless":false,"potions_floor_spawned":[1,4,6,12,16],"killed_by":"Book of Stabbing","ascension_level":4}