{"gold_per_floor":[112,130,55,230,230,230,250,64,111,131,164,175,175,193,193,290,290,309,309,171,186,68,68,87,1,69,82,99,119,119,119,119,220,220,235,98,0,17,37,37,49,61,61,61,74,12,26,41,41,41,41,41,41,68,68],"floor_reached":56,"playtime":3041,"items_purged":["Bash","Writhe"],"score":1155,"play_id":"1d9775e8-1d2e-434f-8e7e-68a63edb521e","local_time":"20190109051308","is_ascension_mode":false,"campfire_choices":[{"data":"Pommel Strike","floor":6.0,"key":"SMITH"},{"data":"Offering","floor":13.0,"key":"SMITH"},{"data":"Shockwave","floor":15.0,"key":"SMITH"},{"data":"Inflame","floor":23.0,"key":"SMITH"},{"data":"Headbutt","floor":32.0,"key":"SMITH"},{"data":"Juggernaut","floor":40.0,"key":"SMITH"},{"data":"Defend_R","floor":44.0,"key":"SMITH"},{"floor":49.0,"key":"RECALL"},{"data":"Defend_R","floor":52.0,"key":"SMITH"}],"neow_cost":"NONE","seed_source_timestamp":0,"circlet_count":0,"master_deck":["Strike_R","Strike_R","Strike_R","Strike_R","Strike_R","Defend_R","Defend_R","Defend_R+1","Defend_R+1","Headbutt+1","Pommel Strike+1","Offering+1","Shockwave+1","Seeing Red+1","Shrug It Off+1","Offering+1","Disarm+1","Flex+1","Good Instincts+1","Entrench+1","Inflame+1","Havoc+1","Armaments+1","Bandage Up+1","Havoc+1","Spot Weakness+1","Juggernaut+1","Metallicize+1","Flame Barrier+1","Intimidate+1","Exhume+1","Flex+1","Shrug It Off+1","Offering+1"],"special_seed":0,"relics":["Burning Blood","Oddly Smooth Stone","Happy Flower","Dream Catcher","Toxic Egg 2","Runic Pyramid","MutagenicStrength","Vajra","Sozu","Red Mask","Calipers","Kunai","Mercury Hourglass"],"potions_floor_usage":[55],"damage_taken":[{"damage":6.0,"enemies":"2 Louse","floor":1.0,"turns":3.0},{"damage":0.0,"enemies":"Small Slimes","floor":2.0,"turns":3.0},{"damage":0.0,"enemies":"Cultist","floor":7.0,"turns":3.0},{"damage":13.0,"enemies":"Gremlin Gang","floor":10.0,"turns":5.0},{"damage":16.0,"enemies":"Gremlin Nob","floor":11.0,"turns":4.0},{"damage":6.0,"enemies":"Blue Slaver","floor":12.0,"turns":2.0},{"damage":7.0,"enemies":"Exordium Thugs","floor":14.0,"turns":5.0},{"damage":31.0,"enemies":"The Guardian","floor":16.0,"turns":14.0},{"damage":12.0,"enemies":"Shell Parasite","floor":18.0,"turns":3.0},{"damage":12.0,"enemies":"3 Byrds","floor":21.0,"turns":4.0},{"damage":17.0,"enemies":"Snecko","floor":24.0,"turns":6.0},{"damage":22.0,"enemies":"Sentry and Sphere","floor":27.0,"turns":4.0},{"damage":12.0,"enemies":"Shelled Parasite and Fungi","floor":28.0,"turns":4.0},{"damage":0.0,"enemies":"Centurion and Healer","floor":29.0,"turns":3.0},{"damage":28.0,"enemies":"Collector","floor":33.0,"turns":6.0},{"damage":28.0,"enemies":"3 Shapes","floor":35.0,"turns":5.0},{"damage":12.0,"enemies":"Orb Walker","floor":38.0,"turns":3.0},{"damage":15.0,"enemies":"Transient","floor":39.0,"turns":5.0},{"damage":12.0,"enemies":"Maw","floor":41.0,"turns":7.0},{"damage":14.0,"enemies":"3 Darklings","floor":42.0,"turns":4.0},{"damage":1.0,"enemies":"Writhing Mass","floor":45.0,"turns":6.0},{"damage":40.0,"enemies":"4 Shapes","floor":47.0,"turns":5.0},{"damage":6.0,"enemies":"Spire Growth","floor":48.0,"turns":5.0},{"damage":12.0,"enemies":"Donu and Deca","floor":50.0,"turns":9.0},{"damage":29,"enemies":"Shield and Spear","floor":54,"turns":5},{"damage":72,"enemies":"The Heart","floor":55,"turns":11}],"seed_played":"1803689277002518009","potions_obtained":[{"floor":12.0,"key":"SkillPotion"},{"floor":14.0,"key":"Regen Potion"},{"floor":16.0,"key":"EssenceOfSteel"},{"floor":21.0,"key":"Strength Potion"},{"floor":27.0,"key":"Energy Potion"}],"is_trial":false,"path_per_floor":["M","M","$","?","?","R","M","$","T","M","E","M","R","M","R","B",null,"M","?","$","M","$","R","M","$","T","M","M","M","?","?","R","B",null,"M","$","?","M","M","R","M","M","T","R","M","?","M","M","R","B",null,"R","$","E","B",null],"character_chosen":"IRONCLAD","items_purchased":["Happy Flower","Shockwave","Flex+1","Good Instincts+1","Inflame","Havoc+1","Bandage Up+1","Flame Barrier+1"],"campfire_rested":0,"item_purchase_floors":[8,8,20,20,22,22,25,36],"current_hp_per_floor":[80,80,80,80,80,80,80,80,80,73,63,63,63,62,62,37,80,74,79,79,73,73,73,62,62,62,52,52,64,64,64,64,48,80,64,64,64,64,61,61,61,59,59,59,70,70,42,54,54,54,80,80,80,63,18],"gold":68,"neow_bonus":"RANDOM_COMMON_RELIC","is_prod":false,"is_daily":false,"chose_seed":false,"campfire_upgraded":8,"win_rate":0,"timestamp":1546998188,"path_taken":["M","M","$","?","?","R","?","$","T","?","E","M","R","M","R","BOSS","M","?","$","M","?","R","M","$","T","?","M","M","?","?","R","BOSS","M","$","?","M","M","R","M","M","T","R","M","?","M","M","R","BOSS","R","$","E","BOSS"],"build_version":"2019-01-07","purchased_purges":2,"victory":true,"max_hp_per_floor":[80,80,80,80,80,80,80,80,80,80,80,80,80,80,80,80,80,80,80,80,80,80,80,80,80,80,80,80,80,80,80,80,80,80,80,80,80,80,80,80,80,80,80,80,80,80,80,80,80,80,80,80,80,80,80],"card_choices":[{"not_picked":["Cleave","Combust"],"picked":"Headbutt","floor":1.0},{"not_picked":["Feel No Pain","Headbutt"],"picked":"Pommel Strike","floor":2.0},{"not_picked":["Sentinel","Metallicize"],"picked":"Offering","floor":7.0},{"not_picked":["Clothesline","Fire Breathing"],"picked":"Shrug It Off","floor":10.0},{"not_picked":["Bloodletting","Reckless Charge","Searing Blow"],"picked":"SKIP","floor":11.0},{"not_picked":["Body Slam","Wild Strike"],"picked":"Seeing Red+1","floor":12.0},{"not_picked":["Body Slam","Shockwave+1"],"picked":"Shrug It Off+1","floor":14.0},{"not_picked":["Reaper","Feed"],"picked":"Offering+1","floor":16.0},{"not_picked":["Headbutt","Wild Strike+1"],"picked":"Disarm+1","floor":18.0},{"not_picked":["Warcry+1","Ghostly Armor+1"],"picked":"Entrench+1","floor":21.0},{"not_picked":["Twin Strike","Shrug It Off+1"],"picked":"Armaments+1","floor":24.0},{"not_picked":["Clash+1","Fire Breathing+1"],"picked":"Havoc+1","floor":27.0},{"not_picked":["Havoc+1","Twin Strike"],"picked":"Spot Weakness+1","floor":28.0},{"not_picked":["Body Slam","Dropkick","Evolve"],"picked":"SKIP","floor":29.0},{"not_picked":["Reaper","Double Tap+1"],"picked":"Juggernaut","floor":33.0},{"not_picked":["Heavy Blade","Iron Wave"],"picked":"Metallicize+1","floor":35.0},{"not_picked":["Sentinel+1","Iron Wave+1","Heavy Blade"],"picked":"SKIP","floor":38.0},{"not_picked":["Heavy Blade+1","Shockwave+1"],"picked":"Intimidate+1","floor":39.0},{"not_picked":["Havoc+1","Anger","Flex+1"],"picked":"SKIP","floor":41.0},{"not_picked":["True Grit+1","Perfected Strike+1","Blood for Blood"],"picked":"SKIP","floor":42.0},{"not_picked":["Headbutt+1","Pommel Strike+1"],"picked":"Exhume+1","floor":45.0},{"not_picked":["Sword Boomerang+1","Corruption+1"],"picked":"Flex+1","floor":47.0},{"not_picked":["Sword Boomerang","Anger+1"],"picked":"Shrug It Off+1","floor":48.0},{"not_picked":["Heavy Blade","Feel No Pain"],"picked":"Offering+1","floor":54}],"player_experience":340131,"relics_obtained":[{"floor":9.0,"key":"Dream Catcher"},{"floor":11.0,"key":"Toxic Egg 2"},{"floor":43.0,"key":"Calipers"},{"floor":54,"key":"Mercury Hourglass"}],"event_choices":[{"damage_healed":0.0,"max_hp_gain":0.0,"max_hp_loss":0.0,"gold_gain":175.0,"event_name":"Liars Game","player_choice":"AGREE","floor":4.0,"gold_loss":0.0,"damage_taken":0.0,"cards_obtained":["Doubt"]},{"cards_removed":["Doubt"],"damage_healed":0.0,"max_hp_gain":0.0,"max_hp_loss":0.0,"gold_gain":0.0,"event_name":"Purifier","player_choice":"Purged","floor":5.0,"gold_loss":0.0,"damage_taken":0.0},{"cards_removed":["Shrug It Off"],"damage_healed":5.0,"max_hp_gain":0.0,"max_hp_loss":0.0,"gold_gain":0.0,"event_name":"Bonfire Elementals","player_choice":"Offered Common","floor":19.0,"gold_loss":0.0,"damage_taken":0.0},{"cards_removed":["Shrug It Off"],"damage_healed":5.0,"max_hp_gain":0.0,"max_hp_loss":0.0,"gold_gain":0.0,"event_name":"Bonfire Elementals","player_choice":"Offered Special","floor":19.0,"gold_loss":0.0,"damage_taken":0.0},{"damage_healed":0.0,"max_hp_gain":0.0,"max_hp_loss":0.0,"gold_gain":0.0,"event_name":"Drug Dealer","player_choice":"Inject Mutagens","floor":30.0,"gold_loss":0.0,"damage_taken":0.0,"relics_obtained":["MutagenicStrength"]},{"damage_healed":0.0,"max_hp_gain":0.0,"max_hp_loss":0.0,"gold_gain":0.0,"event_name":"The Mausoleum","player_choice":"Opened","floor":31.0,"gold_loss":0.0,"damage_taken":0.0,"relics_obtained":["Vajra"],"cards_obtained":["Writhe"]},{"damage_healed":0.0,"max_hp_gain":0.0,"max_hp_loss":0.0,"gold_gain":0.0,"event_name":"Tomb of Lord Red Mask","player_choice":"Paid","floor":37.0,"gold_loss":98.0,"damage_taken":0.0,"relics_obtained":["Red Mask"]},{"damage_healed":0.0,"max_hp_gain":0.0,"max_hp_loss":0.0,"gold_gain":0.0,"event_name":"WeMeetAgain","player_choice":"Paid Gold","floor":46.0,"gold_loss":62.0,"damage_taken":0.0,"relics_obtained":["Kunai"]}],"is_beta":true,"boss_relics":[{"not_picked":["Fusion Hammer","Tiny House"],"picked":"Runic Pyramid"},{"not_picked":["Black Blood","Coffee Dripper"],"picked":"Sozu"}],"items_purged_floors":[3,36],"is_endless":false,"potions_floor_spawned":[12,14,16,21,27,28,42,45,47],"ascension_level":0}