{"gold_per_floor":[10,21,96,110,129,157,172,172],"floor_reached":8,"playtime":354,"items_purged":[],"score":63,"play_id":"edccb34f-1aca-4008-8ae8-6e6224d282f0","local_time":"20181112224139","is_ascension_mode":true,"campfire_choices":[],"neow_cost":"NO_GOLD","seed_source_timestamp":1450993529781,"circlet_count":0,"master_deck":["Defend_G","Defend_G","Defend_G","Defend_G","Defend_G","Strike_G","Strike_G","Strike_G","Strike_G","Strike_G","Survivor","Neutralize","After Image","Deadly Poison","Deadly Poison","Outmaneuver","Poisoned Stab","Leg Sweep","Crippling Poison"],"relics":["Ring of the Snake","Omamori"],"potions_floor_usage":[4,6,8],"damage_taken":[{"damage":0,"enemies":"2 Louse","floor":1,"turns":3},{"damage":2,"enemies":"Jaw Worm","floor":2,"turns":4},{"damage":5,"enemies":"Small Slimes","floor":4,"turns":5},{"damage":5,"enemies":"2 Fungi Beasts","floor":5,"turns":5},{"damage":28,"enemies":"Lagavulin","floor":6,"turns":6},{"damage":4,"enemies":"Blue Slaver","floor":7,"turns":4},{"damage":21,"enemies":"Gremlin Nob","floor":8,"turns":4}],"seed_played":"-5851313657422837139","potions_obtained":[{"floor":1,"key":"PowerPotion"},{"floor":4,"key":"SteroidPotion"},{"floor":5,"key":"Strength Potion"}],"is_trial":false,"path_per_floor":["M","M","?","M","M","E","M","E"],"character_chosen":"THE_SILENT","items_purchased":[],"campfire_rested":0,"item_purchase_floors":[],"current_hp_per_floor":[70,68,57,52,47,19,15,0],"gold":172,"neow_bonus":"THREE_RARE_CARDS","is_prod":false,"is_daily":false,"chose_seed":false,"campfire_upgraded":0,"win_rate":0,"timestamp":1542049899,"path_taken":["M","M","?","M","M","E","M","E"],"build_version":"2018-11-08","purchased_purges":0,"victory":false,"max_hp_per_floor":[70,70,70,70,70,70,70,70],"card_choices":[{"not_picked":["Phantasmal Killer","Doppelganger"],"picked":"After Image","floor":0},{"not_picked":["Blade Dance","Slice"],"picked":"Deadly Poison","floor":1},{"not_picked":["Masterful Stab","Finisher"],"picked":"Deadly Poison","floor":2},{"not_picked":["Corpse Explosion","Dagger Throw"],"picked":"Outmaneuver","floor":4},{"not_picked":["Predator","Blade Dance"],"picked":"Poisoned Stab","floor":5},{"not_picked":["Choke","Burst"],"picked":"Leg Sweep","floor":6},{"not_picked":["Underhanded Strike","Quick Slash"],"picked":"Crippling Poison","floor":7}],"player_experience":150893,"relics_obtained":[{"floor":6,"key":"Omamori"}],"event_choices":[{"damage_healed":0,"gold_gain":75,"player_choice":"Gather Gold","damage_taken":11,"max_hp_gain":0,"max_hp_loss":0,"event_name":"World of Goop","floor":3,"gold_loss":0}],"is_beta":true,"boss_relics":[],"items_purged_floors":[],"is_endless":false,"potions_floor_spawned":[1,4,5],"killed_by":"Gremlin Nob","ascension_level":1}