{"gold_per_floor":[114,37,52,13,27,27,59,59,59,112,112,139,154,154,154,254,254,264,177,117,33,50,50,75,90,140,152,152,152],"floor_reached":29,"playtime":1330,"items_purged":["Injury","Parasite"],"score":264,"play_id":"5f864067-0b8c-4fde-97f8-c308eeb048ec","local_time":"20190113215602","is_ascension_mode":true,"campfire_choices":[{"data":"Footwork","floor":6.0,"key":"SMITH"},{"data":"Neutralize","floor":8.0,"key":"SMITH"},{"data":"Footwork","floor":11.0,"key":"SMITH"},{"data":"Deflect","floor":15.0,"key":"SMITH"},{"data":"Venomology","floor":23.0,"key":"SMITH"},{"floor":28,"key":"REST"}],"neow_cost":"NONE","seed_source_timestamp":0,"circlet_count":0,"master_deck":["Defend_G","Defend_G","Defend_G","Defend_G","Defend_G","Strike_G","Strike_G","Strike_G","Strike_G","Strike_G","Survivor","Neutralize+1","Backflip","Footwork+1","Poisoned Stab","Footwork+1","Caltrops","Blade Dance","Deflect+1","Dodge and Roll+1","Venomology+1","Parasite","Footwork","Accuracy","Blade Dance","Caltrops","Outmaneuver+1","Backflip+1"],"special_seed":0,"relics":["Ring of the Snake","NeowsBlessing","Pocketwatch","StoneCalendar","Smiling Mask","Matryoshka","Calling Bell","Regal Pillow","Singing Bowl","Incense Burner","Bag of Preparation","Kunai","Snake Skull"],"potions_floor_usage":[27,29,29],"damage_taken":[{"damage":0.0,"enemies":"Cultist","floor":1.0,"turns":1.0},{"damage":0.0,"enemies":"Jaw Worm","floor":3.0,"turns":1.0},{"damage":0.0,"enemies":"2 Louse","floor":5.0,"turns":1.0},{"damage":18.0,"enemies":"3 Sentries","floor":7.0,"turns":17.0},{"damage":4.0,"enemies":"Lagavulin","floor":12.0,"turns":7.0},{"damage":8.0,"enemies":"Large Slime","floor":13.0,"turns":6.0},{"damage":8.0,"enemies":"Slime Boss","floor":16.0,"turns":9.0},{"damage":3.0,"enemies":"Shell Parasite","floor":18.0,"turns":7.0},{"damage":9.0,"enemies":"2 Thieves","floor":20.0,"turns":4.0},{"damage":7.0,"enemies":"Snake Plant","floor":22.0,"turns":7.0},{"damage":3.0,"enemies":"Book of Stabbing","floor":24.0,"turns":7.0},{"damage":11.0,"enemies":"Sentry and Sphere","floor":25.0,"turns":8.0},{"damage":0,"enemies":"Shelled Parasite and Fungi","floor":27,"turns":7},{"damage":71,"enemies":"Gremlin Leader","floor":29,"turns":9}],"seed_played":"7386605935072864005","potions_obtained":[{"floor":7.0,"key":"LiquidBronze"},{"floor":12.0,"key":"Regen Potion"},{"floor":18.0,"key":"SteroidPotion"},{"floor":24.0,"key":"EssenceOfSteel"},{"floor":25.0,"key":"Strength Potion"},{"floor":27,"key":"GamblersBrew"}],"is_trial":false,"path_per_floor":["M","$","M","$","M","R","E","R","T","T","R","E","M","?","R","B",null,"M","$","M","$","M","R","E","M","T","M","R","E"],"character_chosen":"THE_SILENT","items_purchased":["Footwork","Footwork","Footwork","Accuracy"],"campfire_rested":1,"item_purchase_floors":[2,4,19,21],"current_hp_per_floor":[70,70,70,70,70,70,52,52,52,52,52,48,40,40,40,32,70,69,69,62,62,55,55,52,41,41,41,71,0],"gold":152,"neow_bonus":"THREE_ENEMY_KILL","is_prod":false,"is_daily":false,"chose_seed":false,"campfire_upgraded":5,"win_rate":0,"timestamp":1547403962,"path_taken":["M","$","M","$","M","R","E","R","T","?","R","E","M","?","R","BOSS","M","$","M","$","?","R","E","M","T","M","R","E"],"build_version":"2019-01-10","purchased_purges":2,"victory":false,"max_hp_per_floor":[70,70,70,70,70,70,70,70,70,70,70,70,70,70,70,70,70,72,72,74,71,71,71,71,71,71,71,71,71],"card_choices":[{"not_picked":["Deadly Poison","Prepared"],"picked":"Backflip","floor":1.0},{"not_picked":["Dagger Spray","Underhanded Strike"],"picked":"Poisoned Stab","floor":3.0},{"not_picked":["Crippling Poison","Predator"],"picked":"Caltrops","floor":5.0},{"not_picked":["Bane","Distraction"],"picked":"Blade Dance","floor":7.0},{"not_picked":["Deadly Poison","Expertise"],"picked":"Deflect","floor":12.0},{"not_picked":["Sucker Punch","Prepared"],"picked":"Dodge and Roll","floor":13.0},{"not_picked":["Burst","Wraith Form v2"],"picked":"Venomology","floor":16.0},{"not_picked":["Dagger Throw+1","Quick Slash","Blade Dance"],"picked":"Singing Bowl","floor":18.0},{"not_picked":["Predator","Calculated Gamble+1","Concentrate"],"picked":"Singing Bowl","floor":20.0},{"not_picked":["Poisoned Stab","Expertise"],"picked":"Blade Dance","floor":22.0},{"not_picked":["Tactician","Escape Plan"],"picked":"Caltrops","floor":24.0},{"not_picked":["Dodge and Roll+1","Sucker Punch"],"picked":"Outmaneuver+1","floor":25.0},{"not_picked":["Leg Sweep","PiercingWail+1"],"picked":"Backflip+1","floor":27}],"player_experience":427146,"relics_obtained":[{"floor":7.0,"key":"Pocketwatch"},{"floor":9.0,"key":"StoneCalendar"},{"floor":10.0,"key":"Smiling Mask"},{"floor":12.0,"key":"Matryoshka"},{"floor":17.0,"key":"Regal Pillow"},{"floor":17.0,"key":"Singing Bowl"},{"floor":17.0,"key":"Incense Burner"},{"floor":24.0,"key":"Bag of Preparation"},{"floor":26.0,"key":"Kunai"},{"floor":26.0,"key":"Snake Skull"}],"event_choices":[{"damage_healed":0.0,"max_hp_gain":0.0,"max_hp_loss":0.0,"gold_gain":0.0,"event_name":"Upgrade Shrine","player_choice":"Upgraded","floor":14.0,"gold_loss":0.0,"damage_taken":0.0,"cards_upgraded":["Dodge and Roll"]}],"is_beta":true,"boss_relics":[{"not_picked":["Snecko Eye","Empty Cage"],"picked":"Calling Bell"}],"items_purged_floors":[19,21],"is_endless":false,"potions_floor_spawned":[7,12,18,24,25,27],"killed_by":"Gremlin Leader","ascension_level":1}