{"gold_per_floor":[110,129,143,143,102,137,148,178,231,242,242,272,289,289,289,362,362,378,388,400,418,437,437,463,480,503,528,538,538,569,569,569,640,640,652,652,752,752,765,765,780,780,780,780,806,806,806,0,0,0],"floor_reached":51,"playtime":9222,"items_purged":[],"score":1235,"play_id":"aa1dd6b4-ff1d-465a-8a79-cde14fdafbd4","local_time":"20190802114234","is_ascension_mode":true,"campfire_choices":[{"data":"Uppercut","floor":11.0,"key":"SMITH"},{"data":"Iron Wave","floor":15.0,"key":"SMITH"},{"data":"Armaments","floor":23,"key":"SMITH"},{"data":"Iron Wave","floor":29,"key":"SMITH"},{"floor":32,"key":"REST"},{"data":"Mayhem","floor":40,"key":"SMITH"},{"data":"Feel No Pain","floor":42,"key":"SMITH"},{"data":"Flame Barrier","floor":44,"key":"SMITH"},{"data":"Demon Form","floor":47,"key":"SMITH"},{"data":"Iron Wave","floor":49,"key":"SMITH"}],"neow_cost":"NONE","seed_source_timestamp":1815704247243225,"circlet_count":0,"master_deck":["AscendersBane","Strike_R","Strike_R","Strike_R","Defend_R","Defend_R","Bash","Thunderclap","Uppercut+1","Iron Wave+1","Battle Trance","Feed","Iron Wave+1","Carnage","Armaments+1","Flame Barrier+1","Immolate+1","Flame Barrier+1","Juggernaut+1","Metallicize","Iron Wave+1","Cleave","Body Slam+1","Demon Form+1","Intimidate+1","Metallicize","Mayhem+1","Feel No Pain+1"],"special_seed":0,"relics":["Burning Blood","Mercury Hourglass","Meat on the Bone","Bag of Preparation","Anchor","Pen Nib","Astrolabe","Juzu Bracelet","Omamori","Shuriken","FossilizedHelix","MutagenicStrength","Velvet Choker","Mango","Du-Vu Doll","PreservedInsect","Red Mask"],"potions_floor_usage":[22,27,50],"damage_taken":[{"damage":2.0,"enemies":"2 Louse","floor":1.0,"turns":3.0},{"damage":7.0,"enemies":"Small Slimes","floor":2.0,"turns":4.0},{"damage":8.0,"enemies":"Jaw Worm","floor":3.0,"turns":4.0},{"damage":30.0,"enemies":"Lagavulin","floor":6.0,"turns":5.0},{"damage":4.0,"enemies":"Looter","floor":7.0,"turns":3.0},{"damage":18.0,"enemies":"Gremlin Nob","floor":8.0,"turns":4.0},{"damage":5.0,"enemies":"Exordium Wildlife","floor":10.0,"turns":4.0},{"damage":20.0,"enemies":"3 Sentries","floor":12.0,"turns":6.0},{"damage":0.0,"enemies":"3 Louse","floor":13.0,"turns":2.0},{"damage":23.0,"enemies":"Slime Boss","floor":16.0,"turns":8.0},{"damage":8,"enemies":"Shell Parasite","floor":18,"turns":7},{"damage":1,"enemies":"2 Thieves","floor":19,"turns":2},{"damage":16,"enemies":"Centurion and Healer","floor":20,"turns":7},{"damage":12,"enemies":"Shelled Parasite and Fungi","floor":21,"turns":6},{"damage":15,"enemies":"Snake Plant","floor":22,"turns":3},{"damage":31,"enemies":"Book of Stabbing","floor":24,"turns":5},{"damage":0,"enemies":"3 Cultists","floor":25,"turns":2},{"damage":38,"enemies":"Slavers","floor":27,"turns":4},{"damage":18,"enemies":"Sentry and Sphere","floor":28,"turns":5},{"damage":36,"enemies":"Book of Stabbing","floor":30,"turns":6},{"damage":40,"enemies":"Champ","floor":33,"turns":11},{"damage":0,"enemies":"Orb Walker","floor":35,"turns":3},{"damage":0,"enemies":"Mind Bloom Boss Battle","floor":37,"turns":8},{"damage":0,"enemies":"3 Shapes","floor":39,"turns":6},{"damage":0,"enemies":"3 Darklings","floor":41,"turns":4},{"damage":35,"enemies":"Donu and Deca","floor":50,"turns":8}],"seed_played":"-2667879113633683124","potions_obtained":[{"floor":1.0,"key":"SteroidPotion"},{"floor":2.0,"key":"Strength Potion"},{"floor":8.0,"key":"BloodPotion"},{"floor":24,"key":"SteroidPotion"},{"floor":27,"key":"AttackPotion"}],"is_trial":false,"path_per_floor":["M","M","M","?","$","E","M","E","T","M","R","E","M","?","R","B",null,"M","M","M","M","M","R","E","M","T","E","M","R","E","?","R","B",null,"M","?","?","?","M","R","M","R","T","R","T","?","R","?","R","B",null],"character_chosen":"IRONCLAD","items_purchased":["Battle Trance"],"campfire_rested":1,"item_purchase_floors":[5],"current_hp_per_floor":[72,71,69,58,58,34,48,48,48,52,52,53,62,62,62,57,77,78,83,76,73,64,64,51,57,57,63,66,66,51,51,81,59,91,97,97,116,116,119,119,119,119,119,119,119,119,119,119,119,90],"gold":0,"neow_bonus":"REMOVE_CARD","is_prod":false,"is_daily":false,"chose_seed":false,"campfire_upgraded":9,"win_rate":0,"timestamp":1564717354,"path_taken":["M","M","M","?","$","E","M","E","T","M","R","E","M","?","R","BOSS","M","M","M","M","M","R","E","M","T","E","M","R","E","?","R","BOSS","M","?","?","?","M","R","M","R","T","R","?","?","R","?","R","BOSS"],"build_version":"2019-07-17","purchased_purges":0,"victory":true,"max_hp_per_floor":[75,75,75,75,75,75,75,75,75,78,78,81,84,84,84,84,84,87,87,90,93,93,93,93,93,93,96,99,99,102,102,102,102,102,102,102,116,116,119,119,119,119,119,119,119,119,119,119,119,119],"card_choices":[{"not_picked":["Dropkick","Hemokinesis"],"picked":"Thunderclap","floor":1.0},{"not_picked":["Wild Strike","Twin Strike"],"picked":"Uppercut","floor":2.0},{"not_picked":["Anger","Clothesline"],"picked":"Iron Wave","floor":3.0},{"not_picked":["Clothesline","Havoc"],"picked":"Feed","floor":6.0},{"not_picked":["Wild Strike","Perfected Strike"],"picked":"Ghostly Armor","floor":7.0},{"not_picked":["Dual Wield","Twin Strike"],"picked":"Iron Wave","floor":8.0},{"not_picked":["Thunderclap","True Grit"],"picked":"Carnage","floor":10.0},{"not_picked":["Body Slam","Carnage"],"picked":"Armaments","floor":12.0},{"not_picked":["Warcry","Entrench"],"picked":"Flame Barrier","floor":13.0},{"not_picked":["Clothesline","Iron Wave"],"picked":"Metallicize","floor":18},{"not_picked":["Heavy Blade","Searing Blow"],"picked":"Iron Wave","floor":19},{"not_picked":["Entrench","Burning Pact"],"picked":"Cleave","floor":20},{"not_picked":["Fire Breathing","Battle Trance"],"picked":"Body Slam+1","floor":21},{"not_picked":["Twin Strike","Perfected Strike","Havoc"],"picked":"SKIP","floor":22},{"not_picked":["Perfected Strike","Blood for Blood"],"picked":"Demon Form","floor":24},{"not_picked":["Shrug It Off","Thunderclap"],"picked":"Intimidate+1","floor":25},{"not_picked":["Sword Boomerang","Twin Strike","Pommel Strike+1"],"picked":"SKIP","floor":27},{"not_picked":["Spot Weakness","Sever Soul"],"picked":"Metallicize","floor":28},{"not_picked":["Dropkick","Feel No Pain","Bloodletting+1"],"picked":"SKIP","floor":30},{"not_picked":["Shrug It Off+1","Sever Soul+1","Cleave"],"picked":"SKIP","floor":35},{"not_picked":["Trip","Thinking Ahead"],"picked":"Mayhem","floor":38},{"not_picked":["Hemokinesis","Burning Pact","Sword Boomerang"],"picked":"SKIP","floor":39},{"not_picked":["Wild Strike","Thunderclap"],"picked":"Feel No Pain","floor":41}],"player_experience":875653,"relics_obtained":[{"floor":6.0,"key":"Meat on the Bone"},{"floor":8.0,"key":"Bag of Preparation"},{"floor":9.0,"key":"Anchor"},{"floor":12.0,"key":"Pen Nib"},{"floor":24,"key":"Juzu Bracelet"},{"floor":26,"key":"Omamori"},{"floor":27,"key":"Shuriken"},{"floor":30,"key":"FossilizedHelix"},{"floor":37,"key":"Mango"},{"floor":43,"key":"Du-Vu Doll"},{"floor":45,"key":"PreservedInsect"}],"event_choices":[{"damage_healed":0.0,"max_hp_gain":0.0,"max_hp_loss":0.0,"gold_gain":0.0,"event_name":"Scrap Ooze","player_choice":"Success","floor":4.0,"gold_loss":0.0,"damage_taken":11.0,"relics_obtained":["Mercury Hourglass"]},{"damage_healed":0.0,"max_hp_gain":0.0,"max_hp_loss":0.0,"gold_gain":0.0,"event_name":"Shining Light","player_choice":"Ignored","floor":14.0,"gold_loss":0.0,"damage_taken":0.0},{"damage_healed":0,"gold_gain":0,"player_choice":"Inject Mutagens","damage_taken":0,"relics_obtained":["MutagenicStrength"],"max_hp_gain":0,"max_hp_loss":0,"event_name":"Drug Dealer","floor":31,"gold_loss":0},{"cards_removed":["Ghostly Armor"],"damage_healed":0,"gold_gain":0,"player_choice":"Removed Skill","damage_taken":0,"max_hp_gain":0,"max_hp_loss":0,"event_name":"Falling","floor":36,"gold_loss":0},{"damage_healed":0,"gold_gain":0,"player_choice":"Fight","damage_taken":0,"max_hp_gain":0,"max_hp_loss":0,"event_name":"MindBloom","floor":37,"gold_loss":0},{"damage_healed":0,"gold_gain":0,"player_choice":"Memory 1","damage_taken":0,"max_hp_gain":0,"max_hp_loss":0,"event_name":"SensoryStone","floor":38,"gold_loss":0},{"damage_healed":0,"gold_gain":0,"player_choice":"Ignored","damage_taken":0,"max_hp_gain":0,"max_hp_loss":0,"event_name":"Mysterious Sphere","floor":46,"gold_loss":0},{"damage_healed":0,"gold_gain":0,"player_choice":"Paid","damage_taken":0,"relics_obtained":["Red Mask"],"max_hp_gain":0,"max_hp_loss":0,"event_name":"Tomb of Lord Red Mask","floor":48,"gold_loss":806}],"is_beta":false,"boss_relics":[{"not_picked":["Calling Bell","Orrery"],"picked":"Astrolabe"},{"not_picked":["Runic Cube","Lizard Tail"],"picked":"Velvet Choker"}],"items_purged_floors":[],"is_endless":false,"potions_floor_spawned":[1,2,8,13,16,24,27,28,30,33,41],"ascension_level":15}