{"gold_per_floor":[112,112,128,144,18,18,30,55,55,85,2,2,13,27,27,103,103,59,59,59,76,95,95,122,142,142,83,83,83,83],"floor_reached":30,"playtime":4490,"items_purged":["Pain"],"score":552,"play_id":"91146ee3-2e7d-485e-90d8-bc0f4cecd60e","local_time":"20190728115244","is_ascension_mode":true,"campfire_choices":[{"data":"Neutralize","floor":6.0,"key":"SMITH"},{"floor":12.0,"key":"REST"},{"data":"Skewer","floor":15.0,"key":"SMITH"},{"floor":23.0,"key":"REST"},{"floor":28,"key":"REST"}],"neow_cost":"NONE","seed_source_timestamp":1574487365799614,"circlet_count":0,"master_deck":["AscendersBane","Strike_G","Strike_G","Strike_G","Strike_G","Strike_G","Defend_G","Defend_G","Defend_G","Defend_G","Defend_G","Survivor","Neutralize+1","Deflect","PiercingWail","Doppelganger","Dagger Throw","Poisoned Stab","Dash","Footwork","Footwork","Sucker Punch","Skewer+1","Glass Knife","Concentrate+1","Leg Sweep","Corpse Explosion","Dodge and Roll"],"special_seed":0,"relics":["Ring of the Snake","WarpedTongs","Singing Bowl","Meat on the Bone","Pear","Eternal Feather","Pen Nib","FossilizedHelix","Matryoshka"],"potions_floor_usage":[24,30],"damage_taken":[{"damage":1.0,"enemies":"2 Louse","floor":1.0,"turns":4.0},{"damage":3.0,"enemies":"Cultist","floor":3.0,"turns":5.0},{"damage":7.0,"enemies":"Small Slimes","floor":4.0,"turns":7.0},{"damage":26.0,"enemies":"Exordium Thugs","floor":7.0,"turns":8.0},{"damage":35.0,"enemies":"Lagavulin","floor":8.0,"turns":9.0},{"damage":0.0,"enemies":"3 Sentries","floor":10.0,"turns":9.0},{"damage":3.0,"enemies":"Large Slime","floor":13.0,"turns":6.0},{"damage":10.0,"enemies":"Lots of Slimes","floor":14.0,"turns":6.0},{"damage":21.0,"enemies":"Slime Boss","floor":16.0,"turns":14.0},{"damage":17.0,"enemies":"2 Thieves","floor":18.0,"turns":5.0},{"damage":47.0,"enemies":"3 Byrds","floor":21.0,"turns":8.0},{"damage":19.0,"enemies":"Snecko","floor":22.0,"turns":5.0},{"damage":41,"enemies":"Slavers","floor":24,"turns":9},{"damage":20,"enemies":"Snake Plant","floor":25,"turns":7},{"damage":71,"enemies":"Gremlin Leader","floor":30,"turns":10}],"seed_played":"6973697068792283463","potions_obtained":[{"floor":3.0,"key":"SpeedPotion"},{"floor":4.0,"key":"Regen Potion"},{"floor":8.0,"key":"Ancient Potion"},{"floor":13.0,"key":"GhostInAJar"},{"floor":14.0,"key":"Explosive Potion"},{"floor":18.0,"key":"Strength Potion"},{"floor":22.0,"key":"SteroidPotion"},{"floor":25,"key":"Swift Potion"}],"is_trial":false,"path_per_floor":["M","?","M","M","$","R","M","E","T","E","$","R","M","M","R","B",null,"M","?","?","M","M","R","E","M","T","$","R","?","E"],"character_chosen":"THE_SILENT","items_purchased":["Dagger Throw","Footwork","Dodge and Roll"],"campfire_rested":3,"item_purchase_floors":[5,11,27],"current_hp_per_floor":[64,64,61,54,54,54,28,8,8,30,30,54,51,53,53,44,73,58,58,58,23,16,56,27,21,21,21,61,61,0],"gold":83,"neow_bonus":"TEN_PERCENT_HP_BONUS","is_prod":false,"is_daily":false,"chose_seed":false,"campfire_upgraded":2,"win_rate":0,"timestamp":1564329164,"path_taken":["M","?","M","M","$","R","M","E","T","E","$","R","?","M","R","BOSS","M","?","?","?","M","R","E","M","T","?","R","?","E"],"build_version":"2019-07-17","purchased_purges":1,"victory":false,"max_hp_per_floor":[72,72,72,72,72,72,72,72,72,82,82,82,82,82,82,82,82,84,84,84,84,84,84,84,86,86,86,86,86,86],"card_choices":[{"not_picked":["Prepared","Reflex"],"picked":"Deflect","floor":1.0},{"not_picked":["Acrobatics","Riddle With Holes"],"picked":"PiercingWail","floor":3.0},{"not_picked":["Infinite Blades","Backflip"],"picked":"Doppelganger","floor":4.0},{"not_picked":["Deflect","Blade Dance"],"picked":"Poisoned Stab","floor":7.0},{"not_picked":["Choke","Leg Sweep"],"picked":"Dash","floor":8.0},{"not_picked":["Concentrate","Backflip"],"picked":"Footwork","floor":10.0},{"not_picked":["Backflip","Calculated Gamble"],"picked":"Sucker Punch","floor":13.0},{"not_picked":["Sucker Punch","Quick Slash"],"picked":"Skewer","floor":14.0},{"not_picked":["Storm of Steel","Venomology"],"picked":"Glass Knife","floor":16.0},{"not_picked":["Bane","Blade Dance","Underhanded Strike"],"picked":"Singing Bowl","floor":18.0},{"not_picked":["Flying Knee","All Out Attack"],"picked":"Concentrate+1","floor":21.0},{"not_picked":["Endless Agony+1","Underhanded Strike"],"picked":"Leg Sweep","floor":22.0},{"not_picked":["Backflip","Acrobatics"],"picked":"Corpse Explosion","floor":24},{"not_picked":["Prepared+1","Flying Knee","Reflex"],"picked":"Singing Bowl","floor":25}],"player_experience":867814,"relics_obtained":[{"floor":8.0,"key":"Singing Bowl"},{"floor":9.0,"key":"Meat on the Bone"},{"floor":10.0,"key":"Pear"},{"floor":24,"key":"FossilizedHelix"},{"floor":26,"key":"Matryoshka"}],"event_choices":[{"damage_healed":0.0,"max_hp_gain":0.0,"max_hp_loss":0.0,"gold_gain":0.0,"event_name":"Accursed Blacksmith","player_choice":"Rummage","floor":2.0,"gold_loss":0.0,"damage_taken":0.0,"relics_obtained":["WarpedTongs"],"cards_obtained":["Pain"]},{"damage_healed":0.0,"max_hp_gain":0.0,"max_hp_loss":0.0,"gold_gain":0.0,"event_name":"Addict","player_choice":"Stole Relic","floor":19.0,"gold_loss":0.0,"damage_taken":0.0,"relics_obtained":["Pen Nib"],"cards_obtained":["Shame"]},{"damage_healed":0.0,"max_hp_gain":0.0,"max_hp_loss":0.0,"gold_gain":0.0,"event_name":"Ghosts","player_choice":"Ignored","floor":20.0,"gold_loss":0.0,"damage_taken":0.0},{"cards_removed":["Shame"],"damage_healed":0,"gold_gain":0,"player_choice":"Removed Curses","damage_taken":0,"max_hp_gain":0,"max_hp_loss":0,"event_name":"Fountain of Cleansing","floor":29,"gold_loss":0}],"is_beta":false,"boss_relics":[{"not_picked":["Pandora\u0027s Box","White Beast Statue"],"picked":"Eternal Feather"}],"items_purged_floors":[5],"is_endless":false,"potions_floor_spawned":[3,4,8,13,14,18,22,25],"killed_by":"Gremlin Leader","ascension_level":17}