{"gold_per_floor":[110,129,144,161,161,161,192,192,192,192,202,235,248,6,6,103,103,113,125,88,108,108,141,141,159,159,159],"floor_reached":27,"playtime":1411,"items_purged":["Defend_G"],"score":245,"play_id":"16890b48-7fb1-4881-bc70-1c4522704657","local_time":"20190108223919","is_ascension_mode":false,"campfire_choices":[{"data":"Envenom","floor":6,"key":"SMITH"},{"data":"Adrenaline","floor":8,"key":"SMITH"},{"floor":10,"key":"REST"},{"floor":15,"key":"REST"},{"floor":24,"key":"REST"}],"neow_cost":"NONE","seed_source_timestamp":0,"circlet_count":0,"master_deck":["Defend_G","Defend_G","Defend_G","Defend_G","Strike_G","Strike_G","Strike_G","Strike_G","Survivor","Neutralize","Malaise","Sucker Punch","Cloak And Dagger","Noxious Fumes","Envenom+1","Adrenaline+1","Slice","Distraction","Infinite Blades","Good Instincts","Corpse Explosion+1","Accuracy","Blade Dance","Caltrops","Outmaneuver+1","Blade Dance","Blur"],"special_seed":0,"relics":["Ring of the Snake","Dodecahedron","Ice Cream","Unceasing Top","Sozu","War Paint","Matryoshka"],"potions_floor_usage":[7,12,25],"damage_taken":[{"damage":0,"enemies":"Jaw Worm","floor":1,"turns":8},{"damage":1,"enemies":"Cultist","floor":2,"turns":5},{"damage":1,"enemies":"Small Slimes","floor":3,"turns":5},{"damage":23,"enemies":"Exordium Wildlife","floor":4,"turns":7},{"damage":13,"enemies":"Gremlin Nob","floor":7,"turns":5},{"damage":3,"enemies":"Blue Slaver","floor":11,"turns":4},{"damage":9,"enemies":"3 Sentries","floor":12,"turns":7},{"damage":3,"enemies":"Exordium Thugs","floor":13,"turns":5},{"damage":35,"enemies":"The Guardian","floor":16,"turns":8},{"damage":16,"enemies":"2 Thieves","floor":18,"turns":4},{"damage":21,"enemies":"Spheric Guardian","floor":19,"turns":6},{"damage":10,"enemies":"Snecko","floor":21,"turns":5},{"damage":15,"enemies":"Book of Stabbing","floor":23,"turns":7},{"damage":21,"enemies":"Shelled Parasite and Fungi","floor":25,"turns":5},{"damage":8,"enemies":"Centurion and Healer","floor":27,"turns":1}],"seed_played":"2208111002123595466","potions_obtained":[{"floor":4,"key":"LiquidBronze"},{"floor":7,"key":"GamblersBrew"},{"floor":13,"key":"SteroidPotion"}],"is_trial":false,"path_per_floor":["M","M","M","M","?","R","E","R","T","R","M","E","M","$","R","B",null,"M","M","$","M","T","E","R","M","T","M"],"character_chosen":"THE_SILENT","items_purchased":["Infinite Blades","Good Instincts","Caltrops"],"campfire_rested":3,"item_purchase_floors":[14,14,20],"current_hp_per_floor":[70,69,68,45,38,38,25,25,25,46,43,34,31,31,52,17,70,54,33,33,23,23,8,29,8,8,0],"gold":159,"neow_bonus":"ONE_RANDOM_RARE_CARD","is_prod":false,"is_daily":false,"chose_seed":false,"campfire_upgraded":2,"win_rate":0,"timestamp":1546974559,"path_taken":["M","M","M","M","?","R","E","R","T","R","M","E","M","?","R","BOSS","M","M","$","?","?","E","R","M","T","M"],"build_version":"2019-01-07","purchased_purges":1,"victory":false,"max_hp_per_floor":[70,70,70,70,70,70,70,70,70,70,70,70,70,70,70,70,70,70,70,70,70,70,70,70,70,70,70],"card_choices":[{"not_picked":["Prepared","Slice"],"picked":"Sucker Punch","floor":1},{"not_picked":["Quick Slash","All Out Attack"],"picked":"Cloak And Dagger","floor":2},{"not_picked":["Deflect","Underhanded Strike"],"picked":"Noxious Fumes","floor":3},{"not_picked":["Dagger Spray","Underhanded Strike"],"picked":"Envenom","floor":4},{"not_picked":["Backflip","Flying Knee"],"picked":"Adrenaline","floor":7},{"not_picked":["Prepared","All Out Attack","Predator"],"picked":"SKIP","floor":11},{"not_picked":["Cloak And Dagger","Deadly Poison"],"picked":"Slice","floor":12},{"not_picked":["Deadly Poison","Tactician"],"picked":"Distraction","floor":13},{"not_picked":["Bullet Time","Burst"],"picked":"Corpse Explosion","floor":16},{"not_picked":["Acrobatics","Poisoned Stab"],"picked":"Accuracy","floor":18},{"not_picked":["Deflect","Prepared"],"picked":"Blade Dance","floor":19},{"not_picked":["Backflip","Dodge and Roll"],"picked":"Outmaneuver","floor":21},{"not_picked":["Acrobatics","Poisoned Stab"],"picked":"Blade Dance","floor":23},{"not_picked":["Dodge and Roll","Quick Slash"],"picked":"Blur","floor":25}],"player_experience":319619,"relics_obtained":[{"floor":7,"key":"Dodecahedron"},{"floor":9,"key":"Ice Cream"},{"floor":12,"key":"Unceasing Top"},{"floor":23,"key":"War Paint"},{"floor":26,"key":"Matryoshka"}],"event_choices":[{"cards_removed":["Strike_G"],"damage_healed":0,"gold_gain":0,"player_choice":"Card Removal","damage_taken":7,"max_hp_gain":0,"max_hp_loss":0,"event_name":"Golden Wing","floor":5,"gold_loss":0}],"is_beta":true,"boss_relics":[{"not_picked":["Ectoplasm","Astrolabe"],"picked":"Sozu"}],"items_purged_floors":[14],"is_endless":false,"potions_floor_spawned":[4,7,13,18,19,25],"killed_by":"Centurion and Healer","ascension_level":0}