{"gold_per_floor":[111,111,132,132,151,191,206,206,206,247,247,247,261,301,301,397,397,422,337,353,353,368,368,401,401,447,232,232,9,25,25,25,102,102,119,119,30,43,43,43,68,79,79,97,53,53,68,68,68,68],"floor_reached":51,"playtime":7683,"items_purged":["Dual Wield"],"score":1252,"play_id":"6c0ba113-3e21-4c27-b3a6-eceb7b6d80ef","local_time":"20190728202616","is_ascension_mode":true,"campfire_choices":[{"floor":8.0,"key":"REST"},{"data":"Uppercut","floor":12.0,"key":"SMITH"},{"floor":15.0,"key":"REST"},{"data":"True Grit","floor":23.0,"key":"SMITH"},{"floor":25.0,"key":"REST"},{"floor":32.0,"key":"REST"},{"data":"Power Through","floor":40.0,"key":"SMITH"},{"data":"Metallicize","floor":49,"key":"SMITH"}],"neow_cost":"CURSE","seed_source_timestamp":1602133470621944,"circlet_count":0,"master_deck":["AscendersBane","Bash","Pommel Strike","Uppercut+1","Clothesline","Pommel Strike+1","Iron Wave+1","Demon Form","Exhume","Iron Wave+1","Feed+1","Fiend Fire+1","Sever Soul+1","Pummel+1","Limit Break+1","Uppercut+1","Uppercut+1","True Grit+1","Power Through+1","Headbutt+1","True Grit","Shrug It Off","True Grit","Shrug It Off","Metallicize+1","Cleave+1","Warcry+1","Power Through+1","Blood for Blood+1","Writhe","Pummel+1","Limit Break+1"],"special_seed":0,"relics":["Burning Blood","Gambling Chip","Bloody Idol","Molten Egg 2","Mummified Hand","Bottled Flame","Lantern","Bag of Marbles","Pandora\u0027s Box","Art of War","MutagenicStrength","Pantograph","Red Skull","Toy Ornithopter","Busted Crown","Darkstone Periapt","Question Card"],"potions_floor_usage":[47,50],"damage_taken":[{"damage":8.0,"enemies":"2 Louse","floor":1.0,"turns":4.0},{"damage":7.0,"enemies":"Small Slimes","floor":3.0,"turns":4.0},{"damage":4.0,"enemies":"Jaw Worm","floor":5.0,"turns":5.0},{"damage":33.0,"enemies":"Gremlin Nob","floor":6.0,"turns":5.0},{"damage":2.0,"enemies":"2 Fungi Beasts","floor":7.0,"turns":4.0},{"damage":23.0,"enemies":"Lagavulin","floor":10.0,"turns":5.0},{"damage":4.0,"enemies":"Blue Slaver","floor":13.0,"turns":3.0},{"damage":8.0,"enemies":"Gremlin Nob","floor":14.0,"turns":3.0},{"damage":29.0,"enemies":"The Guardian","floor":16.0,"turns":13.0},{"damage":32.0,"enemies":"2 Thieves","floor":18.0,"turns":4.0},{"damage":18.0,"enemies":"Shell Parasite","floor":20.0,"turns":3.0},{"damage":5.0,"enemies":"3 Cultists","floor":22.0,"turns":3.0},{"damage":43.0,"enemies":"Slavers","floor":24.0,"turns":6.0},{"damage":1.0,"enemies":"Snake Plant","floor":30.0,"turns":2.0},{"damage":83.0,"enemies":"Collector","floor":33.0,"turns":6.0},{"damage":0.0,"enemies":"Orb Walker","floor":35.0,"turns":3.0},{"damage":9.0,"enemies":"3 Darklings","floor":38.0,"turns":16.0},{"damage":38,"enemies":"Giant Head","floor":41,"turns":8},{"damage":9,"enemies":"Writhing Mass","floor":42,"turns":5},{"damage":10,"enemies":"Spire Growth","floor":44,"turns":3},{"damage":12,"enemies":"Jaw Worm Horde","floor":47,"turns":4},{"damage":93,"enemies":"Donu and Deca","floor":50,"turns":8}],"seed_played":"5153437696698251094","potions_obtained":[{"floor":5.0,"key":"SteroidPotion"},{"floor":10.0,"key":"SteroidPotion"},{"floor":13.0,"key":"LiquidBronze"},{"floor":16.0,"key":"BloodPotion"},{"floor":20.0,"key":"Energy Potion"},{"floor":30.0,"key":"LiquidBronze"},{"floor":33.0,"key":"Fruit Juice"},{"floor":38.0,"key":"Energy Potion"}],"is_trial":false,"path_per_floor":["M","?","M","?","M","E","M","R","T","E","T","R","M","E","R","B",null,"M","?","M","?","M","R","E","R","T","$","?","$","M","?","R","B",null,"M","?","$","M","?","R","E","M","T","M","$","?","M","?","R","B",null],"character_chosen":"IRONCLAD","items_purchased":["True Grit","BloodPotion","Toy Ornithopter","Metallicize","Blood for Blood+1"],"campfire_rested":4,"item_purchase_floors":[27,27,29,37,45],"current_hp_per_floor":[66,40,39,32,34,7,11,33,33,16,16,16,18,16,38,15,60,52,52,40,40,41,41,12,36,36,36,36,36,46,46,70,20,70,91,91,91,92,92,92,65,71,71,72,72,97,101,101,101,45],"gold":68,"neow_bonus":"ONE_RARE_RELIC","is_prod":false,"is_daily":false,"chose_seed":false,"campfire_upgraded":4,"win_rate":0,"timestamp":1564359976,"path_taken":["M","?","M","?","M","E","M","R","T","E","?","R","M","E","R","BOSS","M","?","M","?","M","R","E","R","T","$","?","$","M","?","R","BOSS","M","?","$","M","?","R","E","?","T","M","?","?","M","?","R","BOSS"],"build_version":"2019-07-17","purchased_purges":1,"victory":true,"max_hp_per_floor":[75,75,75,75,75,75,75,75,75,75,75,75,75,75,75,75,75,75,75,75,75,75,75,83,83,83,83,83,83,83,83,83,87,87,92,92,92,92,92,92,92,96,96,96,96,102,102,102,102,102],"card_choices":[{"not_picked":["Blood for Blood","Shrug It Off"],"picked":"Pommel Strike","floor":1.0},{"not_picked":["Warcry","Anger"],"picked":"Uppercut","floor":3.0},{"not_picked":["Flex","Twin Strike"],"picked":"Clothesline","floor":5.0},{"not_picked":["Pummel","Sword Boomerang"],"picked":"Pommel Strike","floor":6.0},{"not_picked":["Twin Strike+1","Havoc"],"picked":"Iron Wave+1","floor":7.0},{"not_picked":["Wild Strike+1","Whirlwind+1","Havoc"],"picked":"SKIP","floor":10.0},{"not_picked":["Sword Boomerang+1","Havoc","Rupture"],"picked":"SKIP","floor":13.0},{"not_picked":["Dark Embrace","Intimidate","Clash+1"],"picked":"SKIP","floor":14.0},{"not_picked":["Brutality","Berserk"],"picked":"Demon Form","floor":16.0},{"not_picked":["Sword Boomerang+1","Perfected Strike+1"],"picked":"Uppercut+1","floor":18.0},{"not_picked":["Anger+1","Cleave+1"],"picked":"True Grit","floor":20.0},{"not_picked":["Rampage+1","Sentinel"],"picked":"Power Through","floor":22.0},{"not_picked":["Pommel Strike+1","Clothesline+1"],"picked":"Headbutt+1","floor":24.0},{"not_picked":["Havoc","Thunderclap+1"],"picked":"True Grit","floor":30.0},{"not_picked":[],"picked":"Shrug It Off","floor":35.0},{"not_picked":[],"picked":"Cleave+1","floor":38.0},{"not_picked":["Searing Blow+1"],"picked":"SKIP","floor":41},{"not_picked":[],"picked":"Warcry+1","floor":42},{"not_picked":["Pommel Strike+1"],"picked":"Power Through+1","floor":44},{"not_picked":["Wild Strike+1"],"picked":"Pummel+1","floor":47}],"player_experience":881156,"relics_obtained":[{"floor":6.0,"key":"Molten Egg 2"},{"floor":9.0,"key":"Mummified Hand"},{"floor":10.0,"key":"Bottled Flame"},{"floor":11.0,"key":"Lantern"},{"floor":14.0,"key":"Bag of Marbles"},{"floor":24.0,"key":"Pantograph"},{"floor":26.0,"key":"Red Skull"},{"floor":41,"key":"Darkstone Periapt"},{"floor":43,"key":"Question Card"}],"event_choices":[{"damage_healed":0.0,"max_hp_gain":0.0,"max_hp_loss":0.0,"gold_gain":0.0,"event_name":"Golden Idol","player_choice":"Take Damage","floor":2.0,"gold_loss":0.0,"damage_taken":26.0,"relics_obtained":["Golden Idol"]},{"cards_removed":["Clumsy"],"damage_healed":0.0,"max_hp_gain":0.0,"max_hp_loss":0.0,"gold_gain":0.0,"event_name":"Golden Wing","player_choice":"Card Removal","floor":4.0,"gold_loss":0.0,"damage_taken":7.0},{"damage_healed":0.0,"max_hp_gain":0.0,"max_hp_loss":0.0,"gold_gain":0.0,"event_name":"Addict","player_choice":"Obtained Relic","floor":19.0,"gold_loss":85.0,"damage_taken":0.0,"relics_obtained":["Art of War"]},{"damage_healed":0.0,"max_hp_gain":0.0,"max_hp_loss":0.0,"gold_gain":0.0,"event_name":"Drug Dealer","player_choice":"Inject Mutagens","floor":21.0,"gold_loss":0.0,"damage_taken":0.0,"relics_obtained":["MutagenicStrength"]},{"damage_healed":0.0,"max_hp_gain":0.0,"max_hp_loss":0.0,"gold_gain":0.0,"event_name":"The Library","player_choice":"Read","floor":28.0,"gold_loss":0.0,"damage_taken":0.0,"cards_obtained":["Shrug It Off"]},{"damage_healed":0.0,"max_hp_gain":0.0,"max_hp_loss":0.0,"gold_gain":0.0,"event_name":"Forgotten Altar","player_choice":"Gave Idol","floor":31.0,"relics_lost":["Golden Idol"],"gold_loss":0.0,"damage_taken":0.0,"relics_obtained":["Bloody Idol"]},{"damage_healed":0.0,"max_hp_gain":0.0,"max_hp_loss":0.0,"gold_gain":0.0,"event_name":"Tomb of Lord Red Mask","player_choice":"Ignored","floor":36.0,"gold_loss":0.0,"damage_taken":0.0},{"damage_healed":0.0,"max_hp_gain":0.0,"max_hp_loss":0.0,"gold_gain":0.0,"event_name":"Upgrade Shrine","player_choice":"Upgraded","floor":39.0,"gold_loss":0.0,"damage_taken":0.0,"cards_upgraded":["Limit Break"]},{"damage_healed":19,"gold_gain":0,"player_choice":"Writhe","damage_taken":0,"max_hp_gain":0,"max_hp_loss":0,"event_name":"Winding Halls","floor":46,"gold_loss":0,"cards_obtained":["Writhe"]},{"damage_healed":0,"gold_gain":0,"player_choice":"Copied","damage_taken":0,"max_hp_gain":0,"max_hp_loss":0,"event_name":"Duplicator","floor":48,"gold_loss":0,"cards_obtained":["Limit Break"]}],"is_beta":false,"boss_relics":[{"not_picked":["Runic Cube","Lizard Tail"],"picked":"Pandora\u0027s Box"},{"not_picked":["Runic Pyramid","Philosopher\u0027s Stone"],"picked":"Busted Crown"}],"items_purged_floors":[27],"is_endless":false,"potions_floor_spawned":[5,10,13,16,20,30,33,38,42],"ascension_level":17}