{"gold_per_floor":[111,121,121,24,36,36,56,56,133,133,193,193,21,40,40,142,142,152,117,167,93,107,107,157,157],"floor_reached":25,"playtime":886,"items_purged":["Injury"],"score":245,"play_id":"4a963879-8c53-43a8-b36c-75a2ae79384d","local_time":"20190724170743","is_ascension_mode":true,"campfire_choices":[{"data":"Redo","floor":6,"key":"SMITH"},{"data":"Dualcast","floor":8,"key":"SMITH"},{"data":"Conserve Battery","floor":10,"key":"SMITH"},{"data":"Coolheaded","floor":12,"key":"SMITH"},{"data":"Zap","floor":15,"key":"SMITH"},{"data":"Seek","floor":23,"key":"SMITH"}],"neow_cost":"CURSE","seed_source_timestamp":7232021193001,"circlet_count":0,"master_deck":["Strike_B","Strike_B","Strike_B","Defend_B","Defend_B","Defend_B","Zap+1","Dualcast+1","Undo","Capacitor","Conserve Battery+1","Redo+1","FTL","Coolheaded+1","Turbo","Machine Learning","Streamline+1","Hyperbeam+1","Amplify","Seek+1","Coolheaded"],"relics":["Cracked Core","SsserpentHead","Molten Egg 2","Blood Vial","Sozu","Bag of Marbles"],"potions_floor_usage":[5,7,16,25],"damage_taken":[{"damage":14,"enemies":"Small Slimes","floor":1,"turns":4},{"damage":1,"enemies":"Cultist","floor":2,"turns":3},{"damage":2,"enemies":"2 Louse","floor":5,"turns":3},{"damage":22,"enemies":"Exordium Wildlife","floor":7,"turns":6},{"damage":4,"enemies":"Large Slime","floor":11,"turns":5},{"damage":3,"enemies":"Blue Slaver","floor":14,"turns":3},{"damage":22,"enemies":"Hexaghost","floor":16,"turns":13},{"damage":3,"enemies":"Chosen","floor":18,"turns":5},{"damage":12,"enemies":"Shell Parasite","floor":22,"turns":5},{"damage":69,"enemies":"Gremlin Leader","floor":25,"turns":6}],"seed_played":"-3345903555455335122","potions_obtained":[{"floor":1,"key":"Poison Potion"},{"floor":5,"key":"Dexterity Potion"},{"floor":14,"key":"AttackPotion"},{"floor":16,"key":"Explosive Potion"}],"is_trial":false,"path_per_floor":["M","M","?","$","M","R","M","R","T","R","M","R","$","M","R","B",null,"M","?","?","$","M","R","?","E"],"character_chosen":"DEFECT","items_purchased":["Capacitor","Conserve Battery","Blood Vial","Seek"],"campfire_rested":0,"item_purchase_floors":[4,4,13,21],"current_hp_per_floor":[75,74,74,74,72,72,50,50,50,50,46,46,46,45,45,25,89,86,86,86,86,76,76,59,0],"gold":157,"neow_bonus":"TWENTY_PERCENT_HP_BONUS","is_prod":false,"is_daily":false,"chose_seed":false,"campfire_upgraded":6,"win_rate":0,"timestamp":1563975463,"path_taken":["M","M","?","$","M","R","M","R","T","R","?","R","?","M","R","BOSS","M","?","?","$","M","R","?","E"],"build_version":"2019-07-18","purchased_purges":1,"victory":false,"max_hp_per_floor":[89,89,89,89,89,89,89,89,89,89,89,89,89,89,89,89,89,89,89,89,89,89,89,94,94],"card_choices":[{"not_picked":["Consume","Beam Cell","Reprogram"],"picked":"SKIP","floor":1},{"not_picked":["Compile Driver","Consume"],"picked":"Undo","floor":2},{"not_picked":["Streamline","Doom and Gloom"],"picked":"Redo","floor":5},{"not_picked":["Go for the Eyes","Sweeping Beam"],"picked":"FTL","floor":7},{"not_picked":["White Noise","Fusion"],"picked":"Coolheaded","floor":11},{"not_picked":["Thunder Strike+1","Consume"],"picked":"Turbo","floor":14},{"not_picked":["Rainbow","Creative AI"],"picked":"Machine Learning","floor":16},{"not_picked":["Stack","Redo"],"picked":"Streamline+1","floor":18},{"not_picked":["Lockon+1","Stack"],"picked":"Coolheaded","floor":22}],"player_experience":756223,"relics_obtained":[{"floor":9,"key":"Molten Egg 2"}],"event_choices":[{"damage_healed":0,"gold_gain":0,"player_choice":"Trade","damage_taken":0,"relics_obtained":["SsserpentHead"],"max_hp_gain":0,"max_hp_loss":0,"event_name":"FaceTrader","floor":3,"gold_loss":0},{"damage_healed":0,"gold_gain":0,"player_choice":"Obtained Relic","damage_taken":0,"relics_obtained":["Bag of Marbles"],"max_hp_gain":0,"max_hp_loss":0,"event_name":"Addict","floor":19,"gold_loss":85},{"damage_healed":0,"gold_gain":0,"cards_transformed":["Defend_B","Strike_B"],"player_choice":"Became Test Subject","damage_taken":0,"max_hp_gain":0,"max_hp_loss":0,"event_name":"Drug Dealer","floor":20,"gold_loss":0,"cards_obtained":["Hyperbeam","Amplify"]},{"damage_healed":0,"gold_gain":0,"player_choice":"Shed Blood","damage_taken":22,"max_hp_gain":5,"max_hp_loss":0,"event_name":"Forgotten Altar","floor":24,"gold_loss":0}],"is_beta":true,"boss_relics":[{"not_picked":["Fusion Hammer","Coffee Dripper"],"picked":"Sozu"}],"items_purged_floors":[13],"is_endless":false,"potions_floor_spawned":[1,5,14,16],"killed_by":"Gremlin Leader","ascension_level":3}