{"gold_per_floor":[110,210,210,160,160,160,172,172,172,225,225,245,274,274,274,370,370,386,158,158,173,188,188,188],"floor_reached":24,"playtime":1366,"items_purged":["Regret"],"score":204,"play_id":"c685012d-5f43-4445-a4b2-a19eb7070406","local_time":"20181007122132","is_ascension_mode":true,"campfire_choices":[{"data":"Malaise","floor":6,"key":"SMITH"},{"data":"Burst","floor":8,"key":"SMITH"},{"data":"Neutralize","floor":11,"key":"SMITH"},{"data":"Noxious Fumes","floor":15,"key":"SMITH"},{"floor":23,"key":"REST"}],"neow_cost":"CURSE","seed_source_timestamp":6747977743540,"circlet_count":0,"master_deck":["Defend_G","Defend_G","Defend_G","Defend_G","Strike_G","Strike_G","Strike_G","Survivor","Neutralize+1","Malaise+1","Burst+1","Slice","Quick Slash","Blade Dance","Noxious Fumes+1","Deadly Poison","Adrenaline","Prepared","Well Laid Plans","Outmaneuver","Flying Knee","Expertise","Deadly Poison"],"relics":["Ring of the Snake","Kunai","Omamori","Happy Flower","Juzu Bracelet","Cursed Key","Nilry\u0027s Codex"],"potions_floor_usage":[12,13,18],"damage_taken":[{"damage":3,"enemies":"Small Slimes","floor":1,"turns":6},{"damage":1,"enemies":"Cultist","floor":5,"turns":5},{"damage":6,"enemies":"2 Louse","floor":7,"turns":3},{"damage":14,"enemies":"Large Slime","floor":12,"turns":9},{"damage":19,"enemies":"3 Sentries","floor":13,"turns":9},{"damage":14,"enemies":"Hexaghost","floor":16,"turns":10},{"damage":10,"enemies":"2 Thieves","floor":18,"turns":5},{"damage":16,"enemies":"Spheric Guardian","floor":21,"turns":5},{"damage":1,"enemies":"Snecko","floor":22,"turns":6},{"damage":55,"enemies":"Slavers","floor":24,"turns":3}],"seed_played":"1899754121720025061","potions_obtained":[{"floor":1,"key":"Block Potion"},{"floor":7,"key":"Regen Potion"},{"floor":16,"key":"Poison Potion"},{"floor":22,"key":"SmokeBomb"}],"is_trial":false,"path_per_floor":["M","?","?","?","M","R","M","R","T","T","R","M","E","?","R","B",null,"M","$","?","M","M","R"],"character_chosen":"THE_SILENT","items_purchased":["Well Laid Plans","Outmaneuver","Flying Knee"],"campfire_rested":1,"item_purchase_floors":[19,19,19],"current_hp_per_floor":[67,67,55,55,54,54,48,48,48,48,48,34,30,53,53,39,70,60,60,44,28,27,48,0],"gold":188,"neow_bonus":"TRANSFORM_TWO_CARDS","is_prod":false,"is_daily":false,"chose_seed":false,"campfire_upgraded":4,"win_rate":0,"timestamp":1538940092,"path_taken":["M","?","?","?","?","R","M","R","T","?","R","M","E","?","R","BOSS","M","$","?","M","M","R","E"],"build_version":"2018-10-04","purchased_purges":1,"victory":false,"max_hp_per_floor":[70,70,70,70,70,70,70,70,70,70,70,70,70,70,70,70,70,70,70,70,70,70,70,70],"card_choices":[{"not_picked":["Bane","Riddle With Holes"],"picked":"Slice","floor":1},{"not_picked":["Backstab","Escape Plan"],"picked":"Quick Slash","floor":5},{"not_picked":["Quick Slash","Escape Plan"],"picked":"Blade Dance","floor":7},{"not_picked":["Prepared","Dagger Throw"],"picked":"Noxious Fumes","floor":12},{"not_picked":["Eviscerate","Tools of the Trade"],"picked":"Deadly Poison","floor":13},{"not_picked":["Tools of the Trade","Grand Finale"],"picked":"Adrenaline","floor":16},{"not_picked":["Dodge and Roll+1","Masterful Stab"],"picked":"Prepared","floor":18},{"not_picked":["Riddle With Holes","All Out Attack"],"picked":"Expertise","floor":21},{"not_picked":["Dagger Spray+1","Underhanded Strike"],"picked":"Deadly Poison","floor":22}],"player_experience":137526,"relics_obtained":[{"floor":9,"key":"Omamori"},{"floor":10,"key":"Happy Flower"},{"floor":13,"key":"Juzu Bracelet"},{"floor":20,"key":"Nilry\u0027s Codex"}],"event_choices":[{"event_name":"Wheel of Change","player_choice":"Gold","floor":2,"damage_taken":0},{"event_name":"Scrap Ooze","player_choice":"success","floor":3,"damage_taken":12},{"event_name":"The Cleric","player_choice":"Card Removal","floor":4,"damage_taken":0},{"event_name":"Big Fish","player_choice":"Banana","floor":14,"damage_taken":0},{"event_name":"Cursed Tome","player_choice":"Obtained Book","floor":20,"damage_taken":0}],"is_beta":true,"boss_relics":[{"not_picked":["Busted Crown","WristBlade"],"picked":"Cursed Key"}],"items_purged_floors":[19],"is_endless":false,"potions_floor_spawned":[1,7,16,22],"killed_by":"Slavers","ascension_level":1}