{"gold_per_floor":[115,115,125,50,63,89,105,105,132,132,132,132,147,147,147,247,247,265,265,285,285],"floor_reached":21,"playtime":1255,"items_purged":["Strike_B"],"score":179,"play_id":"afe2ab6e-b330-43a8-98b1-939217a8e2cb","local_time":"20190131071045","is_ascension_mode":false,"campfire_choices":[{"floor":8,"key":"REST"},{"data":"Stack","floor":10,"key":"SMITH"},{"data":"Fission","floor":12,"key":"SMITH"},{"data":"Zap","floor":15,"key":"SMITH"}],"neow_cost":"NONE","seed_source_timestamp":133781782784009,"circlet_count":0,"master_deck":["Strike_B","Strike_B","Strike_B","Defend_B","Defend_B","Defend_B","Zap+1","Dualcast","Stack+1","Gash","Skim","Turbo","Fission+1","Glacier","Decay","Conserve Battery","Echo Form","Cold Snap","Auto Shields"],"special_seed":0,"relics":["Cracked Core","Regal Pillow","Centennial Puzzle","Vajra","Inserter"],"potions_floor_usage":[16,18],"damage_taken":[{"damage":0.0,"enemies":"2 Louse","floor":1.0,"turns":3.0},{"damage":0.0,"enemies":"Cultist","floor":3.0,"turns":3.0},{"damage":2.0,"enemies":"Small Slimes","floor":5.0,"turns":2.0},{"damage":58,"enemies":"3 Sentries","floor":6,"turns":12},{"damage":2,"enemies":"Blue Slaver","floor":7,"turns":4},{"damage":7,"enemies":"Large Slime","floor":13,"turns":7},{"damage":13,"enemies":"The Guardian","floor":16,"turns":19},{"damage":21,"enemies":"Spheric Guardian","floor":18,"turns":6},{"damage":10,"enemies":"Chosen","floor":20,"turns":6},{"damage":54,"enemies":"3 Cultists","floor":21,"turns":6}],"seed_played":"645234732912419474","potions_obtained":[{"floor":1.0,"key":"GamblersBrew"},{"floor":5.0,"key":"Ancient Potion"},{"floor":13,"key":"Energy Potion"},{"floor":16,"key":"FocusPotion"}],"is_trial":false,"path_per_floor":["M","?","M","$","M","E","M","R","T","R","?","R","M","?","R","B",null,"M","?","M","M"],"character_chosen":"DEFECT","items_purchased":[],"campfire_rested":1,"item_purchase_floors":[],"current_hp_per_floor":[75,75,75,75,73,15,13,50,50,50,50,50,43,31,31,18,75,54,54,44,0],"gold":285,"neow_bonus":"THREE_CARDS","is_prod":false,"is_daily":false,"chose_seed":false,"campfire_upgraded":3,"win_rate":0,"timestamp":1548906045,"path_taken":["M","?","?","$","?","E","M","R","T","R","?","R","?","?","R","BOSS","M","?","M","M"],"build_version":"2019-01-23","purchased_purges":1,"victory":false,"max_hp_per_floor":[75,75,75,75,75,75,75,75,75,75,75,75,75,75,75,75,75,75,75,75,75],"card_choices":[{"not_picked":["Beam Cell","Steam"],"picked":"Stack","floor":0.0},{"not_picked":["Lockon","Steam","Beam Cell"],"picked":"SKIP","floor":1.0},{"not_picked":["Heatsinks","Go for the Eyes"],"picked":"Skim","floor":3.0},{"not_picked":["Beam Cell","Genetic Algorithm"],"picked":"Turbo","floor":5.0},{"not_picked":["Barrage","Rebound"],"picked":"Fission","floor":6},{"not_picked":["Beam Cell","Darkness"],"picked":"Glacier","floor":7},{"not_picked":["Auto Shields","Coolheaded"],"picked":"Conserve Battery","floor":13},{"not_picked":["Fission","Creative AI"],"picked":"Echo Form","floor":16},{"not_picked":["Genetic Algorithm","Reprogram"],"picked":"Cold Snap","floor":18},{"not_picked":["Capacitor","White Noise"],"picked":"Auto Shields","floor":20}],"player_experience":505457,"relics_obtained":[{"floor":6,"key":"Regal Pillow"},{"floor":9,"key":"Centennial Puzzle"}],"event_choices":[{"damage_healed":0.0,"max_hp_gain":0.0,"max_hp_loss":0.0,"gold_gain":0.0,"cards_transformed":["Defend_B"],"event_name":"Transmorgrifier","player_choice":"Transformed","floor":2.0,"gold_loss":0.0,"damage_taken":0.0,"cards_obtained":["Gash"]},{"damage_healed":0,"gold_gain":0,"player_choice":"Cursed","damage_taken":0,"max_hp_gain":0,"max_hp_loss":0,"event_name":"Wheel of Change","floor":11,"gold_loss":0,"cards_obtained":["Decay"]},{"damage_healed":0,"gold_gain":0,"player_choice":"Success","damage_taken":12,"relics_obtained":["Vajra"],"max_hp_gain":0,"max_hp_loss":0,"event_name":"Scrap Ooze","floor":14,"gold_loss":0},{"damage_healed":0,"gold_gain":0,"player_choice":"Ignored","damage_taken":0,"max_hp_gain":0,"max_hp_loss":0,"event_name":"Vampires","floor":19,"gold_loss":0}],"is_beta":true,"boss_relics":[{"not_picked":["Busted Crown","Empty Cage"],"picked":"Inserter"}],"items_purged_floors":[4],"is_endless":false,"potions_floor_spawned":[1,5,13,16],"killed_by":"3 Cultists","ascension_level":0}