{"gold_per_floor":[119,133,149,162,2,2,12,12,12,12,43,218,218,237,237,335,335,350,152,164,164,183,183,193,193,193,193,212,227,227,227,227,325,325,345,345,108,121,0,0,100,21,48,68,87,87,87,100,100,100],"floor_reached":51,"playtime":2365,"items_purged":["Doubt","Shame"],"score":708,"play_id":"5a68070e-89ef-4b08-8aa0-1a9088b6fb25","local_time":"20181227235936","is_ascension_mode":true,"campfire_choices":[{"data":"After Image","floor":6,"key":"SMITH"},{"data":"Crippling Poison","floor":8,"key":"SMITH"},{"data":"Noxious Fumes","floor":10,"key":"SMITH"},{"data":"Accuracy","floor":15,"key":"SMITH"},{"data":"A Thousand Cuts","floor":23,"key":"SMITH"},{"data":"Acrobatics","floor":25,"key":"SMITH"},{"data":"Blind","floor":30,"key":"SMITH"},{"floor":32,"key":"REST"},{"floor":40,"key":"REST"},{"floor":46,"key":"REST"},{"floor":49,"key":"REST"}],"neow_cost":"NONE","seed_source_timestamp":287858040500742,"circlet_count":0,"master_deck":["Defend_G","Defend_G","Defend_G","Defend_G","Defend_G","Strike_G","Strike_G","Strike_G","Strike_G","Strike_G","Survivor","Neutralize+1","Accuracy+1","Crippling Poison+1","Noxious Fumes+1","Flying Knee","After Image+1","Quick Slash","A Thousand Cuts+1","Acrobatics+1","Backflip","Blind+1","Outmaneuver","Wraith Form v2","All Out Attack","Quick Slash","Cloak And Dagger+1","Blade Dance+1","Backflip+1","Deflect","Night Terror","Caltrops+1","Malaise","Blade Dance+1","Well Laid Plans","Normality","Writhe","Outmaneuver+1"],"relics":["Ring of the Snake","Shuriken","Blue Candle","Cursed Key","Question Card","Fusion Hammer","Red Mask","Calipers","Bag of Preparation"],"potions_floor_usage":[11,11,14,24,27,31,50,50],"damage_taken":[{"damage":3,"enemies":"Small Slimes","floor":1,"turns":4},{"damage":5,"enemies":"2 Louse","floor":2,"turns":2},{"damage":0,"enemies":"Cultist","floor":3,"turns":4},{"damage":17,"enemies":"3 Louse","floor":4,"turns":3},{"damage":3,"enemies":"Large Slime","floor":7,"turns":9},{"damage":8,"enemies":"Lagavulin","floor":11,"turns":8},{"damage":0,"enemies":"Looter","floor":14,"turns":3},{"damage":40,"enemies":"Slime Boss","floor":16,"turns":12},{"damage":15,"enemies":"Spheric Guardian","floor":18,"turns":6},{"damage":0,"enemies":"3 Byrds","floor":20,"turns":4},{"damage":0,"enemies":"Snake Plant","floor":22,"turns":5},{"damage":1,"enemies":"3 Cultists","floor":24,"turns":4},{"damage":0,"enemies":"Snecko","floor":27,"turns":1},{"damage":4,"enemies":"Chosen and Byrds","floor":28,"turns":5},{"damage":21,"enemies":"Centurion and Healer","floor":29,"turns":5},{"damage":10,"enemies":"Colosseum Slavers","floor":31,"turns":3},{"damage":12,"enemies":"Automaton","floor":33,"turns":8},{"damage":8,"enemies":"Orb Walker","floor":35,"turns":4},{"damage":0,"enemies":"3 Darklings","floor":36,"turns":3},{"damage":19,"enemies":"Jaw Worm Horde","floor":38,"turns":4},{"damage":2,"enemies":"Mind Bloom Boss Battle","floor":41,"turns":9},{"damage":25,"enemies":"Transient","floor":44,"turns":5},{"damage":24,"enemies":"4 Shapes","floor":45,"turns":3},{"damage":0,"enemies":"Maw","floor":48,"turns":6},{"damage":63,"enemies":"Donu and Deca","floor":50,"turns":11}],"seed_played":"-628689085496283202","potions_obtained":[{"floor":4,"key":"Strength Potion"},{"floor":7,"key":"Swift Potion"},{"floor":11,"key":"Energy Potion"},{"floor":16,"key":"SteroidPotion"},{"floor":22,"key":"Block Potion"},{"floor":24,"key":"SmokeBomb"},{"floor":35,"key":"GamblersBrew"},{"floor":38,"key":"Ancient Potion"},{"floor":44,"key":"AttackPotion"}],"is_trial":false,"path_per_floor":["M","M","M","M","$","R","M","R","T","R","E","?","?","M","R","B",null,"M","$","M","?","M","R","M","R","T","M","M","M","R","?","R","B",null,"M","M","$","M","?","R","?","$","T","M","M","R","?","M","R","B",null],"character_chosen":"THE_SILENT","items_purchased":["After Image","Backflip","Blind","Malaise","Well Laid Plans"],"campfire_rested":4,"item_purchase_floors":[5,19,19,37,42],"current_hp_per_floor":[67,62,62,45,45,45,42,42,42,42,34,34,57,57,57,17,70,55,55,55,55,55,55,54,54,54,54,50,29,29,19,40,28,70,62,62,62,43,43,64,62,62,62,37,13,34,52,52,70,7],"gold":100,"neow_bonus":"UPGRADE_CARD","is_prod":false,"is_daily":false,"chose_seed":false,"campfire_upgraded":7,"win_rate":0,"timestamp":1545942576,"path_taken":["M","M","M","M","$","R","M","R","T","R","E","?","?","M","R","BOSS","M","$","M","?","M","R","M","R","T","?","M","M","R","?","R","BOSS","M","M","$","M","?","R","?","?","T","M","M","R","?","?","R","BOSS"],"build_version":"2018-12-25","purchased_purges":2,"victory":true,"max_hp_per_floor":[70,70,70,70,70,70,70,70,70,70,70,70,70,70,70,70,70,70,70,70,70,70,70,70,70,70,70,70,70,70,70,70,70,70,70,70,70,70,70,70,70,70,70,70,70,70,70,70,70,70],"card_choices":[{"not_picked":["Acrobatics","Poisoned Stab"],"picked":"Accuracy","floor":1},{"not_picked":["Bouncing Flask","Dodge and Roll"],"picked":"Crippling Poison","floor":2},{"not_picked":["Prepared","Slice"],"picked":"Noxious Fumes","floor":3},{"not_picked":["Eviscerate","Dagger Spray"],"picked":"Flying Knee","floor":4},{"not_picked":["Concentrate","Eviscerate","Dagger Spray"],"picked":"SKIP","floor":7},{"not_picked":["Flying Knee","Deadly Poison"],"picked":"Quick Slash","floor":11},{"not_picked":["Expertise","Dodge and Roll","Reflex"],"picked":"SKIP","floor":14},{"not_picked":["Die Die Die","Glass Knife"],"picked":"A Thousand Cuts","floor":16},{"not_picked":["Eviscerate","Backstab+1"],"picked":"Acrobatics","floor":18},{"not_picked":["Backstab+1","Prepared"],"picked":"Outmaneuver","floor":20},{"not_picked":["Acrobatics+1","Deadly Poison"],"picked":"Cloak And Dagger+1","floor":22},{"not_picked":["Quick Slash+1","Poisoned Stab"],"picked":"Blade Dance+1","floor":24},{"not_picked":["All Out Attack","Acrobatics","Prepared"],"picked":"Backflip+1","floor":28},{"not_picked":["Bullet Time","Masterful Stab","Flying Knee"],"picked":"Deflect","floor":29},{"not_picked":["Bullet Time","Glass Knife","Doppelganger"],"picked":"Night Terror","floor":33},{"not_picked":["Setup","Flechettes+1","Poisoned Stab","Footwork"],"picked":"SKIP","floor":35},{"not_picked":["Poisoned Stab+1","Backflip","Accuracy+1"],"picked":"Caltrops+1","floor":36},{"not_picked":["Poisoned Stab","Bane+1","Calculated Gamble+1","Skewer"],"picked":"SKIP","floor":38},{"not_picked":["Deadly Poison","Dodge and Roll","Poisoned Stab"],"picked":"Blade Dance+1","floor":41},{"not_picked":["Backflip+1","Setup+1","Dagger Throw+1","Bouncing Flask"],"picked":"SKIP","floor":44},{"not_picked":["Predator","Outmaneuver","Cloak And Dagger","Poisoned Stab+1"],"picked":"SKIP","floor":45},{"not_picked":["Choke","Flechettes","Dash"],"picked":"Outmaneuver+1","floor":48}],"player_experience":256242,"relics_obtained":[{"floor":9,"key":"Shuriken"},{"floor":11,"key":"Blue Candle"},{"floor":26,"key":"Question Card"},{"floor":41,"key":"Calipers"},{"floor":43,"key":"Bag of Preparation"}],"event_choices":[{"damage_healed":0,"gold_gain":175,"player_choice":"AGREE","damage_taken":0,"max_hp_gain":0,"max_hp_loss":0,"event_name":"Liars Game","floor":12,"gold_loss":0,"cards_obtained":["Doubt"]},{"damage_healed":23,"gold_gain":0,"player_choice":"Banana","damage_taken":0,"max_hp_gain":0,"max_hp_loss":0,"event_name":"Big Fish","floor":13,"gold_loss":0},{"damage_healed":0,"gold_gain":0,"player_choice":"3 cards matched","damage_taken":0,"max_hp_gain":0,"max_hp_loss":0,"event_name":"Match and Keep!","floor":21,"gold_loss":0,"cards_obtained":["Wraith Form v2","All Out Attack","Quick Slash"]},{"damage_healed":0,"gold_gain":0,"player_choice":"Fight","damage_taken":0,"max_hp_gain":0,"max_hp_loss":0,"event_name":"Colosseum","floor":31,"gold_loss":0},{"damage_healed":0,"gold_gain":0,"player_choice":"Fled From Nobs","damage_taken":0,"max_hp_gain":0,"max_hp_loss":0,"event_name":"Colosseum","floor":31,"gold_loss":0},{"damage_healed":0,"gold_gain":0,"player_choice":"Paid","damage_taken":0,"relics_obtained":["Red Mask"],"max_hp_gain":0,"max_hp_loss":0,"event_name":"Tomb of Lord Red Mask","floor":39,"gold_loss":121},{"damage_healed":0,"gold_gain":0,"player_choice":"Fight","damage_taken":0,"max_hp_gain":0,"max_hp_loss":0,"event_name":"MindBloom","floor":41,"gold_loss":0},{"damage_healed":18,"gold_gain":0,"player_choice":"Writhe","damage_taken":0,"max_hp_gain":0,"max_hp_loss":0,"event_name":"Winding Halls","floor":47,"gold_loss":0,"cards_obtained":["Writhe"]}],"is_beta":true,"boss_relics":[{"not_picked":["Velvet Choker","Runic Dome"],"picked":"Cursed Key"},{"not_picked":["Ring of the Serpent","Pandora\u0027s Box"],"picked":"Fusion Hammer"}],"items_purged_floors":[19,37],"is_endless":false,"potions_floor_spawned":[4,7,11,16,22,24,31,35,38,44,48],"ascension_level":1}