{"gold_per_floor":[109,109,120,140,140,165,165,183,206,232,247,247],"floor_reached":12,"playtime":392,"items_purged":[],"score":99,"play_id":"4bc0aa43-eaf2-45fc-8e36-8f94bfdd6c26","local_time":"20190704204004","is_ascension_mode":true,"campfire_choices":[],"neow_cost":"NONE","seed_source_timestamp":620128713325200,"circlet_count":0,"master_deck":["Strike_B","Strike_B","Strike_B","Strike_B","Defend_B","Defend_B","Defend_B","Defend_B","Zap","Dualcast","Go for the Eyes","Loop"],"relics":["Cracked Core","Mercury Hourglass","Boot","Bag of Preparation","Gambling Chip"],"potions_floor_usage":[],"damage_taken":[{"damage":3,"enemies":"2 Louse","floor":1,"turns":3},{"damage":6,"enemies":"Jaw Worm","floor":3,"turns":5},{"damage":8,"enemies":"Small Slimes","floor":4,"turns":2},{"damage":21,"enemies":"3 Sentries","floor":6,"turns":6},{"damage":15,"enemies":"Exordium Thugs","floor":8,"turns":5},{"damage":16,"enemies":"Lagavulin","floor":10,"turns":6},{"damage":1,"enemies":"Blue Slaver","floor":11,"turns":3},{"damage":15,"enemies":"Exordium Wildlife","floor":12,"turns":1}],"seed_played":"3072153895223523058","potions_obtained":[{"floor":3,"key":"Ancient Potion"},{"floor":4,"key":"FocusPotion"},{"floor":7,"key":"SmokeBomb"}],"is_trial":false,"path_per_floor":["M","?","M","M","T","E","?","M","T","E","M","M"],"character_chosen":"DEFECT","items_purchased":[],"campfire_rested":0,"item_purchase_floors":[],"current_hp_per_floor":[79,79,73,65,65,44,44,29,29,13,12,0],"gold":247,"neow_bonus":"TEN_PERCENT_HP_BONUS","is_prod":false,"is_daily":false,"chose_seed":false,"campfire_upgraded":0,"win_rate":0,"timestamp":1562254804,"path_taken":["M","?","M","M","?","E","?","M","T","E","M","?"],"build_version":"2019-07-01","purchased_purges":0,"victory":false,"max_hp_per_floor":[82,82,82,82,82,82,82,82,82,82,82,82],"card_choices":[{"not_picked":["Rebound","Streamline","Ball Lightning"],"picked":"SKIP","floor":1},{"not_picked":["Steam","Hologram","Beam Cell"],"picked":"SKIP","floor":3},{"not_picked":["Beam Cell","Lockon"],"picked":"Go for the Eyes","floor":4},{"not_picked":["Turbo","Steam","Meteor Strike"],"picked":"SKIP","floor":6},{"not_picked":["Stack","Steam","Doom and Gloom"],"picked":"SKIP","floor":8},{"not_picked":["Recycle","Streamline","Rebound"],"picked":"SKIP","floor":10},{"not_picked":["Compile Driver","Chaos"],"picked":"Loop","floor":11}],"player_experience":90148,"relics_obtained":[{"floor":5,"key":"Mercury Hourglass"},{"floor":6,"key":"Boot"},{"floor":9,"key":"Bag of Preparation"},{"floor":10,"key":"Gambling Chip"}],"event_choices":[{"damage_healed":0,"gold_gain":0,"player_choice":"Ignored","damage_taken":0,"max_hp_gain":0,"max_hp_loss":0,"event_name":"Liars Game","floor":2,"gold_loss":0},{"damage_healed":0,"gold_gain":0,"player_choice":"Got Potions","damage_taken":0,"max_hp_gain":0,"max_hp_loss":0,"event_name":"Lab","floor":7,"gold_loss":0}],"is_beta":false,"boss_relics":[],"items_purged_floors":[],"is_endless":false,"potions_floor_spawned":[3,4,8,10],"killed_by":"Exordium Wildlife","ascension_level":2}