{"path_per_floor":["M","?","M","M","M","R","M","M","T","?","?","R","M","$","R","B",null,"M","M","?","M"],"character_chosen":"THE_SILENT","items_purchased":["Blur"],"gold_per_floor":[113,83,100,111,128,128,141,157,157,157,157,157,170,22,22,121,121,138,158,158,173],"floor_reached":22,"campfire_rested":2,"playtime":1214,"current_hp_per_floor":[38,38,38,38,32,57,52,48,48,48,30,55,54,54,54,6,84,59,44,44,3],"items_purged":["Strike_G"],"gold":173,"play_id":"4ec93c81-faf6-4377-ad23-6d84b08bf2e6","is_prod":false,"is_daily":false,"campfire_rituals":0,"campfire_upgraded":1,"is_hardmode":false,"path_taken":["M","?","M","M","M","R","M","M","T","?","?","R","M","$","R","BOSS","M","?","?","M","M"],"build_version":"2018-01-18-PROD4","purchased_purges":1,"victory":false,"master_deck":["Defend_G","Defend_G","Defend_G","Defend_G","Defend_G","Strike_G","Strike_G","Strike_G","Strike_G","Survivor","Neutralize","Blade Dance","Blur","Flying Knee","Poisoned Stab","Slice","Leg Sweep","Acrobatics","Blur","Wraith Form","Bouncing Flask","Dodge and Roll","Prepared"],"max_hp_per_floor":[84,84,84,84,84,84,84,84,84,84,84,84,84,84,84,84,84,84,84,84,84],"relics":["Ring of the Snake","Ice Cream","Snake Skull","The Specimen"],"campfire_meditates":0,"card_choices":[{"not_picked":["Malaise","Night Terror"],"picked":"Blade Dance"},{"not_picked":["Dodge and Roll","Predator"],"picked":"Blur"},{"not_picked":["Dodge and Roll","Predator"],"picked":"Flying Knee"},{"not_picked":["Reflex","PiercingWail"],"picked":"Poisoned Stab"},{"not_picked":["PiercingWail","Backstab"],"picked":"Slice"},{"not_picked":["Infinite Blades","Backstab"],"picked":"Leg Sweep"},{"not_picked":["Prepared","Endless Agony"],"picked":"Acrobatics"},{"not_picked":["Envenom","Phantasmal Killer"],"picked":"Wraith Form"},{"not_picked":["Flying Knee","Sucker Punch"],"picked":"Bouncing Flask"},{"not_picked":["PiercingWail","Flying Knee"],"picked":"Dodge and Roll"},{"not_picked":["Infinite Blades","Riddle With Holes"],"picked":"Prepared"}],"player_experience":49972,"potions_floor_usage":[18,19,21,22],"damage_taken":[{"damage":4,"enemies":"Blue Slaver","floor":1,"turns":7},{"damage":0,"enemies":"Cultist","floor":3,"turns":4},{"damage":0,"enemies":"Small Slimes","floor":4,"turns":5},{"damage":6,"enemies":"Exordium Wildlife","floor":5,"turns":3},{"damage":5,"enemies":"Large Slime","floor":7,"turns":8},{"damage":4,"enemies":"2 Fungi Beasts","floor":8,"turns":4},{"damage":1,"enemies":"3 Louse","floor":13,"turns":6},{"damage":48,"enemies":"The Guardian","floor":16,"turns":22},{"damage":25,"enemies":"Spheric Guardian","floor":18,"turns":10},{"damage":15,"enemies":"3 Byrds","floor":19,"turns":8},{"damage":41,"enemies":"Sentry and Sphere","floor":21,"turns":8},{"damage":6,"enemies":"Snecko","floor":22,"turns":2}],"event_choices":[{"event_name":"World of Goop","player_choice":"Left","floor":2,"damage_taken":0},{"event_name":"Living Wall","player_choice":"Grow","floor":10,"damage_taken":0},{"event_name":"Scrap Ooze","player_choice":"success","floor":11,"damage_taken":18},{"event_name":"Back to Basics","player_choice":"Simplicity","floor":20,"damage_taken":0}],"boss_relics":[{"not_picked":["Eternal Feather","Calling Bell"],"picked":"The Specimen"}],"potions_floor_spawned":[1,3,4,5,19],"seed_played":"5006912149036218099","killed_by":"Snecko","is_trial":false}