{"gold_per_floor":[109,19,38,38,51,51,51,51,78,90,90,116,116,48,48,48],"floor_reached":16,"playtime":503,"items_purged":[],"score":108,"play_id":"626f93ea-106a-47d9-bdee-c8256df60c64","local_time":"20181226015015","is_ascension_mode":true,"campfire_choices":[{"data":"Crippling Poison","floor":6,"key":"SMITH"},{"data":"Cloak And Dagger","floor":11,"key":"SMITH"},{"data":"Accuracy","floor":13,"key":"SMITH"},{"data":"Infinite Blades","floor":15,"key":"SMITH"}],"neow_cost":"NONE","seed_source_timestamp":123574277978807,"circlet_count":0,"master_deck":["Defend_G","Defend_G","Defend_G","Defend_G","Defend_G","Strike_G","Strike_G","Strike_G","Strike_G","Survivor","Neutralize","Heel Hook","Accuracy+1","Sucker Punch","Crippling Poison+1","Heel Hook","Regret","Cloak And Dagger+1","Infinite Blades+1","Noxious Fumes"],"relics":["Ring of the Snake","Mummified Hand","Regal Pillow","Snake Skull","Smiling Mask"],"potions_floor_usage":[16],"damage_taken":[{"damage":1,"enemies":"Cultist","floor":1,"turns":4},{"damage":0,"enemies":"2 Louse","floor":3,"turns":4},{"damage":7,"enemies":"Jaw Worm","floor":5,"turns":4},{"damage":11,"enemies":"2 Fungi Beasts","floor":10,"turns":3},{"damage":17,"enemies":"Lagavulin","floor":12,"turns":6},{"damage":27,"enemies":"The Guardian","floor":16,"turns":7}],"seed_played":"3337238962084170330","potions_obtained":[{"floor":3,"key":"GamblersBrew"},{"floor":5,"key":"LiquidBronze"}],"is_trial":false,"path_per_floor":["M","$","M","?","M","R","?","?","T","M","R","E","R","$","R","B"],"character_chosen":"THE_SILENT","items_purchased":["Accuracy","Sucker Punch","Noxious Fumes"],"campfire_rested":0,"item_purchase_floors":[2,2,14],"current_hp_per_floor":[76,76,76,69,62,62,62,55,55,44,44,27,27,27,27,0],"gold":48,"neow_bonus":"TEN_PERCENT_HP_BONUS","is_prod":false,"is_daily":false,"chose_seed":false,"campfire_upgraded":4,"win_rate":0,"timestamp":1545776415,"path_taken":["M","$","M","?","M","R","?","?","T","M","R","E","R","$","R","BOSS"],"build_version":"2018-12-20","purchased_purges":0,"victory":false,"max_hp_per_floor":[77,77,77,77,77,77,77,77,77,77,77,77,77,77,77,77],"card_choices":[{"not_picked":["Quick Slash","Predator"],"picked":"Heel Hook","floor":1},{"not_picked":["Concentrate","Sucker Punch"],"picked":"Crippling Poison","floor":3},{"not_picked":["Acrobatics","Slice"],"picked":"Heel Hook","floor":5},{"not_picked":["Sucker Punch","Dagger Spray"],"picked":"Cloak And Dagger","floor":10},{"not_picked":["Sucker Punch","All Out Attack"],"picked":"Infinite Blades","floor":12}],"player_experience":196271,"relics_obtained":[{"floor":9,"key":"Snake Skull"},{"floor":12,"key":"Smiling Mask"}],"event_choices":[{"cards_removed":["Strike_G"],"damage_healed":0,"gold_gain":0,"player_choice":"Card Removal","damage_taken":7,"max_hp_gain":0,"max_hp_loss":0,"event_name":"Golden Wing","floor":4,"gold_loss":0},{"damage_healed":0,"gold_gain":0,"player_choice":"Box","damage_taken":0,"relics_obtained":["Mummified Hand"],"max_hp_gain":0,"max_hp_loss":0,"event_name":"Big Fish","floor":7,"gold_loss":0,"cards_obtained":["Regret"]},{"damage_healed":0,"gold_gain":0,"player_choice":"Success","damage_taken":7,"relics_obtained":["Regal Pillow"],"max_hp_gain":0,"max_hp_loss":0,"event_name":"Scrap Ooze","floor":8,"gold_loss":0}],"is_beta":true,"boss_relics":[],"items_purged_floors":[],"is_endless":false,"potions_floor_spawned":[3,5],"killed_by":"The Guardian","ascension_level":2}