{"gold_per_floor":[115,80,95,23,38,38,113,124,175,175,195,195,195,212,212,312,312,330,330,346,362,208,208,208],"floor_reached":24,"playtime":1208,"items_purged":["Strike_G"],"score":226,"play_id":"9025e506-ffc4-44f3-b4e5-9e39a8ee1a61","local_time":"20190722010317","is_ascension_mode":true,"campfire_choices":[{"data":"Cloak And Dagger","floor":6,"key":"SMITH"},{"data":"Footwork","floor":10,"key":"SMITH"},{"data":"Accuracy","floor":12,"key":"SMITH"},{"data":"Blade Dance","floor":15,"key":"SMITH"},{"floor":23,"key":"REST"}],"neow_cost":"NONE","seed_source_timestamp":914851775691400,"circlet_count":0,"master_deck":["Strike_G","Strike_G","Strike_G","Strike_G","Defend_G","Defend_G","Defend_G","Defend_G","Defend_G","Survivor","Neutralize","Cloak And Dagger+1","Accuracy+1","Blur","Footwork+1","Dodge and Roll","Blade Dance+1","Night Terror","J.A.X.","Distraction","Cloak And Dagger","Deflect"],"relics":["Ring of the Snake","Vajra","Bag of Marbles","Sozu"],"potions_floor_usage":[],"damage_taken":[{"damage":0,"enemies":"Small Slimes","floor":1,"turns":3},{"damage":2,"enemies":"Jaw Worm","floor":3,"turns":6},{"damage":0,"enemies":"Cultist","floor":5,"turns":5},{"damage":7,"enemies":"Red Slaver","floor":8,"turns":8},{"damage":2,"enemies":"Looter","floor":11,"turns":5},{"damage":0,"enemies":"Exordium Thugs","floor":14,"turns":4},{"damage":23,"enemies":"Hexaghost","floor":16,"turns":14},{"damage":4,"enemies":"3 Byrds","floor":18,"turns":8},{"damage":30,"enemies":"2 Thieves","floor":20,"turns":5},{"damage":17,"enemies":"Snecko","floor":21,"turns":9},{"damage":0,"enemies":"Centurion and Healer","floor":24,"turns":1}],"seed_played":"-5631513892560229787","potions_obtained":[{"floor":3,"key":"Energy Potion"},{"floor":8,"key":"Dexterity Potion"},{"floor":11,"key":"GamblersBrew"}],"is_trial":false,"path_per_floor":["M","$","M","$","M","R","?","M","T","R","M","R","?","M","R","B",null,"M","?","M","M","$","R","M"],"character_chosen":"THE_SILENT","items_purchased":["Accuracy","Footwork","Cloak And Dagger","Deflect"],"campfire_rested":1,"item_purchase_floors":[2,4,22,22],"current_hp_per_floor":[77,77,75,75,75,75,64,57,57,57,55,55,43,43,43,20,77,73,73,43,26,26,49,49],"gold":208,"neow_bonus":"TEN_PERCENT_HP_BONUS","is_prod":false,"is_daily":false,"chose_seed":false,"campfire_upgraded":4,"win_rate":0,"timestamp":1563739397,"path_taken":["M","$","M","$","M","R","?","M","T","R","M","R","?","M","R","BOSS","M","?","M","M","$","R","M"],"build_version":"2019-07-17","purchased_purges":1,"victory":false,"max_hp_per_floor":[77,77,77,77,77,77,77,77,77,77,77,77,77,77,77,77,77,77,77,77,77,77,77,77],"card_choices":[{"not_picked":["Flying Knee","Leg Sweep"],"picked":"Cloak And Dagger","floor":1},{"not_picked":["Flechettes","Concentrate"],"picked":"Blur","floor":3},{"not_picked":["Distraction","Outmaneuver","Predator"],"picked":"SKIP","floor":5},{"not_picked":["Sucker Punch","Flying Knee"],"picked":"Dodge and Roll","floor":8},{"not_picked":["Caltrops","Masterful Stab","Unload"],"picked":"SKIP","floor":11},{"not_picked":["Dagger Throw","Endless Agony"],"picked":"Blade Dance","floor":14},{"not_picked":["Envenom","Storm of Steel"],"picked":"Night Terror","floor":16},{"not_picked":["Catalyst+1","Setup","Quick Slash+1"],"picked":"SKIP","floor":18},{"not_picked":["Crippling Poison","Heel Hook","Leg Sweep+1"],"picked":"SKIP","floor":20},{"not_picked":["Heel Hook","Outmaneuver"],"picked":"Distraction","floor":21}],"player_experience":155167,"relics_obtained":[{"floor":9,"key":"Vajra"}],"event_choices":[{"damage_healed":0,"gold_gain":75,"player_choice":"Gather Gold","damage_taken":11,"max_hp_gain":0,"max_hp_loss":0,"event_name":"World of Goop","floor":7,"gold_loss":0},{"damage_healed":0,"gold_gain":0,"player_choice":"Success","damage_taken":12,"relics_obtained":["Bag of Marbles"],"max_hp_gain":0,"max_hp_loss":0,"event_name":"Scrap Ooze","floor":13,"gold_loss":0},{"damage_healed":0,"gold_gain":0,"player_choice":"Obtain J.A.X.","damage_taken":0,"max_hp_gain":0,"max_hp_loss":0,"event_name":"Drug Dealer","floor":19,"gold_loss":0,"cards_obtained":["J.A.X."]}],"is_beta":false,"boss_relics":[{"not_picked":["Coffee Dripper","Orrery"],"picked":"Sozu"}],"items_purged_floors":[22],"is_endless":false,"potions_floor_spawned":[3,8,11,18,21],"killed_by":"Centurion and Healer","ascension_level":4}