{"gold_per_floor":[119,26,37,56,68,68,78,78,78,78,109,109,142,162,162,259,259,273,241,241,261,276,276,276],"floor_reached":24,"playtime":1415,"items_purged":[],"score":221,"play_id":"6014d695-eaab-4cc5-b098-29c2a79118ec","local_time":"20181226014113","is_ascension_mode":true,"campfire_choices":[{"data":"Inflame","floor":6,"key":"SMITH"},{"data":"Flex","floor":8,"key":"SMITH"},{"data":"Seeing Red","floor":12,"key":"SMITH"},{"data":"Corruption","floor":15,"key":"SMITH"},{"data":"Dark Embrace","floor":23,"key":"SMITH"}],"neow_cost":"NONE","seed_source_timestamp":122121181853982,"circlet_count":0,"master_deck":["Strike_R","Strike_R","Strike_R","Strike_R","Strike_R","Defend_R","Defend_R","Defend_R","Defend_R","Bash","Power Through","Inflame+1","Flex+1","Clothesline","Disarm","Thunderclap","Seeing Red+1","Reaper","Corruption+1","Anger","Dark Embrace+1","Cleave","Evolve","Bloodletting+1","Armaments+1"],"relics":["Burning Blood","Dodecahedron","Meat on the Bone","Darkstone Periapt","Orichalcum","Velvet Choker"],"potions_floor_usage":[5,5,13,14,24],"damage_taken":[{"damage":9,"enemies":"Small Slimes","floor":1,"turns":4},{"damage":10,"enemies":"Jaw Worm","floor":3,"turns":4},{"damage":5,"enemies":"Cultist","floor":4,"turns":4},{"damage":1,"enemies":"2 Fungi Beasts","floor":5,"turns":5},{"damage":15,"enemies":"Blue Slaver","floor":7,"turns":4},{"damage":31,"enemies":"Lagavulin","floor":11,"turns":5},{"damage":27,"enemies":"3 Sentries","floor":13,"turns":5},{"damage":9,"enemies":"Red Slaver","floor":14,"turns":3},{"damage":10,"enemies":"Hexaghost","floor":16,"turns":11},{"damage":4,"enemies":"3 Byrds","floor":18,"turns":6},{"damage":26,"enemies":"2 Thieves","floor":19,"turns":5},{"damage":34,"enemies":"Snake Plant","floor":21,"turns":6},{"damage":55,"enemies":"Sentry and Sphere","floor":22,"turns":6},{"damage":61,"enemies":"Slavers","floor":24,"turns":4}],"seed_played":"-9142134364320110402","potions_obtained":[{"floor":1,"key":"EssenceOfSteel"},{"floor":3,"key":"SkillPotion"},{"floor":11,"key":"Explosive Potion"},{"floor":13,"key":"Energy Potion"},{"floor":16,"key":"Regen Potion"},{"floor":21,"key":"SteroidPotion"}],"is_trial":false,"path_per_floor":["M","$","M","M","M","R","M","R","T","?","E","R","E","M","R","B",null,"M","M","?","M","M","R","E"],"character_chosen":"IRONCLAD","items_purchased":["Inflame","Flex"],"campfire_rested":0,"item_purchase_floors":[2,2],"current_hp_per_floor":[85,85,81,82,87,87,78,78,78,75,62,62,62,67,67,70,88,88,78,78,54,25,25,0],"gold":276,"neow_bonus":"TEN_PERCENT_HP_BONUS","is_prod":false,"is_daily":false,"chose_seed":false,"campfire_upgraded":5,"win_rate":0,"timestamp":1545775873,"path_taken":["M","$","M","M","M","R","M","R","T","?","E","R","E","M","R","BOSS","M","M","?","M","M","R","E"],"build_version":"2018-12-20","purchased_purges":0,"victory":false,"max_hp_per_floor":[88,88,88,88,88,88,88,88,88,88,88,88,88,88,88,88,88,88,88,88,88,88,88,88],"card_choices":[{"not_picked":["Wild Strike","Clothesline"],"picked":"Power Through","floor":1},{"not_picked":["Ghostly Armor","Twin Strike"],"picked":"Clothesline","floor":3},{"not_picked":["Uppercut","Armaments"],"picked":"Disarm","floor":4},{"not_picked":["Infernal Blade","Second Wind"],"picked":"Thunderclap","floor":5},{"not_picked":["Rupture","Heavy Blade"],"picked":"Seeing Red","floor":7},{"not_picked":["Warcry","Second Wind"],"picked":"Reaper","floor":11},{"not_picked":["Metallicize","Dual Wield"],"picked":"Corruption","floor":13},{"not_picked":["Pommel Strike","Reckless Charge"],"picked":"Anger","floor":14},{"not_picked":["Barricade","Brutality"],"picked":"Dark Embrace","floor":16},{"not_picked":["Havoc","Armaments"],"picked":"Cleave","floor":18},{"not_picked":["Whirlwind","Havoc"],"picked":"Evolve","floor":19},{"not_picked":["True Grit","Second Wind+1"],"picked":"Bloodletting+1","floor":21},{"not_picked":["True Grit","Flex"],"picked":"Armaments+1","floor":22}],"player_experience":194856,"relics_obtained":[{"floor":9,"key":"Dodecahedron"},{"floor":11,"key":"Darkstone Periapt"},{"floor":13,"key":"Orichalcum"}],"event_choices":[{"damage_healed":0,"gold_gain":0,"player_choice":"Success","damage_taken":3,"relics_obtained":["Meat on the Bone"],"max_hp_gain":0,"max_hp_loss":0,"event_name":"Scrap Ooze","floor":10,"gold_loss":0},{"damage_healed":0,"gold_gain":0,"player_choice":"Ignored","damage_taken":0,"max_hp_gain":0,"max_hp_loss":0,"event_name":"Ghosts","floor":20,"gold_loss":0}],"is_beta":true,"boss_relics":[{"not_picked":["Busted Crown","Coffee Dripper"],"picked":"Velvet Choker"}],"items_purged_floors":[],"is_endless":false,"potions_floor_spawned":[1,3,11,13,16,21],"killed_by":"Slavers","ascension_level":1}