{"path_per_floor":["M","M","M","M","$","E","?","?","T","M","M","M","R","M","R","B",null,"M","M"],"character_chosen":"IRONCLAD","items_purchased":["Power Through","Headbutt"],"gold_per_floor":[114,130,149,166,4,29,29,29,54,73,83,99,99,115,115,214,244,263,229,229],"floor_reached":20,"campfire_rested":1,"playtime":1298,"item_purchase_floors":[],"current_hp_per_floor":[45,46,52,49,49,40,22,22,22,17,20,21,47,55,55,23,92,73,65,67],"items_purged":["Defend_R"],"gold":229,"score":180,"play_id":"cfe0c5bd-e029-48a7-b885-780041b66e0e","local_time":"20180622000829","is_prod":false,"is_daily":false,"chose_seed":false,"is_ascension_mode":false,"campfire_upgraded":1,"win_rate":0,"timestamp":1529640509,"campfire_choices":[{"floor":13.0,"key":"REST"},{"data":"Evolve","floor":15.0,"key":"SMITH"}],"path_taken":["M","M","M","M","$","E","?","?","T","M","M","M","R","M","R","BOSS","M","M","?"],"build_version":"2018-06-21","seed_source_timestamp":0,"purchased_purges":1,"circlet_count":0,"victory":false,"master_deck":["Strike_R","Strike_R","Strike_R+1","Defend_R","Defend_R","Defend_R","Bash","Rampage","Seeing Red","Shrug It Off","Ghostly Armor","Power Through","Headbutt","Flex+1","Twin Strike","Evolve+1","Rampage","Power Through","Warcry","Demon Form","Inflame","Twin Strike+1"],"max_hp_per_floor":[80,80,80,80,80,80,87,87,87,87,87,87,87,87,87,87,92,92,92,92],"special_seed":0,"relics":["Burning Blood","Blood Vial","Strawberry","Dream Catcher","Tiny House"],"card_choices":[{"not_picked":["Rupture","Clash"],"picked":"Rampage","floor":1.0},{"not_picked":["Warcry","Anger"],"picked":"Seeing Red","floor":2.0},{"not_picked":["Perfected Strike","Thunderclap"],"picked":"Shrug It Off","floor":3.0},{"not_picked":["Headbutt","Battle Trance"],"picked":"Ghostly Armor","floor":4.0},{"not_picked":["Iron Wave","Perfected Strike"],"picked":"Flex","floor":6.0},{"not_picked":["Perfected Strike","Feed"],"picked":"Twin Strike","floor":10.0},{"not_picked":["True Grit","Thunderclap"],"picked":"Evolve","floor":11.0},{"not_picked":["Iron Wave","Body Slam"],"picked":"Rampage","floor":12.0},{"not_picked":["Iron Wave","Cleave"],"picked":"Power Through","floor":13.0},{"not_picked":["True Grit","Body Slam"],"picked":"Warcry","floor":14.0},{"not_picked":["Offering","Impervious"],"picked":"Demon Form","floor":16.0},{"not_picked":["Wild Strike+1","Pummel"],"picked":"Inflame","floor":18.0},{"not_picked":["Power Through","Shockwave"],"picked":"Twin Strike+1","floor":19}],"player_experience":117825,"potions_floor_usage":[],"damage_taken":[{"damage":1.0,"enemies":"Jaw Worm","floor":1.0,"turns":5.0},{"damage":5.0,"enemies":"2 Louse","floor":2.0,"turns":3.0},{"damage":0.0,"enemies":"Small Slimes","floor":3.0,"turns":3.0},{"damage":9.0,"enemies":"Exordium Wildlife","floor":4.0,"turns":6.0},{"damage":15.0,"enemies":"Gremlin Nob","floor":6.0,"turns":6.0},{"damage":13.0,"enemies":"Gremlin Gang","floor":10.0,"turns":5.0},{"damage":5.0,"enemies":"Looter","floor":11.0,"turns":3.0},{"damage":7.0,"enemies":"2 Fungi Beasts","floor":12.0,"turns":4.0},{"damage":0.0,"enemies":"Red Slaver","floor":14.0,"turns":4.0},{"damage":40.0,"enemies":"Hexaghost","floor":16.0,"turns":13.0},{"damage":25.0,"enemies":"3 Byrds","floor":18.0,"turns":7.0},{"damage":16.0,"enemies":"2 Thieves","floor":19.0,"turns":5.0},{"damage":0,"enemies":"Snecko","floor":20,"turns":2}],"relics_obtained":[{"floor":6.0,"key":"Blood Vial"},{"floor":9.0,"key":"Dream Catcher"}],"event_choices":[{"event_name":"Scrap Ooze","player_choice":"success","floor":7.0,"damage_taken":25.0},{"event_name":"Living Wall","player_choice":"Grow","floor":8.0,"damage_taken":0.0}],"boss_relics":[{"not_picked":["Eternal Feather","Runic Dome"],"picked":"Tiny House"}],"items_purged_floors":[],"is_endless":false,"potions_floor_spawned":[1,4,16,18],"seed_played":"-2471102201018462131","killed_by":"Snecko","ascension_level":0,"potions_obtained":[{"floor":1.0,"key":"SpeedPotion"},{"floor":4.0,"key":"Swift Potion"},{"floor":16.0,"key":"Poison Potion"},{"floor":17.0,"key":"SpeedPotion"},{"floor":18.0,"key":"PowerPotion"}],"is_trial":false}