{"gold_per_floor":[117,292,36,36,49,81,81,111,111,122,22,22],"floor_reached":12,"playtime":479,"items_purged":["Doubt","Strike_G"],"score":117,"play_id":"65ca00d3-813e-49ca-ae4d-1506baf36be3","local_time":"20190725220123","is_ascension_mode":true,"campfire_choices":[{"data":"Leg Sweep","floor":7,"key":"SMITH"}],"neow_cost":"NONE","seed_source_timestamp":3108261287841500,"circlet_count":0,"master_deck":["Strike_G","Strike_G","Strike_G","Strike_G","Defend_G","Defend_G","Defend_G","Defend_G","Survivor","Neutralize","Acrobatics","Bouncing Flask","Leg Sweep+1","Malaise","Prepared","Catalyst"],"relics":["Ring of the Snake","NeowsBlessing","Blood Vial","Pear","Pantograph","Regal Pillow"],"potions_floor_usage":[8],"damage_taken":[{"damage":0,"enemies":"Small Slimes","floor":1,"turns":1},{"damage":0,"enemies":"2 Louse","floor":5,"turns":1},{"damage":0,"enemies":"3 Sentries","floor":6,"turns":2},{"damage":25,"enemies":"Gremlin Nob","floor":8,"turns":4},{"damage":8,"enemies":"Cultist","floor":10,"turns":4},{"damage":51,"enemies":"3 Sentries","floor":12,"turns":10}],"seed_played":"-6729133287637315001","potions_obtained":[{"floor":6,"key":"AttackPotion"}],"is_trial":false,"path_per_floor":["M","?","$","?","M","E","R","E","T","M","$","E"],"character_chosen":"THE_SILENT","items_purchased":["Bouncing Flask","Blood Vial"],"campfire_rested":0,"item_purchase_floors":[3,3],"current_hp_per_floor":[70,70,70,63,65,77,77,54,54,48,48,0],"gold":22,"neow_bonus":"THREE_ENEMY_KILL","is_prod":false,"is_daily":false,"chose_seed":false,"campfire_upgraded":1,"win_rate":0,"timestamp":1564117283,"path_taken":["M","?","$","?","M","E","R","E","T","M","$","E"],"build_version":"2019-07-17","purchased_purges":2,"victory":false,"max_hp_per_floor":[70,70,70,70,70,80,80,80,80,80,80,80],"card_choices":[{"not_picked":["Bane","Catalyst"],"picked":"Acrobatics","floor":1},{"not_picked":["Underhanded Strike","Bouncing Flask"],"picked":"Leg Sweep","floor":5},{"not_picked":["All Out Attack","Flechettes"],"picked":"Malaise","floor":6},{"not_picked":["Predator","Slice"],"picked":"Prepared","floor":8},{"not_picked":["Flechettes","Setup"],"picked":"Catalyst","floor":10}],"player_experience":87254,"relics_obtained":[{"floor":6,"key":"Pear"},{"floor":8,"key":"Pantograph"},{"floor":9,"key":"Regal Pillow"}],"event_choices":[{"damage_healed":0,"gold_gain":175,"player_choice":"AGREE","damage_taken":0,"max_hp_gain":0,"max_hp_loss":0,"event_name":"Liars Game","floor":2,"gold_loss":0,"cards_obtained":["Doubt"]},{"cards_removed":["Defend_G"],"damage_healed":0,"gold_gain":0,"player_choice":"Card Removal","damage_taken":7,"max_hp_gain":0,"max_hp_loss":0,"event_name":"Golden Wing","floor":4,"gold_loss":0}],"is_beta":false,"boss_relics":[],"items_purged_floors":[3,11],"is_endless":false,"potions_floor_spawned":[6],"killed_by":"3 Sentries","ascension_level":1}