{"gold_per_floor":[113,113,18,35,1,1,33,48,71,71,91,46,66,66],"floor_reached":14,"playtime":593,"items_purged":[],"score":95,"play_id":"4091dfd1-697f-4034-a22e-4f6ba8326331","local_time":"20181019005436","is_ascension_mode":true,"campfire_choices":[{"data":"Bandage Up","floor":6.0,"key":"SMITH"},{"data":"Infinite Blades","floor":10.0,"key":"SMITH"}],"neow_cost":"PERCENT_DAMAGE","seed_source_timestamp":0,"circlet_count":0,"master_deck":["Defend_G","Defend_G","Defend_G","Defend_G","Defend_G","Strike_G","Strike_G","Strike_G","Strike_G","Strike_G","Survivor","Neutralize","Noxious Fumes+1","Bandage Up+1","Outmaneuver","Caltrops","Infinite Blades+1","Well Laid Plans","Deflect","Outmaneuver","Noxious Fumes"],"special_seed":0,"relics":["Ring of the Snake","Bird Faced Urn","Omamori","Regal Pillow"],"potions_floor_usage":[],"damage_taken":[{"damage":0.0,"enemies":"2 Louse","floor":1.0,"turns":4.0},{"damage":0.0,"enemies":"Cultist","floor":4.0,"turns":4.0},{"damage":22.0,"enemies":"3 Sentries","floor":7.0,"turns":6.0},{"damage":0.0,"enemies":"Jaw Worm","floor":8.0,"turns":5.0},{"damage":7.0,"enemies":"Red Slaver","floor":11.0,"turns":5.0},{"damage":9.0,"enemies":"Looter","floor":12.0,"turns":5.0},{"damage":28.0,"enemies":"Exordium Wildlife","floor":13.0,"turns":5.0},{"damage":3,"enemies":"Large Slime","floor":14,"turns":3}],"seed_played":"-5317765636406866048","potions_obtained":[{"floor":1.0,"key":"Energy Potion"},{"floor":4.0,"key":"Strength Potion"},{"floor":11.0,"key":"SkillPotion"}],"is_trial":false,"path_per_floor":["M","?","$","M","$","R","E","M","T","R","M","M","M"],"character_chosen":"THE_SILENT","items_purchased":["Bandage Up","Caltrops"],"campfire_rested":0,"item_purchase_floors":[3,5],"current_hp_per_floor":[49,49,49,55,55,55,43,55,55,55,62,65,46,49],"gold":66,"neow_bonus":"ONE_RARE_RELIC","is_prod":false,"is_daily":false,"chose_seed":false,"campfire_upgraded":2,"win_rate":0,"timestamp":1539897876,"path_taken":["M","?","$","M","?","R","E","M","T","R","?","M","M","M"],"build_version":"2018-10-18","purchased_purges":0,"victory":false,"max_hp_per_floor":[70,70,70,70,70,70,70,70,70,70,70,70,70,70],"card_choices":[{"not_picked":["Blade Dance","Choke"],"picked":"Noxious Fumes","floor":1.0},{"not_picked":["Slice","Acrobatics"],"picked":"Outmaneuver","floor":4.0},{"not_picked":["Backstab","Blade Dance"],"picked":"Infinite Blades","floor":7.0},{"not_picked":["Acrobatics","Dagger Spray"],"picked":"Well Laid Plans","floor":8.0},{"not_picked":["Concentrate","Backstab"],"picked":"Deflect","floor":11.0},{"not_picked":["Concentrate","Sucker Punch"],"picked":"Outmaneuver","floor":12.0},{"not_picked":["PiercingWail","Heel Hook"],"picked":"Noxious Fumes","floor":13}],"player_experience":140398,"relics_obtained":[{"floor":7.0,"key":"Omamori"},{"floor":9.0,"key":"Regal Pillow"}],"event_choices":[{"event_name":"Living Wall","player_choice":"Grow","floor":2.0,"damage_taken":0.0}],"is_beta":true,"boss_relics":[],"items_purged_floors":[],"is_endless":false,"potions_floor_spawned":[1,4,11],"killed_by":"Large Slime","ascension_level":1}