{"gold_per_floor":[14,14,14,30,49,49,66,66,90,108,122,122,134,145,145,246,246,260,36,36,136,136,136,151,151,232,249,281,295,329,254,254,351,351,368,378,395,218,238,238,248,348,348,378,378,389,149,149,149,149],"floor_reached":51,"playtime":1845,"items_purged":["Strike_R","Strike_R"],"score":736,"play_id":"3c4f5ed9-cb85-4b6a-9366-64d2765545ba","local_time":"20190212193014","is_ascension_mode":false,"campfire_choices":[{"data":"Limit Break","floor":6.0,"key":"SMITH"},{"data":"Uppercut","floor":8.0,"key":"SMITH"},{"data":"Whirlwind","floor":12.0,"key":"SMITH"},{"data":"Shrug It Off","floor":15.0,"key":"SMITH"},{"data":"Immolate","floor":23.0,"key":"SMITH"},{"data":"Immolate","floor":25.0,"key":"SMITH"},{"data":"1","floor":32,"key":"LIFT"},{"data":"2","floor":40,"key":"LIFT"},{"data":"3","floor":45,"key":"LIFT"},{"data":"Demon Form","floor":49,"key":"SMITH"}],"neow_cost":"NO_GOLD","seed_source_timestamp":109979468150648,"circlet_count":0,"master_deck":["Strike_R","Strike_R","Defend_R","Defend_R","Defend_R","Defend_R","Bash","Limit Break+1","Battle Trance","Whirlwind+1","Headbutt","Uppercut+1","Entrench","Shrug It Off+1","Immolate+1","Clothesline","Immolate+1","Heavy Blade","Corruption","Entrench","Inflame","Demon Form+1","Sentinel+1","Impervious","Flame Barrier"],"special_seed":0,"relics":["Burning Blood","Bronze Scales","Snecko Eye","DollysMirror","Du-Vu Doll","Letter Opener","Matryoshka","Oddly Smooth Stone","The Courier","Girya","Dead Branch","Runic Cube","Ice Cream","Vajra","Boot","Peace Pipe","Chemical X"],"potions_floor_usage":[30,44,50],"damage_taken":[{"damage":5.0,"enemies":"Cultist","floor":1.0,"turns":4.0},{"damage":9.0,"enemies":"Small Slimes","floor":4.0,"turns":4.0},{"damage":0.0,"enemies":"2 Louse","floor":5.0,"turns":1.0},{"damage":4.0,"enemies":"Blue Slaver","floor":7.0,"turns":3.0},{"damage":6.0,"enemies":"Exordium Thugs","floor":10.0,"turns":3.0},{"damage":7.0,"enemies":"3 Louse","floor":11.0,"turns":3.0},{"damage":9.0,"enemies":"2 Fungi Beasts","floor":13.0,"turns":1.0},{"damage":10.0,"enemies":"Exordium Thugs","floor":14.0,"turns":3.0},{"damage":52.0,"enemies":"Hexaghost","floor":16.0,"turns":12.0},{"damage":0.0,"enemies":"3 Byrds","floor":18.0,"turns":2.0},{"damage":0.0,"enemies":"Colosseum Slavers","floor":21.0,"turns":2.0},{"damage":7.0,"enemies":"Colosseum Nobs","floor":21.0,"turns":3.0},{"damage":9.0,"enemies":"Shell Parasite","floor":24.0,"turns":3.0},{"damage":12.0,"enemies":"Shelled Parasite and Fungi","floor":27.0,"turns":3.0},{"damage":23.0,"enemies":"Book of Stabbing","floor":28.0,"turns":5.0},{"damage":0.0,"enemies":"3 Cultists","floor":29.0,"turns":2.0},{"damage":7,"enemies":"Slavers","floor":30,"turns":2},{"damage":21,"enemies":"Collector","floor":33,"turns":5},{"damage":1,"enemies":"Orb Walker","floor":35,"turns":2},{"damage":11,"enemies":"3 Darklings","floor":36,"turns":3},{"damage":15,"enemies":"Writhing Mass","floor":37,"turns":3},{"damage":6,"enemies":"Sphere and 2 Shapes","floor":39,"turns":2},{"damage":0,"enemies":"4 Shapes","floor":41,"turns":2},{"damage":0,"enemies":"Mind Bloom Boss Battle","floor":42,"turns":4},{"damage":9,"enemies":"Giant Head","floor":44,"turns":5},{"damage":6,"enemies":"Spire Growth","floor":46,"turns":3},{"damage":48,"enemies":"Awakened One","floor":50,"turns":6}],"seed_played":"850915413801683739","potions_obtained":[{"floor":4.0,"key":"Energy Potion"},{"floor":7.0,"key":"Fire Potion"},{"floor":10.0,"key":"FearPotion"},{"floor":13.0,"key":"Regen Potion"},{"floor":16.0,"key":"GamblersBrew"},{"floor":24.0,"key":"Fire Potion"},{"floor":27.0,"key":"Explosive Potion"},{"floor":29.0,"key":"SteroidPotion"},{"floor":35,"key":"GamblersBrew"},{"floor":44,"key":"Dexterity Potion"},{"floor":46,"key":"BloodPotion"}],"is_trial":false,"path_per_floor":["M","$","$","M","M","R","M","R","T","M","M","R","M","M","R","B",null,"M","$","?","?","T","R","M","R","T","M","E","M","E","?","R","B",null,"M","M","M","$","M","R","M","?","T","E","R","M","$","?","R","B",null],"character_chosen":"IRONCLAD","items_purchased":["Clothesline","DollysMirror","Impervious","Chemical X"],"campfire_rested":0,"item_purchase_floors":[19,19,38,47],"current_hp_per_floor":[80,80,80,77,80,80,80,80,80,80,79,79,76,72,72,26,80,80,80,80,79,79,79,76,76,76,70,53,59,58,58,58,43,80,80,75,66,66,66,66,72,78,78,75,75,75,75,75,75,33],"gold":149,"neow_bonus":"THREE_RARE_CARDS","is_prod":false,"is_daily":false,"chose_seed":false,"campfire_upgraded":7,"win_rate":0,"timestamp":1549987214,"path_taken":["M","?","$","M","M","R","M","R","T","M","?","R","?","M","R","BOSS","M","$","?","?","?","R","M","R","T","M","E","?","E","?","R","BOSS","M","M","M","$","M","R","M","?","T","E","R","M","$","?","R","BOSS"],"build_version":"2019-02-06","purchased_purges":2,"victory":true,"max_hp_per_floor":[80,80,80,80,80,80,80,80,80,80,80,80,80,80,80,80,80,80,80,80,80,80,80,80,80,80,80,80,80,80,80,80,80,80,80,80,80,80,80,80,80,80,80,80,80,80,80,76,76,76],"card_choices":[{"not_picked":["Dark Embrace","Bludgeon"],"picked":"Limit Break","floor":0.0},{"not_picked":["Sword Boomerang","Clothesline"],"picked":"Battle Trance","floor":1.0},{"not_picked":["Clash","Havoc"],"picked":"Whirlwind","floor":4.0},{"not_picked":["Battle Trance","Anger"],"picked":"Headbutt","floor":5.0},{"not_picked":["Warcry","Armaments"],"picked":"Uppercut","floor":7.0},{"not_picked":["Body Slam","Blood for Blood","Iron Wave"],"picked":"SKIP","floor":10.0},{"not_picked":["Sword Boomerang","Searing Blow","Havoc"],"picked":"SKIP","floor":11.0},{"not_picked":["Clash","Uppercut"],"picked":"Entrench","floor":13.0},{"not_picked":["Body Slam","Sword Boomerang"],"picked":"Shrug It Off","floor":14.0},{"not_picked":["Brutality","Fiend Fire"],"picked":"Immolate","floor":16.0},{"not_picked":["Anger","Thunderclap+1","Rupture+1"],"picked":"SKIP","floor":18.0},{"not_picked":["Dropkick","Warcry"],"picked":"Corruption","floor":24.0},{"not_picked":["Headbutt","Twin Strike","Body Slam"],"picked":"SKIP","floor":27.0},{"not_picked":["Spot Weakness","Power Through","Shrug It Off"],"picked":"SKIP","floor":28.0},{"not_picked":["Pommel Strike","Iron Wave"],"picked":"Entrench","floor":29.0},{"not_picked":["Reckless Charge+1","Metallicize+1"],"picked":"Inflame","floor":30},{"not_picked":["Bludgeon","Barricade"],"picked":"Demon Form","floor":33},{"not_picked":["Anger","Clash"],"picked":"Sentinel+1","floor":35},{"not_picked":["Havoc","Iron Wave+1","Anger+1"],"picked":"SKIP","floor":36},{"not_picked":["True Grit+1","Headbutt+1","Anger+1"],"picked":"SKIP","floor":37},{"not_picked":["Flex","Wild Strike+1","Thunderclap"],"picked":"SKIP","floor":39},{"not_picked":["Anger+1","Thunderclap","Berserk"],"picked":"SKIP","floor":41},{"not_picked":["Evolve+1","Rampage"],"picked":"Flame Barrier","floor":44},{"not_picked":["Reckless Charge","Hemokinesis","Pummel"],"picked":"SKIP","floor":46}],"player_experience":627160,"relics_obtained":[{"floor":9.0,"key":"Bronze Scales"},{"floor":21.0,"key":"Du-Vu Doll"},{"floor":21.0,"key":"Letter Opener"},{"floor":22.0,"key":"Matryoshka"},{"floor":26.0,"key":"Oddly Smooth Stone"},{"floor":26.0,"key":"The Courier"},{"floor":28.0,"key":"Girya"},{"floor":30,"key":"Dead Branch"},{"floor":42,"key":"Ice Cream"},{"floor":43,"key":"Vajra"},{"floor":43,"key":"Boot"},{"floor":44,"key":"Peace Pipe"}],"event_choices":[{"damage_healed":0.0,"max_hp_gain":0.0,"max_hp_loss":0.0,"gold_gain":0.0,"event_name":"The Library","player_choice":"Read","floor":20.0,"gold_loss":0.0,"damage_taken":0.0,"cards_obtained":["Heavy Blade"]},{"damage_healed":0.0,"max_hp_gain":0.0,"max_hp_loss":0.0,"gold_gain":0.0,"event_name":"Colosseum","player_choice":"Fight","floor":21.0,"gold_loss":0.0,"damage_taken":0.0},{"damage_healed":0.0,"max_hp_gain":0.0,"max_hp_loss":0.0,"gold_gain":0.0,"event_name":"Colosseum","player_choice":"Fought Nobs","floor":21.0,"gold_loss":0.0,"damage_taken":0.0},{"cards_removed":["Strike_R"],"damage_healed":0,"gold_gain":0,"player_choice":"Gave Gold","damage_taken":0,"max_hp_gain":0,"max_hp_loss":0,"event_name":"Beggar","floor":31,"gold_loss":75},{"damage_healed":0,"gold_gain":0,"player_choice":"Fight","damage_taken":0,"max_hp_gain":0,"max_hp_loss":0,"event_name":"MindBloom","floor":42,"gold_loss":0},{"damage_healed":0,"gold_gain":0,"player_choice":"Max HP","damage_taken":0,"max_hp_gain":0,"max_hp_loss":4,"event_name":"Winding Halls","floor":48,"gold_loss":0}],"is_beta":true,"boss_relics":[{"not_picked":["White Beast Statue","Ectoplasm"],"picked":"Snecko Eye"},{"not_picked":["Lizard Tail","Empty Cage"],"picked":"Runic Cube"}],"items_purged_floors":[38,47],"is_endless":false,"potions_floor_spawned":[4,7,10,13,16,24,27,29,35,44,46],"ascension_level":0}