{"gold_per_floor":[16,30,44,54,71,71,89,116,142,22,22,48,48,82,82,185,185,197,211,10,23,23,23,34,65,138,154,180,192,216,99,99,203,203,219,150,150,167,185,185,196,196,196,196,221,221,239,239],"floor_reached":48,"playtime":2250,"items_purged":["Defend_B","Defend_B"],"score":576,"play_id":"792e9586-c922-4f29-a954-0916cbaf3992","local_time":"20190121001350","is_ascension_mode":true,"campfire_choices":[{"data":"White Noise","floor":6.0,"key":"SMITH"},{"data":"Tempest","floor":11.0,"key":"SMITH"},{"data":"Self Repair","floor":15.0,"key":"SMITH"},{"data":"Defragment","floor":23.0,"key":"SMITH"},{"floor":29.0,"key":"REST"},{"data":"Loop","floor":32.0,"key":"SMITH"},{"data":"Electrodynamics","floor":40.0,"key":"SMITH"},{"floor":42,"key":"REST"},{"floor":44,"key":"REST"},{"floor":46,"key":"REST"}],"neow_cost":"NO_GOLD","seed_source_timestamp":22108096056960,"circlet_count":0,"master_deck":["Strike_B","Strike_B","Zap","Dualcast","Tempest+1","White Noise+1","Blizzard","Glacier","Loop","Streamline","Self Repair+1","Steam Power","Go for the Eyes","Self Repair","Seek","Echo Form","Steam+1","Stack","Defragment+1","Fusion","Leap","Storm+1","Auto Shields+1","Stack","Turbo","Doom and Gloom+1","Loop+1","Electrodynamics+1","Consume+1","Loop","Reprogram","Defragment+1","Hologram+1"],"special_seed":0,"relics":["Cracked Core","DataDisk","Lantern","Blue Candle","Smiling Mask","Runic Pyramid","Bronze Scales","MawBank","Empty Cage","Cables","Orichalcum"],"potions_floor_usage":[45],"damage_taken":[{"damage":0.0,"enemies":"2 Louse","floor":1.0,"turns":1.0},{"damage":6.0,"enemies":"Jaw Worm","floor":2.0,"turns":3.0},{"damage":0.0,"enemies":"Cultist","floor":3.0,"turns":2.0},{"damage":13.0,"enemies":"Exordium Thugs","floor":4.0,"turns":5.0},{"damage":3.0,"enemies":"Blue Slaver","floor":5.0,"turns":3.0},{"damage":12.0,"enemies":"3 Louse","floor":7.0,"turns":3.0},{"damage":9.0,"enemies":"3 Sentries","floor":8.0,"turns":6.0},{"damage":0.0,"enemies":"Gremlin Nob","floor":12.0,"turns":3.0},{"damage":13.0,"enemies":"Lagavulin","floor":14.0,"turns":5.0},{"damage":36.0,"enemies":"Hexaghost","floor":16.0,"turns":12.0},{"damage":9.0,"enemies":"Chosen","floor":18.0,"turns":5.0},{"damage":0.0,"enemies":"Spheric Guardian","floor":19.0,"turns":3.0},{"damage":4.0,"enemies":"Cultist and Chosen","floor":21.0,"turns":8.0},{"damage":25.0,"enemies":"Sentry and Sphere","floor":24.0,"turns":4.0},{"damage":53.0,"enemies":"Slavers","floor":25.0,"turns":5.0},{"damage":26.0,"enemies":"Snake Plant","floor":27.0,"turns":3.0},{"damage":18.0,"enemies":"Book of Stabbing","floor":28.0,"turns":3.0},{"damage":0.0,"enemies":"Chosen and Byrds","floor":30.0,"turns":4.0},{"damage":14.0,"enemies":"Champ","floor":33.0,"turns":10.0},{"damage":13.0,"enemies":"3 Darklings","floor":35.0,"turns":3.0},{"damage":9.0,"enemies":"3 Shapes","floor":38.0,"turns":3.0},{"damage":41.0,"enemies":"Jaw Worm Horde","floor":39.0,"turns":4.0},{"damage":35,"enemies":"Maw","floor":41,"turns":6},{"damage":35,"enemies":"Nemesis","floor":45,"turns":5},{"damage":49,"enemies":"Spire Growth","floor":47,"turns":4},{"damage":3,"enemies":"Reptomancer","floor":48,"turns":1}],"seed_played":"-1041815409588761021","potions_obtained":[{"floor":1.0,"key":"FocusPotion"},{"floor":2.0,"key":"Weak Potion"},{"floor":3.0,"key":"Poison Potion"},{"floor":7.0,"key":"Regen Potion"},{"floor":12.0,"key":"AttackPotion"},{"floor":21.0,"key":"Regen Potion"},{"floor":27.0,"key":"FocusPotion"},{"floor":38.0,"key":"Explosive Potion"},{"floor":41,"key":"FocusPotion"}],"is_trial":false,"path_per_floor":["M","M","M","M","M","R","M","E","T","$","R","E","$","E","R","B",null,"M","M","$","M","?","R","M","E","T","M","E","R","M","$","R","B",null,"M","$","?","M","M","R","M","R","T","R","E","R","M","E"],"character_chosen":"DEFECT","items_purchased":["Steam Power","Go for the Eyes","Defragment","Fusion","Leap","Loop","Loop"],"campfire_rested":4,"item_purchase_floors":[10,10,20,20,20,31,36],"current_hp_per_floor":[75,69,69,56,53,53,41,47,47,47,47,54,54,55,55,36,75,75,75,75,75,75,75,67,31,31,15,23,45,55,55,55,58,75,62,62,62,63,39,39,21,43,43,65,30,52,3,0],"gold":239,"neow_bonus":"REMOVE_TWO","is_prod":false,"is_daily":false,"chose_seed":false,"campfire_upgraded":6,"win_rate":0,"timestamp":1548017030,"path_taken":["M","M","M","M","M","R","M","E","T","$","R","E","$","E","R","BOSS","M","M","$","M","?","R","M","E","T","M","E","R","M","$","R","BOSS","M","$","?","M","M","R","M","R","T","R","E","R","M","E"],"build_version":"2019-01-19","purchased_purges":2,"victory":false,"max_hp_per_floor":[75,75,75,75,75,75,75,75,75,75,75,75,75,75,75,75,75,75,75,75,75,75,75,75,75,75,75,75,75,75,75,75,75,75,75,75,75,75,75,75,75,75,75,75,75,75,75,75],"card_choices":[{"not_picked":["BootSequence","Go for the Eyes"],"picked":"Tempest","floor":1.0},{"not_picked":["Barrage","Compile Driver"],"picked":"White Noise","floor":2.0},{"not_picked":["Stack","Hello World"],"picked":"Blizzard","floor":3.0},{"not_picked":["Heatsinks","Sunder"],"picked":"Glacier","floor":4.0},{"not_picked":["Skim","Hologram"],"picked":"Loop","floor":5.0},{"not_picked":["Beam Cell","Reprogram"],"picked":"Streamline","floor":7.0},{"not_picked":["Conserve Battery","Stack"],"picked":"Self Repair","floor":8.0},{"not_picked":["Loop","Blizzard"],"picked":"Self Repair","floor":12.0},{"not_picked":["Beam Cell","Barrage"],"picked":"Seek","floor":14.0},{"not_picked":["Hyperbeam","Rainbow"],"picked":"Echo Form","floor":16.0},{"not_picked":["Leap","Redo"],"picked":"Steam+1","floor":18.0},{"not_picked":["Coolheaded","Compile Driver"],"picked":"Stack","floor":19.0},{"not_picked":["FTL","Reprogram"],"picked":"Storm+1","floor":21.0},{"not_picked":["Stack","Cold Snap+1"],"picked":"Auto Shields+1","floor":24.0},{"not_picked":["Compile Driver","Coolheaded"],"picked":"Hyperbeam","floor":25.0},{"not_picked":["Beam Cell","FTL+1"],"picked":"Stack","floor":27.0},{"not_picked":["Coolheaded","Streamline"],"picked":"Turbo","floor":28.0},{"not_picked":["Gash","Sweeping Beam"],"picked":"Doom and Gloom+1","floor":30.0},{"not_picked":["Thunder Strike","Meteor Strike"],"picked":"Electrodynamics","floor":33.0},{"not_picked":["Cold Snap","Aggregate"],"picked":"Consume+1","floor":35.0},{"not_picked":["Beam Cell","Chaos","Redo"],"picked":"SKIP","floor":38.0},{"not_picked":["Hologram+1","Beam Cell+1"],"picked":"Reprogram","floor":39.0},{"not_picked":["Sweeping Beam+1","Compile Driver"],"picked":"Defragment+1","floor":41},{"not_picked":["Streamline+1","Undo","Ball Lightning"],"picked":"SKIP","floor":45},{"not_picked":["Barrage","Beam Cell+1"],"picked":"Hologram+1","floor":47}],"player_experience":453241,"relics_obtained":[{"floor":8.0,"key":"DataDisk"},{"floor":9.0,"key":"Lantern"},{"floor":12.0,"key":"Blue Candle"},{"floor":14.0,"key":"Smiling Mask"},{"floor":25.0,"key":"Bronze Scales"},{"floor":28.0,"key":"MawBank"},{"floor":43,"key":"Cables"},{"floor":45,"key":"Orichalcum"}],"event_choices":[{"damage_healed":0.0,"max_hp_gain":0.0,"max_hp_loss":0.0,"gold_gain":0.0,"event_name":"Beggar","player_choice":"Ignored","floor":22.0,"gold_loss":0.0,"damage_taken":0.0},{"cards_removed":["Hyperbeam"],"damage_healed":0.0,"max_hp_gain":0.0,"max_hp_loss":0.0,"gold_gain":0.0,"event_name":"Falling","player_choice":"Removed Attack","floor":37.0,"gold_loss":0.0,"damage_taken":0.0}],"is_beta":true,"boss_relics":[{"not_picked":["Nuclear Battery","Tiny House"],"picked":"Runic Pyramid"},{"not_picked":["Coffee Dripper","Pandora\u0027s Box"],"picked":"Empty Cage"}],"items_purged_floors":[20,31],"is_endless":false,"potions_floor_spawned":[1,2,3,7,12,21,27,38,41],"killed_by":"Reptomancer","ascension_level":1}