{"gold_per_floor":[114,189,27,39,54,84,101,26,326,326,291,291,323,333,333,411,411,411,411,411,411,411,411,411,411,411,411,411,411,411,411,411,411,411,411,411,411,411,411,411],"floor_reached":40,"playtime":3639,"items_purged":["Strike_B"],"score":922,"play_id":"7dea5c23-de26-4122-a116-b507f3376488","local_time":"20190726213144","is_ascension_mode":true,"campfire_choices":[{"data":"Zap","floor":12,"key":"SMITH"},{"data":"Go for the Eyes","floor":15,"key":"SMITH"},{"data":"Biased Cognition","floor":23,"key":"SMITH"},{"floor":25,"key":"REST"},{"floor":27,"key":"REST"},{"floor":32,"key":"REST"}],"neow_cost":"NONE","seed_source_timestamp":1115589983046308,"circlet_count":0,"master_deck":["AscendersBane","Defend_B","Defend_B","Defend_B","Defend_B","Zap+1","Dualcast","Go for the Eyes+1","Streamline","Cold Snap","Chill","Rip and Tear","Barrage","Biased Cognition+1","Sweeping Beam","Writhe","Gash+1","Steam","Loop","FTL","Rainbow","Heatsinks","Bite","Bite","Bite","Bite","Bite","Seek","Chill+1","Coolheaded","Stack+1"],"relics":["Black Star","DataDisk","Pear","Gambling Chip","Old Coin","Mummified Hand","Orichalcum","Ectoplasm","Bronze Scales","Turnip","Prayer Wheel","Juzu Bracelet","Strawberry","Nilry\u0027s Codex","Nuclear Battery","Nunchaku"],"potions_floor_usage":[6,6,16,22,24,33,39,39],"damage_taken":[{"damage":4,"enemies":"2 Louse","floor":1,"turns":4},{"damage":1,"enemies":"Small Slimes","floor":4,"turns":3},{"damage":2,"enemies":"Cultist","floor":5,"turns":4},{"damage":38,"enemies":"3 Sentries","floor":6,"turns":11},{"damage":1,"enemies":"Blue Slaver","floor":7,"turns":4},{"damage":7,"enemies":"Lagavulin","floor":13,"turns":7},{"damage":3,"enemies":"3 Louse","floor":14,"turns":3},{"damage":18,"enemies":"Slime Boss","floor":16,"turns":8},{"damage":7,"enemies":"Spheric Guardian","floor":18,"turns":4},{"damage":8,"enemies":"Chosen","floor":21,"turns":4},{"damage":11,"enemies":"Snecko","floor":22,"turns":6},{"damage":33,"enemies":"Slavers","floor":24,"turns":6},{"damage":12,"enemies":"Centurion and Healer","floor":28,"turns":7},{"damage":0,"enemies":"Book of Stabbing","floor":29,"turns":5},{"damage":60,"enemies":"Automaton","floor":33,"turns":11},{"damage":3,"enemies":"3 Shapes","floor":35,"turns":6},{"damage":17,"enemies":"3 Darklings","floor":36,"turns":5},{"damage":19,"enemies":"4 Shapes","floor":38,"turns":9},{"damage":19,"enemies":"2 Orb Walkers","floor":39,"turns":4},{"damage":79,"enemies":"Giant Head","floor":40,"turns":10}],"seed_played":"7095108982826059691","potions_obtained":[{"floor":4,"key":"SneckoOil"},{"floor":5,"key":"Energy Potion"},{"floor":13,"key":"SteroidPotion"},{"floor":16,"key":"Strength Potion"},{"floor":18,"key":"PowerPotion"},{"floor":21,"key":"Weak Potion"},{"floor":28,"key":"SpeedPotion"},{"floor":35,"key":"Dexterity Potion"},{"floor":36,"key":"PowerPotion"}],"is_trial":false,"path_per_floor":["M","?","$","M","M","E","M","$","T","?","?","R","E","M","R","B",null,"M","?","?","M","M","R","E","R","T","R","M","E","?","?","R","B",null,"M","M","?","M","?","E"],"character_chosen":"DEFECT","items_purchased":["DataDisk"],"campfire_rested":3,"item_purchase_floors":[3],"current_hp_per_floor":[60,49,49,48,46,18,17,17,17,22,43,43,36,33,33,15,68,61,61,53,45,34,34,1,26,26,51,39,46,46,25,52,8,72,77,64,64,53,42,0],"gold":411,"neow_bonus":"BOSS_RELIC","is_prod":false,"is_daily":false,"chose_seed":false,"campfire_upgraded":3,"win_rate":0,"timestamp":1564201904,"path_taken":["M","?","$","M","M","E","M","$","T","?","?","R","E","M","R","BOSS","M","?","?","?","M","R","E","R","T","R","M","E","?","?","R","BOSS","M","M","?","M","?","E"],"build_version":"2019-07-17","purchased_purges":1,"victory":false,"max_hp_per_floor":[71,71,71,71,71,81,81,81,81,86,86,86,86,86,86,86,86,86,86,86,86,86,86,86,86,86,86,86,93,93,93,93,93,93,93,93,93,93,93,93],"card_choices":[{"not_picked":["Hologram","Rip and Tear"],"picked":"Go for the Eyes","floor":1},{"not_picked":["Barrage","Hologram"],"picked":"Streamline","floor":4},{"not_picked":["Rebound","Skim"],"picked":"Cold Snap","floor":5},{"not_picked":["Reprogram","Steam Power"],"picked":"Chill","floor":6},{"not_picked":["Beam Cell","Recycle"],"picked":"Rip and Tear","floor":7},{"not_picked":["Chill","Beam Cell"],"picked":"Barrage","floor":13},{"not_picked":["Beam Cell","Sunder","Go for the Eyes"],"picked":"SKIP","floor":14},{"not_picked":["Beam Cell","Sunder","Go for the Eyes"],"picked":"SKIP","floor":14},{"not_picked":["All For One","Hyperbeam"],"picked":"Biased Cognition","floor":16},{"not_picked":["Rebound","Gash"],"picked":"Sweeping Beam","floor":18},{"not_picked":["Compile Driver","Scrape"],"picked":"Gash+1","floor":21},{"not_picked":["Melter","Leap"],"picked":"Steam","floor":22},{"not_picked":["Double Energy","Barrage"],"picked":"Loop","floor":24},{"not_picked":["Turbo","Hologram"],"picked":"FTL","floor":28},{"not_picked":["Barrage","Reprogram"],"picked":"Rainbow","floor":28},{"not_picked":["Reinforced Body","Darkness"],"picked":"Heatsinks","floor":29},{"not_picked":["Hyperbeam","Rainbow"],"picked":"Seek","floor":33},{"not_picked":["Hologram+1","Steam"],"picked":"Chill+1","floor":35},{"not_picked":["Lockon","Rebound","Compile Driver"],"picked":"SKIP","floor":35},{"not_picked":["Compile Driver+1","Reinforced Body"],"picked":"Coolheaded","floor":36},{"not_picked":["Steam+1","Redo","Turbo"],"picked":"SKIP","floor":36},{"not_picked":["Double Energy","Cold Snap","Streamline"],"picked":"SKIP","floor":38},{"not_picked":["Auto Shields","Redo","Genetic Algorithm"],"picked":"SKIP","floor":38},{"not_picked":["Skim","Coolheaded"],"picked":"Stack+1","floor":39}],"player_experience":569708,"relics_obtained":[{"floor":6,"key":"Pear"},{"floor":6,"key":"Gambling Chip"},{"floor":9,"key":"Old Coin"},{"floor":13,"key":"Mummified Hand"},{"floor":13,"key":"Orichalcum"},{"floor":24,"key":"Turnip"},{"floor":24,"key":"Prayer Wheel"},{"floor":26,"key":"Juzu Bracelet"},{"floor":29,"key":"Blood Vial"},{"floor":29,"key":"Strawberry"},{"floor":31,"key":"Nilry\u0027s Codex"},{"floor":39,"key":"Nunchaku"}],"event_choices":[{"damage_healed":0,"gold_gain":75,"player_choice":"Gather Gold","damage_taken":11,"max_hp_gain":0,"max_hp_loss":0,"event_name":"World of Goop","floor":2,"gold_loss":0},{"damage_healed":0,"gold_gain":0,"player_choice":"Donut","damage_taken":0,"max_hp_gain":5,"max_hp_loss":0,"event_name":"Big Fish","floor":10,"gold_loss":0},{"damage_healed":21,"gold_gain":0,"player_choice":"Healed","damage_taken":0,"max_hp_gain":0,"max_hp_loss":0,"event_name":"The Cleric","floor":11,"gold_loss":35},{"damage_healed":0,"gold_gain":0,"player_choice":"Opened","damage_taken":0,"relics_obtained":["Bronze Scales"],"max_hp_gain":0,"max_hp_loss":0,"event_name":"The Mausoleum","floor":19,"gold_loss":0,"cards_obtained":["Writhe"]},{"damage_healed":0,"gold_gain":0,"player_choice":"","damage_taken":8,"max_hp_gain":0,"max_hp_loss":0,"event_name":"Knowing Skull","floor":20,"potions_obtained":[],"gold_loss":0,"cards_obtained":[]},{"damage_healed":0,"gold_gain":0,"player_choice":"Became a vampire (Vial)","damage_taken":0,"max_hp_gain":0,"max_hp_loss":0,"event_name":"Vampires","floor":30,"relics_lost":["Blood Vial"],"gold_loss":0,"cards_obtained":["Bite","Bite","Bite","Bite","Bite"]},{"damage_healed":0,"gold_gain":0,"player_choice":"Obtained Book","damage_taken":21,"max_hp_gain":0,"max_hp_loss":0,"event_name":"Cursed Tome","floor":31,"gold_loss":0},{"damage_healed":0,"gold_gain":0,"player_choice":"Memory 1","damage_taken":0,"max_hp_gain":0,"max_hp_loss":0,"event_name":"SensoryStone","floor":37,"gold_loss":0},{"damage_healed":0,"gold_gain":0,"player_choice":"Fight","damage_taken":0,"max_hp_gain":0,"max_hp_loss":0,"event_name":"Mysterious Sphere","floor":39,"gold_loss":0}],"is_beta":false,"boss_relics":[{"not_picked":["Coffee Dripper","Fusion Hammer"],"picked":"Ectoplasm"},{"not_picked":["Tiny House","Runic Dome"],"picked":"Nuclear Battery"}],"items_purged_floors":[8],"is_endless":false,"potions_floor_spawned":[4,5,13,16,18,21,28,35,36],"killed_by":"Giant Head","ascension_level":18}