{"gold_per_floor":[119,138,150,225,52,85,235,263,263,44,55,86,86,100,100,177,177,192,50,50,50,68,68,93,93,93,93,107,107,142,156,156,230,230,241,260,207,217,217,217,245,257,269,294,306,23,35,45,45,45],"floor_reached":51,"playtime":7491,"items_purged":["Doubt","Strike_R"],"score":1374,"play_id":"0a8c3d65-a5cc-41b0-bdb5-aab3bebc2f29","local_time":"20190729001941","is_ascension_mode":true,"campfire_choices":[{"data":"Immolate","floor":13.0,"key":"SMITH"},{"data":"Disarm","floor":15.0,"key":"SMITH"},{"data":"Combust","floor":23.0,"key":"SMITH"},{"data":"Metallicize","floor":25.0,"key":"SMITH"},{"data":"Metallicize","floor":27.0,"key":"SMITH"},{"data":"Power Through","floor":32.0,"key":"SMITH"},{"floor":40.0,"key":"REST"},{"data":"Demon Form","floor":42.0,"key":"SMITH"},{"floor":45.0,"key":"REST"},{"floor":49.0,"key":"REST"}],"neow_cost":"NONE","seed_source_timestamp":1614536424913243,"circlet_count":0,"master_deck":["AscendersBane","Strike_R","Strike_R","Defend_R","Defend_R","Defend_R","Defend_R","Bash","Immolate+1","Headbutt","Pommel Strike","Iron Wave","Disarm+1","Flame Barrier","Ghostly Armor","Evolve","Power Through+1","Rupture","Reckless Charge","Anger","Demon Form+1","Combust+1","Combust+1","Immolate","Metallicize+1","Shrug It Off","Offering","Metallicize+1","Reaper","Brutality+1","Rupture","Rupture","Shockwave","Shrug It Off","Headbutt+1","Clothesline+1","Sword Boomerang+1","Heavy Blade","True Grit+1"],"special_seed":0,"relics":["Burning Blood","Pear","Boot","Bottled Flame","Strawberry","Runic Dome","Question Card","Pantograph","Gremlin Horn","Orrery","MawBank","Paper Frog","ClockworkSouvenir"],"potions_floor_usage":[50,50],"damage_taken":[{"damage":7.0,"enemies":"Jaw Worm","floor":1.0,"turns":3.0},{"damage":14.0,"enemies":"2 Louse","floor":2.0,"turns":2.0},{"damage":4.0,"enemies":"Small Slimes","floor":3.0,"turns":3.0},{"damage":40.0,"enemies":"Lagavulin","floor":6.0,"turns":8.0},{"damage":10.0,"enemies":"3 Sentries","floor":8.0,"turns":3.0},{"damage":0.0,"enemies":"Looter","floor":11.0,"turns":1.0},{"damage":19.0,"enemies":"Gremlin Nob","floor":12.0,"turns":4.0},{"damage":4.0,"enemies":"Red Slaver","floor":14.0,"turns":4.0},{"damage":10.0,"enemies":"Hexaghost","floor":16.0,"turns":13.0},{"damage":6.0,"enemies":"Spheric Guardian","floor":18.0,"turns":3.0},{"damage":21.0,"enemies":"2 Thieves","floor":22.0,"turns":3.0},{"damage":22.0,"enemies":"Book of Stabbing","floor":24.0,"turns":4.0},{"damage":16.0,"enemies":"Centurion and Healer","floor":28.0,"turns":7.0},{"damage":9.0,"enemies":"Gremlin Leader","floor":30.0,"turns":4.0},{"damage":3.0,"enemies":"3 Cultists","floor":31.0,"turns":4.0},{"damage":71.0,"enemies":"Automaton","floor":33.0,"turns":11.0},{"damage":28.0,"enemies":"Orb Walker","floor":35.0,"turns":4.0},{"damage":2.0,"enemies":"3 Shapes","floor":36.0,"turns":5.0},{"damage":54.0,"enemies":"3 Darklings","floor":38.0,"turns":5.0},{"damage":42.0,"enemies":"Nemesis","floor":41.0,"turns":9.0},{"damage":46.0,"enemies":"Transient","floor":44.0,"turns":6.0},{"damage":15.0,"enemies":"Maw","floor":47.0,"turns":7.0},{"damage":10.0,"enemies":"Spire Growth","floor":48.0,"turns":5.0},{"damage":98,"enemies":"Time Eater","floor":50,"turns":12}],"seed_played":"-8971642746841042958","potions_obtained":[{"floor":6.0,"key":"Block Potion"},{"floor":8.0,"key":"Explosive Potion"},{"floor":11.0,"key":"Poison Potion"},{"floor":14.0,"key":"Block Potion"},{"floor":16.0,"key":"AttackPotion"},{"floor":24.0,"key":"Poison Potion"},{"floor":33.0,"key":"SkillPotion"},{"floor":36.0,"key":"SmokeBomb"},{"floor":41.0,"key":"BloodPotion"},{"floor":44.0,"key":"SkillPotion"}],"is_trial":false,"path_per_floor":["M","M","M","?","$","E","?","E","T","$","M","E","R","M","R","B",null,"M","$","?","?","M","R","E","R","T","R","M","?","E","M","R","B",null,"M","M","$","M","?","R","E","R","T","M","R","$","M","M","R","B",null],"character_chosen":"IRONCLAD","items_purchased":["Disarm","Flame Barrier","Power Through","Energy Potion","Combust","Strength Potion","ClockworkSouvenir","Heavy Blade","SteroidPotion"],"campfire_rested":3,"item_purchase_floors":[5,5,10,10,19,37,46,46,46],"current_hp_per_floor":[67,59,61,50,50,26,26,22,22,22,28,22,22,24,24,20,74,74,74,74,74,59,59,43,43,43,43,33,51,48,51,51,11,72,50,54,54,27,27,54,18,18,18,15,42,42,33,29,56,15],"gold":45,"neow_bonus":"ONE_RANDOM_RARE_CARD","is_prod":false,"is_daily":false,"chose_seed":false,"campfire_upgraded":7,"win_rate":0,"timestamp":1564373981,"path_taken":["M","M","M","?","$","E","?","E","T","$","M","E","R","M","R","BOSS","M","$","?","?","?","R","E","R","T","R","M","?","E","M","R","BOSS","M","M","$","M","?","R","E","R","T","?","R","$","M","M","R","BOSS"],"build_version":"2019-07-17","purchased_purges":2,"victory":true,"max_hp_per_floor":[75,75,75,75,75,85,85,85,85,85,85,92,92,92,92,92,92,92,92,92,92,92,92,92,92,92,92,92,92,92,92,92,92,92,92,92,92,92,92,92,92,92,92,92,92,92,92,92,92,92],"card_choices":[{"not_picked":["Wild Strike","Whirlwind"],"picked":"Headbutt","floor":1.0},{"not_picked":["Twin Strike","Cleave"],"picked":"Pommel Strike","floor":2.0},{"not_picked":["Flex","Havoc"],"picked":"Iron Wave","floor":3.0},{"not_picked":["Hemokinesis","Seeing Red"],"picked":"Ghostly Armor","floor":6.0},{"not_picked":["Clothesline","Rupture"],"picked":"Evolve","floor":8.0},{"not_picked":["Perfected Strike","Headbutt"],"picked":"Rupture","floor":11.0},{"not_picked":["Armaments","Anger"],"picked":"Reckless Charge","floor":12.0},{"not_picked":["Flex","Corruption"],"picked":"Anger","floor":14.0},{"not_picked":["Dark Embrace","Feed"],"picked":"Demon Form","floor":16.0},{"not_picked":["Cleave","Entrench+1"],"picked":"Combust+1","floor":18.0},{"not_picked":["Sword Boomerang","Wild Strike","Heavy Blade"],"picked":"SKIP","floor":22.0},{"not_picked":["Cleave","Fire Breathing"],"picked":"Metallicize","floor":24.0},{"not_picked":["Anger","Thunderclap","Armaments","Sentinel"],"picked":"SKIP","floor":28.0},{"not_picked":["Twin Strike","Wild Strike","Spot Weakness"],"picked":"Reaper","floor":30.0},{"not_picked":["Anger","Iron Wave","Dropkick","Pommel Strike"],"picked":"SKIP","floor":31.0},{"not_picked":["Exhume","Offering","Impervious"],"picked":"Brutality","floor":33.0},{"not_picked":["Anger","Bloodletting+1","Body Slam"],"picked":"Rupture","floor":34.0},{"not_picked":["Pommel Strike","Armaments","Immolate"],"picked":"Rupture","floor":34.0},{"not_picked":["Carnage","Body Slam","Warcry"],"picked":"Shockwave","floor":34.0},{"not_picked":["Fire Breathing","Thunderclap","Sword Boomerang"],"picked":"Shrug It Off","floor":34.0},{"not_picked":["Anger","Sentinel","Sword Boomerang"],"picked":"Headbutt+1","floor":35.0},{"not_picked":["Sword Boomerang","Iron Wave","Bloodletting","Anger"],"picked":"SKIP","floor":36.0},{"not_picked":["Evolve","Flex","Perfected Strike"],"picked":"Clothesline+1","floor":38.0},{"not_picked":["Flex+1","Carnage","Twin Strike","Clash"],"picked":"SKIP","floor":41.0},{"not_picked":["Sever Soul","Clothesline","Berserk"],"picked":"Sword Boomerang+1","floor":44.0},{"not_picked":["Iron Wave","Anger","Feel No Pain","Wild Strike"],"picked":"SKIP","floor":47.0},{"not_picked":["Body Slam","Cleave","Shrug It Off"],"picked":"True Grit+1","floor":48.0}],"player_experience":888839,"relics_obtained":[{"floor":6.0,"key":"Pear"},{"floor":8.0,"key":"Boot"},{"floor":9.0,"key":"Bottled Flame"},{"floor":12.0,"key":"Strawberry"},{"floor":24.0,"key":"Question Card"},{"floor":26.0,"key":"Pantograph"},{"floor":30.0,"key":"Gremlin Horn"},{"floor":41.0,"key":"MawBank"},{"floor":43.0,"key":"Paper Frog"}],"event_choices":[{"damage_healed":0.0,"max_hp_gain":0.0,"max_hp_loss":0.0,"gold_gain":75.0,"event_name":"World of Goop","player_choice":"Gather Gold","floor":4.0,"gold_loss":0.0,"damage_taken":11.0},{"damage_healed":0.0,"max_hp_gain":0.0,"max_hp_loss":0.0,"gold_gain":150.0,"event_name":"Liars Game","player_choice":"AGREE","floor":7.0,"gold_loss":0.0,"damage_taken":0.0,"cards_obtained":["Doubt"]},{"damage_healed":0.0,"max_hp_gain":0.0,"max_hp_loss":0.0,"gold_gain":0.0,"cards_transformed":["Strike_R","Strike_R"],"event_name":"Drug Dealer","player_choice":"Became Test Subject","floor":20.0,"gold_loss":0.0,"damage_taken":0.0,"cards_obtained":["Immolate","Metallicize"]},{"damage_healed":0.0,"max_hp_gain":0.0,"max_hp_loss":0.0,"gold_gain":0.0,"event_name":"Match and Keep!","player_choice":"2 cards matched","floor":21.0,"gold_loss":0.0,"damage_taken":0.0,"cards_obtained":["Shrug It Off","Offering"]},{"damage_healed":0.0,"max_hp_gain":0.0,"max_hp_loss":0.0,"gold_gain":0.0,"event_name":"Match and Keep!","player_choice":"2 cards matched","floor":21.0,"gold_loss":0.0,"damage_taken":0.0,"cards_obtained":["Shrug It Off","Offering"]},{"damage_healed":18.0,"max_hp_gain":0.0,"max_hp_loss":0.0,"gold_gain":0.0,"event_name":"The Library","player_choice":"Heal","floor":29.0,"gold_loss":0.0,"damage_taken":0.0},{"damage_healed":0.0,"max_hp_gain":0.0,"max_hp_loss":0.0,"gold_gain":0.0,"event_name":"Upgrade Shrine","player_choice":"Upgraded","floor":39.0,"gold_loss":0.0,"damage_taken":0.0,"cards_upgraded":["Brutality"]}],"is_beta":false,"boss_relics":[{"not_picked":["Runic Cube","Ectoplasm"],"picked":"Runic Dome"},{"not_picked":["Calling Bell","White Beast Statue"],"picked":"Orrery"}],"items_purged_floors":[10,19],"is_endless":false,"potions_floor_spawned":[6,8,11,14,16,24,33,36,41,44,48],"ascension_level":18}