{"gold_per_floor":[118,68,243,257,257,283,283,309,309,309,19,52,65,13,13,13],"floor_reached":16,"playtime":1062,"items_purged":[],"score":122,"play_id":"bf6df08c-692a-466e-8c65-04986b7ee74a","local_time":"20190114191046","is_ascension_mode":true,"campfire_choices":[{"floor":7,"key":"REST"},{"floor":10,"key":"REST"},{"floor":15,"key":"REST"}],"neow_cost":"NONE","seed_source_timestamp":78262743994827,"circlet_count":0,"master_deck":["Defend_G","Defend_G","Defend_G","Defend_G","Defend_G","Strike_G","Strike_G","Strike_G","Strike_G","Survivor","Neutralize+1","Blade Dance","Malaise","Pain","Calculated Gamble","Unload","Dash","Die Die Die"],"relics":["Ring of the Snake","Tough Bandages","Gremlin Horn","Bottled Flame","Singing Bowl","Letter Opener"],"potions_floor_usage":[8,16],"damage_taken":[{"damage":1,"enemies":"Cultist","floor":1,"turns":5},{"damage":4,"enemies":"2 Louse","floor":4,"turns":4},{"damage":56,"enemies":"Gremlin Nob","floor":6,"turns":7},{"damage":29,"enemies":"3 Sentries","floor":8,"turns":18},{"damage":18,"enemies":"Lagavulin","floor":12,"turns":9},{"damage":1,"enemies":"Small Slimes","floor":13,"turns":2},{"damage":28,"enemies":"The Guardian","floor":16,"turns":13}],"seed_played":"5147192339389649709","potions_obtained":[{"floor":6,"key":"SkillPotion"}],"is_trial":false,"path_per_floor":["M","?","?","M","?","E","R","E","T","R","$","E","M","$","R","B"],"character_chosen":"THE_SILENT","items_purchased":["Singing Bowl","Dash","Fire Potion"],"campfire_rested":3,"item_purchase_floors":[11,11,14],"current_hp_per_floor":[69,69,69,65,65,9,30,1,1,22,22,4,5,5,26,0],"gold":13,"neow_bonus":"UPGRADE_CARD","is_prod":false,"is_daily":false,"chose_seed":false,"campfire_upgraded":0,"win_rate":0,"timestamp":1547480446,"path_taken":["M","?","?","M","?","E","R","E","T","R","$","E","?","?","R","BOSS"],"build_version":"2019-01-10","purchased_purges":0,"victory":false,"max_hp_per_floor":[70,70,70,70,70,70,70,70,70,70,70,70,72,72,72,72],"card_choices":[{"not_picked":["PiercingWail","Leg Sweep"],"picked":"Blade Dance","floor":1},{"not_picked":["PiercingWail","Dagger Spray"],"picked":"Malaise","floor":4},{"not_picked":["Slice","Backstab"],"picked":"Calculated Gamble","floor":6},{"not_picked":["Quick Slash","Slice"],"picked":"Unload","floor":8},{"not_picked":["Poisoned Stab","Acrobatics"],"picked":"Die Die Die","floor":12},{"not_picked":["Underhanded Strike","Dagger Spray","Masterful Stab"],"picked":"Singing Bowl","floor":13}],"player_experience":434240,"relics_obtained":[{"floor":6,"key":"Tough Bandages"},{"floor":8,"key":"Gremlin Horn"},{"floor":9,"key":"Bottled Flame"},{"floor":12,"key":"Letter Opener"}],"event_choices":[{"cards_removed":["Strike_G"],"damage_healed":0,"gold_gain":0,"player_choice":"Card Removal","damage_taken":0,"max_hp_gain":0,"max_hp_loss":0,"event_name":"The Cleric","floor":2,"gold_loss":50},{"damage_healed":0,"gold_gain":175,"player_choice":"AGREE","damage_taken":0,"max_hp_gain":0,"max_hp_loss":0,"event_name":"Liars Game","floor":3,"gold_loss":0,"cards_obtained":["Doubt"]},{"damage_healed":0,"gold_gain":0,"cards_transformed":["Doubt"],"player_choice":"Transformed","damage_taken":0,"max_hp_gain":0,"max_hp_loss":0,"event_name":"Transmorgrifier","floor":5,"gold_loss":0,"cards_obtained":["Pain"]}],"is_beta":true,"boss_relics":[],"items_purged_floors":[],"is_endless":false,"potions_floor_spawned":[6],"killed_by":"The Guardian","ascension_level":1}