{"path_per_floor":["M","M","M","$","M","R","M","E","T","?","?","R","M","$","R","B",null,"M","M","$","M","M","?"],"character_chosen":"IRONCLAD","items_purchased":["Inflame","Flex","Master of Strategy","Rage","Warcry","Flex"],"gold_per_floor":[360,376,389,34,54,54,68,101,128,128,128,128,141,14,14,142,142,156,177,26,51,66,66,66],"floor_reached":24,"campfire_rested":1,"playtime":1713,"item_purchase_floors":[4,4,4,14,14,20],"current_hp_per_floor":[41,42,46,46,42,42,33,19,26,26,26,50,56,56,56,81,81,81,66,66,45,29,13,0],"items_purged":["Strike_R","Feel No Pain"],"gold":66,"score":250,"play_id":"ff00e627-a2bf-467d-b223-9f40c6de7d8a","local_time":"20180612173838","is_prod":false,"is_daily":false,"chose_seed":false,"is_ascension_mode":false,"campfire_upgraded":2,"win_rate":0,"timestamp":1528839518,"campfire_choices":[{"data":"Inflame","floor":6,"key":"SMITH"},{"floor":12,"key":"REST"},{"data":"Rage","floor":15,"key":"SMITH"}],"path_taken":["M","M","M","$","M","R","M","E","T","?","?","R","M","$","R","BOSS","M","M","$","M","M","?","M"],"build_version":"2018-06-11","seed_source_timestamp":774916763804347,"purchased_purges":2,"victory":false,"master_deck":["Bash","Shrug It Off","Headbutt","Armaments","Inflame+1","Flex+1","Master of Strategy","Clash","Ghostly Armor","Anger","Shrug It Off","Rage+1","Warcry","Brutality","True Grit","Thunderclap","Armaments","Shrug It Off","Whirlwind","Heavy Blade","Second Wind","Anger","Headbutt","Flex","Body Slam+1","Rupture"],"max_hp_per_floor":[80,80,80,80,80,80,80,80,87,81,81,81,81,81,81,81,81,81,81,81,81,81,81,81],"special_seed":0,"relics":["Burning Blood","Pantograph","Strawberry","Golden Idol","Pandora\u0027s Box","Nilry\u0027s Codex"],"card_choices":[{"not_picked":["Heavy Blade","Sword Boomerang"],"picked":"Shrug It Off","floor":1},{"not_picked":["Anger","Sword Boomerang"],"picked":"Headbutt","floor":2},{"not_picked":["Spot Weakness","Offering"],"picked":"Armaments","floor":3},{"not_picked":["Cleave","Whirlwind"],"picked":"Clash","floor":5},{"not_picked":["Perfected Strike","Heavy Blade"],"picked":"Ghostly Armor","floor":7},{"not_picked":["Cleave","Clothesline"],"picked":"Anger","floor":8},{"not_picked":["Armaments","Carnage"],"picked":"Shrug It Off","floor":13},{"not_picked":["Barricade","Double Tap"],"picked":"Brutality","floor":16},{"not_picked":["Reckless Charge","Rampage"],"picked":"Anger","floor":18},{"not_picked":["Corruption","Clothesline"],"picked":"Headbutt","floor":19},{"not_picked":["Shrug It Off","Evolve+1"],"picked":"Body Slam+1","floor":21},{"not_picked":["Clash","Rampage"],"picked":"Rupture","floor":22}],"player_experience":100466,"potions_floor_usage":[5,7,16,19,21,24],"damage_taken":[{"damage":5,"enemies":"Small Slimes","floor":1,"turns":4},{"damage":5,"enemies":"Jaw Worm","floor":2,"turns":5},{"damage":2,"enemies":"Cultist","floor":3,"turns":4},{"damage":10,"enemies":"Large Slime","floor":5,"turns":6},{"damage":15,"enemies":"Exordium Thugs","floor":7,"turns":4},{"damage":20,"enemies":"3 Sentries","floor":8,"turns":7},{"damage":0,"enemies":"2 Fungi Beasts","floor":13,"turns":3},{"damage":0,"enemies":"Slime Boss","floor":16,"turns":9},{"damage":5,"enemies":"Chosen","floor":18,"turns":4},{"damage":21,"enemies":"3 Byrds","floor":19,"turns":4},{"damage":27,"enemies":"Sentry and Sphere","floor":21,"turns":5},{"damage":22,"enemies":"Snake Plant","floor":22,"turns":4},{"damage":14,"enemies":"Snecko","floor":24,"turns":4}],"relics_obtained":[{"floor":8,"key":"Pantograph"},{"floor":9,"key":"Strawberry"},{"floor":23,"key":"Nilry\u0027s Codex"}],"event_choices":[{"event_name":"Golden Idol","player_choice":"Lose Max HP","floor":10,"damage_taken":0},{"event_name":"Upgrade Shrine","player_choice":"Upgraded","floor":11,"damage_taken":0},{"event_name":"Cursed Tome","player_choice":"Obtained Book","floor":23,"damage_taken":0}],"boss_relics":[{"not_picked":["White Beast Statue","Velvet Choker"],"picked":"Pandora\u0027s Box"}],"items_purged_floors":[4,20],"potions_floor_spawned":[2,5,8,13,19,22],"seed_played":"3684566622859212906","killed_by":"Snecko","ascension_level":0,"potions_obtained":[{"floor":2,"key":"Weak Potion"},{"floor":5,"key":"PowerPotion"},{"floor":8,"key":"Poison Potion"},{"floor":13,"key":"Block Potion"},{"floor":19,"key":"SkillPotion"},{"floor":22,"key":"PowerPotion"}],"is_trial":false}