{"gold_per_floor":[118,43,59,71,71,71,91,91,148,164,176,9,9,9,9,9],"floor_reached":16,"playtime":446,"items_purged":["Strike_R","Defend_R"],"score":110,"play_id":"1de97c58-95cc-4fea-94ad-7e1b02447dd8","local_time":"20190617025810","is_ascension_mode":true,"campfire_choices":[{"data":"Intimidate","floor":6.0,"key":"SMITH"},{"data":"Pommel Strike","floor":8.0,"key":"SMITH"},{"data":"Shrug It Off","floor":15,"key":"SMITH"}],"neow_cost":"PERCENT_DAMAGE","seed_source_timestamp":2878628331804,"circlet_count":0,"master_deck":["Strike_R","Strike_R","Strike_R","Defend_R","Defend_R","Defend_R","Bash","Intimidate+1","Pommel Strike+1","Thunderclap","Battle Trance","Shrug It Off+1","Spot Weakness"],"special_seed":0,"relics":["Burning Blood","Turnip","Tiny Chest","Sundial","Bag of Preparation"],"potions_floor_usage":[16],"damage_taken":[{"damage":8.0,"enemies":"Jaw Worm","floor":1.0,"turns":4.0},{"damage":9.0,"enemies":"Cultist","floor":3.0,"turns":5.0},{"damage":8.0,"enemies":"Small Slimes","floor":4.0,"turns":4.0},{"damage":3.0,"enemies":"3 Louse","floor":7.0,"turns":3.0},{"damage":0,"enemies":"2 Fungi Beasts","floor":10,"turns":4},{"damage":4,"enemies":"Red Slaver","floor":11,"turns":6},{"damage":61,"enemies":"Slime Boss","floor":16,"turns":9}],"seed_played":"-1970860129244323034","potions_obtained":[{"floor":3.0,"key":"AttackPotion"},{"floor":11,"key":"Poison Potion"}],"is_trial":false,"path_per_floor":["M","$","M","M","?","R","M","R","T","M","M","$","T","T","R","B"],"character_chosen":"IRONCLAD","items_purchased":["Spot Weakness"],"campfire_rested":0,"item_purchase_floors":[12],"current_hp_per_floor":[54,54,51,49,49,49,52,52,52,58,60,60,60,60,60,0],"gold":9,"neow_bonus":"ONE_RARE_RELIC","is_prod":false,"is_daily":false,"chose_seed":false,"campfire_upgraded":3,"win_rate":0,"timestamp":1560727690,"path_taken":["M","$","M","M","?","R","M","R","T","M","M","$","?","?","R","BOSS"],"build_version":"2019-06-11","purchased_purges":2,"victory":false,"max_hp_per_floor":[80,80,80,80,80,80,80,80,80,80,80,80,80,80,80,80],"card_choices":[{"not_picked":["Body Slam","Cleave"],"picked":"Intimidate","floor":1.0},{"not_picked":["Sword Boomerang","Bloodletting"],"picked":"Pommel Strike","floor":3.0},{"not_picked":["Body Slam","Dual Wield"],"picked":"Thunderclap","floor":4.0},{"not_picked":["Heavy Blade","Intimidate"],"picked":"Battle Trance","floor":7.0},{"not_picked":["Heavy Blade","Warcry"],"picked":"Shrug It Off","floor":10},{"not_picked":["Wild Strike","Anger","Reckless Charge"],"picked":"SKIP","floor":11}],"player_experience":708075,"relics_obtained":[{"floor":9.0,"key":"Tiny Chest"},{"floor":13,"key":"Sundial"},{"floor":14,"key":"Bag of Preparation"}],"event_choices":[{"cards_removed":["Strike_R"],"damage_healed":0.0,"max_hp_gain":0.0,"max_hp_loss":0.0,"gold_gain":0.0,"event_name":"Bonfire Elementals","player_choice":"Offered Basic","floor":5.0,"gold_loss":0.0,"damage_taken":0.0}],"is_beta":true,"boss_relics":[],"items_purged_floors":[2,12],"is_endless":false,"potions_floor_spawned":[3,11],"killed_by":"Slime Boss","ascension_level":4}