{"gold_per_floor":[119,119,119,135,146,146,166,184,184,196,59,73,53],"floor_reached":13,"playtime":759,"items_purged":[],"score":150,"play_id":"0b69cd62-4a26-4104-a159-9042ad71a604","local_time":"20190625142416","is_ascension_mode":true,"campfire_choices":[{"floor":6,"key":"REST"}],"neow_cost":"NONE","seed_source_timestamp":880130664843253,"circlet_count":0,"master_deck":["AscendersBane","Defend_G","Defend_G","Defend_G","Defend_G","Defend_G","Strike_G","Strike_G","Strike_G+1","Strike_G+1","Strike_G","Survivor","Neutralize+1","Poisoned Stab","Deflect","Infinite Blades","Bane","Choke","Deflect","Well Laid Plans","Quick Slash"],"relics":["Ring of the Snake","Bronze Scales","Regal Pillow"],"potions_floor_usage":[10,12,13],"damage_taken":[{"damage":1,"enemies":"2 Louse","floor":1,"turns":5},{"damage":0,"enemies":"Jaw Worm","floor":4,"turns":3},{"damage":2,"enemies":"Small Slimes","floor":5,"turns":4},{"damage":3,"enemies":"Gremlin Gang","floor":7,"turns":6},{"damage":13,"enemies":"Blue Slaver","floor":8,"turns":3},{"damage":9,"enemies":"Lots of Slimes","floor":10,"turns":5},{"damage":1,"enemies":"3 Louse","floor":12,"turns":3},{"damage":4,"enemies":"Looter","floor":13,"turns":1}],"seed_played":"-4341089899146051130","potions_obtained":[{"floor":4,"key":"Swift Potion"},{"floor":7,"key":"Poison Potion"},{"floor":8,"key":"SkillPotion"}],"is_trial":false,"path_per_floor":["M","?","?","M","M","R","M","M","T","M","$","M","M"],"character_chosen":"THE_SILENT","items_purchased":["Well Laid Plans","AttackPotion"],"campfire_rested":1,"item_purchase_floors":[11,11],"current_hp_per_floor":[58,38,12,12,10,29,26,13,13,4,4,3,0],"gold":53,"neow_bonus":"UPGRADE_CARD","is_prod":false,"is_daily":false,"chose_seed":false,"campfire_upgraded":0,"win_rate":0,"timestamp":1561497856,"path_taken":["M","?","?","M","M","R","M","M","T","M","$","M","M"],"build_version":"2019-01-23","purchased_purges":0,"victory":false,"max_hp_per_floor":[66,66,66,66,66,66,66,66,66,66,66,66,66],"card_choices":[{"not_picked":["Eviscerate","Flying Knee"],"picked":"Poisoned Stab","floor":1},{"not_picked":["Caltrops","Outmaneuver"],"picked":"Deflect","floor":4},{"not_picked":["Concentrate","Expertise"],"picked":"Infinite Blades","floor":5},{"not_picked":["Setup","Slice"],"picked":"Bane","floor":7},{"not_picked":["Deflect","Outmaneuver"],"picked":"Choke","floor":8},{"not_picked":["Underhanded Strike","Concentrate"],"picked":"Deflect","floor":10},{"not_picked":["Sucker Punch","Dagger Throw"],"picked":"Quick Slash","floor":12}],"player_experience":546915,"relics_obtained":[{"floor":9,"key":"Regal Pillow"}],"event_choices":[{"damage_healed":0,"gold_gain":0,"player_choice":"Entered Light","damage_taken":20,"max_hp_gain":0,"max_hp_loss":0,"event_name":"Shining Light","floor":2,"gold_loss":0,"cards_upgraded":["Strike_G","Strike_G"]},{"damage_healed":0,"gold_gain":0,"player_choice":"Success","damage_taken":26,"relics_obtained":["Bronze Scales"],"max_hp_gain":0,"max_hp_loss":0,"event_name":"Scrap Ooze","floor":3,"gold_loss":0}],"is_beta":false,"boss_relics":[],"items_purged_floors":[],"is_endless":false,"potions_floor_spawned":[4,7,8],"killed_by":"Looter","ascension_level":18}