{"gold_per_floor":[109,209,31,31,50,81,9,9,9,22,97,115,115,128,128,128],"floor_reached":16,"playtime":414,"items_purged":[],"score":144,"play_id":"fcbb534d-e2c5-47bb-acfd-af6f04da89ba","local_time":"20190720182218","is_ascension_mode":true,"campfire_choices":[{"data":"Mayhem","floor":8,"key":"SMITH"},{"floor":15,"key":"REST"}],"neow_cost":"NONE","seed_source_timestamp":805186293436800,"circlet_count":0,"master_deck":["Strike_G+1","Strike_G","Strike_G","Strike_G+1","Strike_G+1","Defend_G","Defend_G","Defend_G+1","Defend_G","Defend_G","Survivor","Neutralize","Blade Dance","Mayhem+1","Blade Dance","Infinite Blades","Blade Dance"],"relics":["Ring of the Snake","NeowsBlessing","Golden Idol","Whetstone","Bag of Marbles"],"potions_floor_usage":[16],"damage_taken":[{"damage":0,"enemies":"Small Slimes","floor":1,"turns":1},{"damage":0,"enemies":"Cultist","floor":5,"turns":1},{"damage":0,"enemies":"Lagavulin","floor":6,"turns":1},{"damage":7,"enemies":"2 Louse","floor":10,"turns":3},{"damage":9,"enemies":"Looter","floor":12,"turns":3},{"damage":3,"enemies":"Blue Slaver","floor":14,"turns":5},{"damage":36,"enemies":"Hexaghost","floor":16,"turns":12}],"seed_played":"-6642832179904512227","potions_obtained":[{"floor":6,"key":"Swift Potion"},{"floor":14,"key":"GamblersBrew"}],"is_trial":false,"path_per_floor":["M","?","$","?","M","E","$","R","T","M","?","M","?","M","R","B"],"character_chosen":"THE_SILENT","items_purchased":["Mayhem","Infinite Blades"],"campfire_rested":1,"item_purchase_floors":[3,7],"current_hp_per_floor":[70,70,70,53,53,53,53,53,53,46,35,26,12,9,30,0],"gold":128,"neow_bonus":"THREE_ENEMY_KILL","is_prod":false,"is_daily":false,"chose_seed":false,"campfire_upgraded":1,"win_rate":0,"timestamp":1563628938,"path_taken":["M","?","?","?","M","E","$","R","T","M","?","M","?","M","R","BOSS"],"build_version":"2019-07-17","purchased_purges":0,"victory":false,"max_hp_per_floor":[70,70,70,70,70,70,70,70,70,70,70,70,70,70,70,70],"card_choices":[{"not_picked":["Bane","Sucker Punch"],"picked":"Blade Dance","floor":1},{"not_picked":["Deflect","Deadly Poison"],"picked":"Blade Dance","floor":5},{"not_picked":["Acrobatics","Underhanded Strike","Grand Finale"],"picked":"SKIP","floor":6},{"not_picked":["Bane","Bouncing Flask"],"picked":"Blade Dance","floor":10},{"not_picked":["Slice","Outmaneuver","Skewer"],"picked":"SKIP","floor":12},{"not_picked":["Sucker Punch","Underhanded Strike","Endless Agony"],"picked":"SKIP","floor":14}],"player_experience":144616,"relics_obtained":[{"floor":6,"key":"Whetstone"},{"floor":9,"key":"Bag of Marbles"}],"event_choices":[{"damage_healed":0,"gold_gain":100,"player_choice":"Pray","damage_taken":0,"max_hp_gain":0,"max_hp_loss":0,"event_name":"Golden Shrine","floor":2,"gold_loss":0},{"damage_healed":0,"gold_gain":0,"player_choice":"Take Damage","damage_taken":17,"relics_obtained":["Golden Idol"],"max_hp_gain":0,"max_hp_loss":0,"event_name":"Golden Idol","floor":4,"gold_loss":0},{"damage_healed":0,"gold_gain":75,"player_choice":"Gather Gold","damage_taken":11,"max_hp_gain":0,"max_hp_loss":0,"event_name":"World of Goop","floor":11,"gold_loss":0},{"damage_healed":0,"gold_gain":0,"player_choice":"Entered Light","damage_taken":14,"max_hp_gain":0,"max_hp_loss":0,"event_name":"Shining Light","floor":13,"gold_loss":0,"cards_upgraded":["Defend_G","Strike_G"]}],"is_beta":false,"boss_relics":[],"items_purged_floors":[],"is_endless":false,"potions_floor_spawned":[6,14],"killed_by":"Hexaghost","ascension_level":3}