{"gold_per_floor":[361,372,18,36,47,47,59,59,59,93,113,140,156,187,187,187],"floor_reached":16,"playtime":2023,"items_purged":["Doubt"],"score":236,"play_id":"e5afddf6-96e7-49a4-add5-1644eb5cf0fb","local_time":"20190730071657","is_ascension_mode":true,"campfire_choices":[{"data":"Neutralize","floor":6.0,"key":"SMITH"},{"floor":8.0,"key":"REST"},{"data":"Leg Sweep","floor":15,"key":"SMITH"}],"neow_cost":"CURSE","seed_source_timestamp":1733739399743294,"circlet_count":0,"master_deck":["AscendersBane","Strike_G","Strike_G","Strike_G","Strike_G","Strike_G","Defend_G","Defend_G","Defend_G","Defend_G","Defend_G","Survivor","Neutralize+1","Dagger Spray","PiercingWail","Dagger Spray","Endless Agony","Poisoned Stab","Cloak And Dagger","Deadly Poison","Riddle With Holes","Leg Sweep+1","Slice","Infinite Blades"],"special_seed":0,"relics":["Ring of the Snake","Sling","Blue Candle","Mummified Hand","Blood Vial","Anchor"],"potions_floor_usage":[],"damage_taken":[{"damage":11.0,"enemies":"Cultist","floor":1.0,"turns":6.0},{"damage":7.0,"enemies":"Small Slimes","floor":2.0,"turns":5.0},{"damage":5.0,"enemies":"Jaw Worm","floor":4.0,"turns":7.0},{"damage":0.0,"enemies":"3 Louse","floor":5.0,"turns":3.0},{"damage":4.0,"enemies":"Looter","floor":7.0,"turns":3.0},{"damage":1.0,"enemies":"Lagavulin","floor":10.0,"turns":5.0},{"damage":4.0,"enemies":"Large Slime","floor":11.0,"turns":6.0},{"damage":7,"enemies":"3 Sentries","floor":12,"turns":7},{"damage":0,"enemies":"Lots of Slimes","floor":13,"turns":1},{"damage":10,"enemies":"Lagavulin","floor":14,"turns":7},{"damage":39,"enemies":"Slime Boss","floor":16,"turns":7}],"seed_played":"-9133502686163484673","potions_obtained":[{"floor":4.0,"key":"AttackPotion"},{"floor":5.0,"key":"Poison Potion"},{"floor":7.0,"key":"GhostInAJar"}],"is_trial":false,"path_per_floor":["M","M","$","M","M","R","M","R","T","E","M","E","M","E","R","B"],"character_chosen":"THE_SILENT","items_purchased":["Sling","Dagger Spray"],"campfire_rested":1,"item_purchase_floors":[3,3],"current_hp_per_floor":[48,41,41,36,36,36,32,51,51,50,46,39,41,33,33,0],"gold":187,"neow_bonus":"TWO_FIFTY_GOLD","is_prod":false,"is_daily":false,"chose_seed":false,"campfire_upgraded":2,"win_rate":0,"timestamp":1564485417,"path_taken":["M","?","$","M","M","R","M","R","T","E","?","E","M","E","R","BOSS"],"build_version":"2019-07-17","purchased_purges":1,"victory":false,"max_hp_per_floor":[66,66,66,66,66,66,66,66,66,66,66,66,66,66,66,66],"card_choices":[{"not_picked":["Quick Slash","Backflip"],"picked":"Dagger Spray","floor":1.0},{"not_picked":["Blade Dance","Terror"],"picked":"PiercingWail","floor":2.0},{"not_picked":["Dodge and Roll","Tactician"],"picked":"Endless Agony","floor":4.0},{"not_picked":["Backflip","Prepared"],"picked":"Poisoned Stab","floor":5.0},{"not_picked":["Bouncing Flask","Underhanded Strike"],"picked":"Cloak And Dagger","floor":7.0},{"not_picked":["Setup","Prepared"],"picked":"Deadly Poison","floor":10.0},{"not_picked":["Burst","Dagger Throw"],"picked":"Riddle With Holes","floor":11.0},{"not_picked":["Setup","Masterful Stab"],"picked":"Leg Sweep","floor":12},{"not_picked":["Outmaneuver","Escape Plan"],"picked":"Slice","floor":13},{"not_picked":["Bane","Deflect"],"picked":"Infinite Blades","floor":14}],"player_experience":909717,"relics_obtained":[{"floor":9.0,"key":"Blue Candle"},{"floor":10.0,"key":"Mummified Hand"},{"floor":12,"key":"Blood Vial"},{"floor":14,"key":"Anchor"}],"event_choices":[],"is_beta":false,"boss_relics":[],"items_purged_floors":[3],"is_endless":false,"potions_floor_spawned":[4,5,7],"killed_by":"Slime Boss","ascension_level":18}