{"gold_per_floor":[117,32,32,45,45,80,5,5,80,80,98,133,133,151,151,228,228,240,240,259,106,106,106,136,218,297,297],"floor_reached":27,"playtime":2841,"items_purged":["Strike_B"],"score":498,"play_id":"01b99f31-297c-416b-8f00-3d51134afa66","local_time":"20190726203052","is_ascension_mode":true,"campfire_choices":[{"data":"Zap","floor":8.0,"key":"SMITH"},{"data":"Ball Lightning","floor":10.0,"key":"SMITH"},{"data":"Coolheaded","floor":15.0,"key":"SMITH"},{"data":"Multi-Cast","floor":23,"key":"SMITH"}],"neow_cost":"NONE","seed_source_timestamp":0,"circlet_count":0,"master_deck":["AscendersBane","Strike_B","Defend_B","Defend_B","Defend_B","Defend_B","Zap+1","Dualcast","Streamline","Glacier","Ball Lightning+1","Cold Snap","Coolheaded+1","Compile Driver","Multi-Cast+1","Coolheaded","Force Field","Blizzard"],"special_seed":0,"relics":["Cracked Core","NeowsBlessing","Mercury Hourglass","Ancient Tea Set","Bottled Flame","Nunchaku","Snecko Eye","Anchor","Mummified Hand","Bottled Lightning"],"potions_floor_usage":[24,27],"damage_taken":[{"damage":0.0,"enemies":"Jaw Worm","floor":1.0,"turns":1.0},{"damage":0.0,"enemies":"Cultist","floor":4.0,"turns":1.0},{"damage":0.0,"enemies":"Gremlin Nob","floor":6.0,"turns":1.0},{"damage":0.0,"enemies":"2 Louse","floor":11.0,"turns":1.0},{"damage":10.0,"enemies":"3 Sentries","floor":12.0,"turns":6.0},{"damage":0.0,"enemies":"Large Slime","floor":14.0,"turns":4.0},{"damage":10.0,"enemies":"Hexaghost","floor":16.0,"turns":9.0},{"damage":9,"enemies":"3 Byrds","floor":18,"turns":5},{"damage":5,"enemies":"Shell Parasite","floor":20,"turns":6},{"damage":60,"enemies":"Slavers","floor":24,"turns":6},{"damage":7,"enemies":"Book of Stabbing","floor":27,"turns":5}],"seed_played":"-5916037276260013209","potions_obtained":[{"floor":1.0,"key":"SteroidPotion"},{"floor":4.0,"key":"Weak Potion"},{"floor":6.0,"key":"SteroidPotion"},{"floor":16.0,"key":"SkillPotion"},{"floor":24,"key":"EssenceOfSteel"}],"is_trial":false,"path_per_floor":["M","$","?","M","?","E","?","R","T","R","M","E","?","M","R","B",null,"M","?","M","$","?","R","E","T","T","E"],"character_chosen":"DEFECT","items_purchased":["Glacier","Force Field"],"campfire_rested":0,"item_purchase_floors":[2,21],"current_hp_per_floor":[64,64,64,64,64,64,64,64,64,64,64,54,54,54,54,44,64,55,55,50,50,64,64,4,4,4,0],"gold":297,"neow_bonus":"THREE_ENEMY_KILL","is_prod":false,"is_daily":false,"chose_seed":false,"campfire_upgraded":4,"win_rate":0,"timestamp":1564198252,"path_taken":["M","$","?","?","?","E","?","R","T","R","M","E","?","M","R","BOSS","M","?","M","$","?","R","E","?","T","E"],"build_version":"2019-07-17","purchased_purges":1,"victory":false,"max_hp_per_floor":[71,71,71,71,71,71,71,71,71,71,71,71,71,71,71,71,71,71,71,71,71,71,71,71,71,71,71],"card_choices":[{"not_picked":["Scrape","Reinforced Body"],"picked":"Streamline","floor":1.0},{"not_picked":["Go for the Eyes","Beam Cell"],"picked":"Ball Lightning","floor":4.0},{"not_picked":["Consume","Streamline","Sunder"],"picked":"SKIP","floor":6.0},{"not_picked":["Streamline","Go for the Eyes"],"picked":"Cold Snap","floor":11.0},{"not_picked":["Sweeping Beam","Fusion"],"picked":"Coolheaded","floor":12.0},{"not_picked":["Chill","Consume"],"picked":"Compile Driver","floor":14.0},{"not_picked":["Rainbow","Thunder Strike"],"picked":"Multi-Cast","floor":16.0},{"not_picked":["Cold Snap","Gash"],"picked":"Coolheaded","floor":18},{"not_picked":["Storm+1","Fusion+1","Ball Lightning"],"picked":"SKIP","floor":20},{"not_picked":["Sweeping Beam","Chill"],"picked":"Blizzard","floor":24}],"player_experience":566867,"relics_obtained":[{"floor":6.0,"key":"Ancient Tea Set"},{"floor":9.0,"key":"Bottled Flame"},{"floor":12.0,"key":"Nunchaku"},{"floor":24,"key":"Anchor"},{"floor":25,"key":"Mummified Hand"},{"floor":26,"key":"Bottled Lightning"}],"event_choices":[{"damage_healed":0.0,"max_hp_gain":0.0,"max_hp_loss":0.0,"gold_gain":0.0,"event_name":"WeMeetAgain","player_choice":"Gave Potion","floor":3.0,"gold_loss":0.0,"damage_taken":0.0,"relics_obtained":["Mercury Hourglass"]},{"damage_healed":0.0,"max_hp_gain":0.0,"max_hp_loss":0.0,"gold_gain":0.0,"event_name":"Liars Game","player_choice":"Ignored","floor":5.0,"gold_loss":0.0,"damage_taken":0.0},{"cards_removed":["Strike_B"],"damage_healed":0.0,"max_hp_gain":0.0,"max_hp_loss":0.0,"gold_gain":0.0,"event_name":"The Cleric","player_choice":"Card Removal","floor":7.0,"gold_loss":75.0,"damage_taken":0.0},{"cards_removed":["Strike_B"],"damage_healed":0.0,"max_hp_gain":0.0,"max_hp_loss":0.0,"gold_gain":0.0,"event_name":"Living Wall","player_choice":"Forget","floor":13.0,"gold_loss":0.0,"damage_taken":0.0},{"damage_healed":0,"gold_gain":0,"player_choice":"Ignored","damage_taken":0,"max_hp_gain":0,"max_hp_loss":0,"event_name":"Ghosts","floor":19,"gold_loss":0},{"damage_healed":14,"gold_gain":0,"player_choice":"Heal","damage_taken":0,"max_hp_gain":0,"max_hp_loss":0,"event_name":"The Library","floor":22,"gold_loss":0}],"is_beta":false,"boss_relics":[{"not_picked":["Eternal Feather","Fusion Hammer"],"picked":"Snecko Eye"}],"items_purged_floors":[21],"is_endless":false,"potions_floor_spawned":[1,4,6,16,24],"killed_by":"Book of Stabbing","ascension_level":18}