{"path_per_floor":["M","M","M","?","?","R","$","M","T","?","R","M","M","M","R","B",null,"M","M","$","M","?","R","?","M","T","M"],"character_chosen":"IRONCLAD","items_purchased":["Metallicize","Inflame","Purity"],"gold_per_floor":[115,129,140,140,140,140,27,52,52,2,2,15,34,57,57,186,186,175,190,48,67,67,67,67,90,90,108],"floor_reached":28,"campfire_rested":1,"playtime":1226,"current_hp_per_floor":[80,80,80,64,44,44,44,48,48,48,48,54,44,35,59,47,80,73,78,78,60,60,60,60,23,23,9],"items_purged":["Strike_R"],"gold":108,"play_id":"f8d8e5f3-1d72-42e9-bc6b-b417baef73ed","is_prod":false,"is_daily":false,"campfire_rituals":0,"campfire_upgraded":3,"is_hardmode":false,"path_taken":["M","M","M","?","?","R","$","M","T","?","R","?","M","M","R","BOSS","M","M","$","M","?","R","?","M","T","M","M"],"build_version":"2018-01-18-PROD4","purchased_purges":1,"victory":false,"master_deck":["Strike_R","Strike_R","Strike_R","Defend_R","Defend_R","Defend_R","Defend_R","Bash","Flex","Shrug It Off","Twin Strike","Metallicize","Demon Form","Clash","Combust","Cleave","Brutality","Clash","Feed","Inflame","Purity","Clash","Flame Barrier","Power Through","Armaments"],"max_hp_per_floor":[80,80,80,80,80,80,80,80,80,80,80,80,80,80,80,80,80,80,80,80,80,80,80,80,80,80,80],"relics":["Burning Blood","Golden Idol","Whetstone","Sozu","Red Skull"],"campfire_meditates":0,"card_choices":[{"not_picked":["Rage","Clash"],"picked":"Flex"},{"not_picked":["True Grit","Whirlwind"],"picked":"Shrug It Off"},{"not_picked":["Pummel","Warcry"],"picked":"Twin Strike"},{"not_picked":["Combust","Pommel Strike"],"picked":"Demon Form"},{"not_picked":["Uppercut","Sword Boomerang"],"picked":"Clash"},{"not_picked":["Uppercut","Feel No Pain"],"picked":"Combust"},{"not_picked":["Iron Wave","Anger"],"picked":"Cleave"},{"not_picked":["Reaper","Offering"],"picked":"Brutality"},{"not_picked":["Iron Wave","Perfected Strike"],"picked":"Clash"},{"not_picked":["Combust","Twin Strike"],"picked":"Feed"},{"not_picked":["Second Wind","Clothesline"],"picked":"Clash"},{"not_picked":["Anger","Shrug It Off"],"picked":"Power Through"},{"not_picked":["Clothesline","True Grit"],"picked":"Armaments"}],"player_experience":37976,"potions_floor_usage":[13,14],"damage_taken":[{"damage":3,"enemies":"Jaw Worm","floor":1,"turns":5},{"damage":0,"enemies":"Small Slimes","floor":2,"turns":3},{"damage":2,"enemies":"Cultist","floor":3,"turns":4},{"damage":2,"enemies":"Large Slime","floor":8,"turns":6},{"damage":0,"enemies":"Looter","floor":12,"turns":3},{"damage":16,"enemies":"3 Louse","floor":13,"turns":4},{"damage":15,"enemies":"2 Fungi Beasts","floor":14,"turns":3},{"damage":18,"enemies":"The Guardian","floor":16,"turns":7},{"damage":13,"enemies":"2 Thieves","floor":18,"turns":4},{"damage":1,"enemies":"Spheric Guardian","floor":19,"turns":2},{"damage":24,"enemies":"Snecko","floor":21,"turns":5},{"damage":43,"enemies":"Centurion and Healer","floor":25,"turns":6},{"damage":20,"enemies":"Snake Plant","floor":27,"turns":4},{"damage":9,"enemies":"3 Cultists","floor":28,"turns":2}],"event_choices":[{"event_name":"Shining Light","player_choice":"Entered Light","floor":4,"damage_taken":0},{"event_name":"Golden Idol","player_choice":"Take Damage","floor":5,"damage_taken":0},{"event_name":"The Cleric","player_choice":"Card Removal","floor":10,"damage_taken":0},{"event_name":"The Library","player_choice":"Read","floor":22,"damage_taken":0},{"event_name":"Accursed Blacksmith","player_choice":"Ignore","floor":24,"damage_taken":0}],"boss_relics":[{"not_picked":["Question Card","Orrery"],"picked":"Sozu"}],"potions_floor_spawned":[1,8,14,25],"seed_played":"728800525136725457","killed_by":"3 Cultists","is_trial":false}