{"gold_per_floor":[112,62,72,85,260,260,290,290],"floor_reached":8,"playtime":278,"items_purged":[],"score":64,"play_id":"e66c0517-44f1-43b7-ac1d-045b9d469940","local_time":"20190715172622","is_ascension_mode":true,"campfire_choices":[{"data":"Double Energy","floor":6,"key":"SMITH"}],"neow_cost":"NONE","seed_source_timestamp":369959041322800,"circlet_count":0,"master_deck":["Strike_B","Strike_B","Strike_B","Defend_B","Defend_B","Defend_B","Defend_B","Zap","Dualcast","Double Energy+1","Doubt","Steam"],"relics":["Cracked Core","Mummified Hand"],"potions_floor_usage":[],"damage_taken":[{"damage":9,"enemies":"Small Slimes","floor":1,"turns":4},{"damage":3,"enemies":"Jaw Worm","floor":3,"turns":4},{"damage":1,"enemies":"2 Louse","floor":4,"turns":3},{"damage":53,"enemies":"Lagavulin","floor":7,"turns":10},{"damage":16,"enemies":"Exordium Thugs","floor":8,"turns":1}],"seed_played":"3594596340960870908","potions_obtained":[{"floor":1,"key":"Weak Potion"},{"floor":4,"key":"SteroidPotion"},{"floor":7,"key":"Explosive Potion"}],"is_trial":false,"path_per_floor":["M","?","M","M","?","R","E","M"],"character_chosen":"DEFECT","items_purchased":[],"campfire_rested":0,"item_purchase_floors":[],"current_hp_per_floor":[73,73,70,69,69,69,16,0],"gold":290,"neow_bonus":"TEN_PERCENT_HP_BONUS","is_prod":false,"is_daily":false,"chose_seed":false,"campfire_upgraded":1,"win_rate":0,"timestamp":1563193582,"path_taken":["M","?","M","M","?","R","E","?"],"build_version":"2019-07-05","purchased_purges":0,"victory":false,"max_hp_per_floor":[82,82,82,82,82,82,82,82],"card_choices":[{"not_picked":["Skim","Sunder"],"picked":"Double Energy","floor":1},{"not_picked":["Streamline","Steam Power","Reinforced Body"],"picked":"SKIP","floor":3},{"not_picked":["Cold Snap","White Noise","Redo"],"picked":"SKIP","floor":4},{"not_picked":["Force Field","Turbo"],"picked":"Steam","floor":7}],"player_experience":134476,"relics_obtained":[{"floor":7,"key":"Mummified Hand"}],"event_choices":[{"cards_removed":["Strike_B"],"damage_healed":0,"gold_gain":0,"player_choice":"Card Removal","damage_taken":0,"max_hp_gain":0,"max_hp_loss":0,"event_name":"The Cleric","floor":2,"gold_loss":50},{"damage_healed":0,"gold_gain":175,"player_choice":"AGREE","damage_taken":0,"max_hp_gain":0,"max_hp_loss":0,"event_name":"Liars Game","floor":5,"gold_loss":0,"cards_obtained":["Doubt"]}],"is_beta":false,"boss_relics":[],"items_purged_floors":[],"is_endless":false,"potions_floor_spawned":[1,4,7],"killed_by":"Exordium Thugs","ascension_level":3}