{"gold_per_floor":[115,130,130,54,129,129,129,129,129,129,13,38,73,87,87,207,207,223,237,237,260,260,260,274,274,322,172,172,172,172,215,215,338,338,361,381,113,126,36,77,77,6,6,30,43,43,58,58,58,58],"floor_reached":51,"playtime":1727,"items_purged":["Injury","Pain","Strike_R"],"score":743,"play_id":"9ff8e8fd-cd96-4e4f-98af-84466e4942bd","local_time":"20190403015823","is_ascension_mode":false,"campfire_choices":[{"floor":6.0,"key":"REST"},{"data":"Shrug It Off","floor":8.0,"key":"SMITH"},{"data":"Inflame","floor":10.0,"key":"SMITH"},{"data":"Infernal Blade","floor":15.0,"key":"SMITH"},{"data":"Offering","floor":23.0,"key":"SMITH"},{"data":"Inflame","floor":25.0,"key":"SMITH"},{"data":"Shrug It Off","floor":28.0,"key":"SMITH"},{"data":"J.A.X.","floor":30.0,"key":"SMITH"},{"data":"Spot Weakness","floor":32.0,"key":"SMITH"},{"data":"Reaper","floor":41.0,"key":"SMITH"},{"floor":46.0,"key":"DIG"},{"floor":49.0,"key":"DIG"}],"neow_cost":"PERCENT_DAMAGE","seed_source_timestamp":5666296121728,"circlet_count":0,"master_deck":["Strike_R+1","Strike_R","Strike_R+1","Defend_R","Defend_R","Defend_R","Defend_R+1","Heavy Blade+1","Shrug It Off+1","Inflame+1","Inflame+1","Infernal Blade+1","Offering+1","Spot Weakness+1","Fiend Fire+1","Ghostly Armor","Shrug It Off+1","J.A.X.+1","Reaper+1","Rupture+1","Power Through","Flame Barrier","Pain","Shockwave+1"],"special_seed":0,"relics":["Burning Blood","Magic Flower","Golden Idol","Matryoshka","Nunchaku","Cursed Key","FossilizedHelix","Bag of Preparation","Anchor","Gremlin Horn","Coffee Dripper","Lantern","Frozen Egg 2","Whetstone","Shovel","Bottled Lightning","Oddly Smooth Stone"],"potions_floor_usage":[50],"damage_taken":[{"damage":0.0,"enemies":"2 Louse","floor":1.0,"turns":3.0},{"damage":11.0,"enemies":"Jaw Worm","floor":2.0,"turns":4.0},{"damage":5.0,"enemies":"Small Slimes","floor":12.0,"turns":3.0},{"damage":0.0,"enemies":"Gremlin Nob","floor":13.0,"turns":3.0},{"damage":12.0,"enemies":"Blue Slaver","floor":14.0,"turns":3.0},{"damage":54.0,"enemies":"The Guardian","floor":16.0,"turns":13.0},{"damage":15.0,"enemies":"3 Byrds","floor":18.0,"turns":5.0},{"damage":8.0,"enemies":"Spheric Guardian","floor":19.0,"turns":3.0},{"damage":0.0,"enemies":"Snecko","floor":21.0,"turns":2.0},{"damage":25.0,"enemies":"Shelled Parasite and Fungi","floor":24.0,"turns":3.0},{"damage":11.0,"enemies":"Gremlin Leader","floor":31.0,"turns":3.0},{"damage":17.0,"enemies":"Automaton","floor":33.0,"turns":6.0},{"damage":6.0,"enemies":"Orb Walker","floor":35.0,"turns":2.0},{"damage":6.0,"enemies":"3 Shapes","floor":36.0,"turns":1.0},{"damage":38.0,"enemies":"Transient","floor":38.0,"turns":5.0},{"damage":47.0,"enemies":"Reptomancer","floor":40.0,"turns":4.0},{"damage":23.0,"enemies":"Maw","floor":44.0,"turns":7.0},{"damage":19.0,"enemies":"Jaw Worm Horde","floor":45.0,"turns":3.0},{"damage":0.0,"enemies":"Spire Growth","floor":47.0,"turns":1.0},{"damage":82,"enemies":"Awakened One","floor":50,"turns":9}],"seed_played":"-3959251563436851247","potions_obtained":[{"floor":1.0,"key":"Poison Potion"},{"floor":12.0,"key":"Fire Potion"},{"floor":16.0,"key":"PowerPotion"},{"floor":19.0,"key":"PowerPotion"},{"floor":24.0,"key":"SkillPotion"},{"floor":35.0,"key":"Dexterity Potion"},{"floor":40.0,"key":"SteroidPotion"},{"floor":44.0,"key":"GamblersBrew"},{"floor":45.0,"key":"Regen Potion"}],"is_trial":false,"path_per_floor":["M","M","?","$","?","R","?","R","T","R","$","M","E","M","R","B",null,"M","M","?","M","?","R","M","R","T","$","R","?","R","E","R","B",null,"M","M","$","M","?","E","R","$","T","M","M","R","M","$","R","B",null],"character_chosen":"IRONCLAD","items_purchased":["Inflame","Inflame","Shrug It Off","Lantern","Flame Barrier"],"campfire_rested":1,"item_purchase_floors":[4,11,27,37,42],"current_hp_per_floor":[65,63,47,47,36,60,60,60,60,60,60,64,73,70,70,25,80,74,75,75,80,80,80,64,64,64,64,64,64,64,62,62,54,80,80,80,80,80,80,42,42,42,42,46,69,69,78,78,78,62],"gold":58,"neow_bonus":"ONE_RARE_RELIC","is_prod":false,"is_daily":false,"chose_seed":false,"campfire_upgraded":9,"win_rate":0,"timestamp":1554244103,"path_taken":["M","M","?","$","?","R","?","R","T","R","$","?","E","M","R","BOSS","M","M","?","M","?","R","?","R","T","$","R","?","R","E","R","BOSS","M","M","$","M","?","E","R","?","T","M","M","R","M","$","R","BOSS"],"build_version":"2019-03-15","purchased_purges":3,"victory":true,"max_hp_per_floor":[80,80,80,80,80,80,80,80,80,80,80,80,80,80,80,80,80,80,80,80,80,80,80,80,80,80,80,80,80,80,80,80,80,80,80,80,80,80,80,80,80,80,80,80,80,80,80,80,80,80],"card_choices":[{"not_picked":["Havoc","Wild Strike"],"picked":"Heavy Blade","floor":1.0},{"not_picked":["Clash","Immolate"],"picked":"Shrug It Off","floor":2.0},{"not_picked":["Clash","Sword Boomerang","Thunderclap"],"picked":"SKIP","floor":12.0},{"not_picked":["Wild Strike","Perfected Strike"],"picked":"Infernal Blade","floor":13.0},{"not_picked":["Warcry","Armaments","Sever Soul"],"picked":"SKIP","floor":14.0},{"not_picked":["Reaper","Berserk"],"picked":"Offering","floor":16.0},{"not_picked":["Heavy Blade","Dual Wield"],"picked":"Spot Weakness","floor":18.0},{"not_picked":["Iron Wave","Body Slam"],"picked":"Fiend Fire","floor":19.0},{"not_picked":["Anger","Fire Breathing","Rupture"],"picked":"SKIP","floor":21.0},{"not_picked":["Anger","Heavy Blade"],"picked":"Ghostly Armor","floor":24.0},{"not_picked":["Spot Weakness","Body Slam","Entrench"],"picked":"SKIP","floor":31.0},{"not_picked":["Immolate","Berserk"],"picked":"Reaper","floor":33.0},{"not_picked":["Wild Strike+1","True Grit","Ghostly Armor+1"],"picked":"SKIP","floor":35.0},{"not_picked":["Perfected Strike","Pommel Strike"],"picked":"Rupture+1","floor":36.0},{"not_picked":["Armaments+1","Corruption","Fire Breathing+1"],"picked":"SKIP","floor":38.0},{"not_picked":["Burning Pact","Body Slam+1"],"picked":"Power Through","floor":40.0},{"not_picked":["Dropkick+1","Flex+1","Perfected Strike"],"picked":"SKIP","floor":44.0},{"not_picked":["Fire Breathing+1","Twin Strike+1"],"picked":"Shockwave+1","floor":45.0},{"not_picked":["Warcry","Perfected Strike+1","Burning Pact+1"],"picked":"SKIP","floor":47.0}],"player_experience":650465,"relics_obtained":[{"floor":9.0,"key":"Matryoshka"},{"floor":13.0,"key":"Nunchaku"},{"floor":26.0,"key":"Bag of Preparation"},{"floor":26.0,"key":"Anchor"},{"floor":31.0,"key":"Gremlin Horn"},{"floor":40.0,"key":"Frozen Egg 2"},{"floor":43.0,"key":"Whetstone"},{"floor":43.0,"key":"Shovel"},{"floor":46.0,"key":"Bottled Lightning"},{"floor":49.0,"key":"Oddly Smooth Stone"}],"event_choices":[{"damage_healed":0.0,"max_hp_gain":0.0,"max_hp_loss":0.0,"gold_gain":0.0,"event_name":"Shining Light","player_choice":"Entered Light","floor":3.0,"gold_loss":0.0,"damage_taken":16.0,"cards_upgraded":["Defend_R","Strike_R"]},{"damage_healed":0.0,"max_hp_gain":0.0,"max_hp_loss":0.0,"gold_gain":75.0,"event_name":"World of Goop","player_choice":"Gather Gold","floor":5.0,"gold_loss":0.0,"damage_taken":11.0},{"damage_healed":0.0,"max_hp_gain":0.0,"max_hp_loss":0.0,"gold_gain":0.0,"event_name":"Golden Idol","player_choice":"Take Wound","floor":7.0,"gold_loss":0.0,"damage_taken":0.0,"relics_obtained":["Golden Idol"],"cards_obtained":["Injury"]},{"damage_healed":0.0,"max_hp_gain":0.0,"max_hp_loss":0.0,"gold_gain":0.0,"event_name":"The Mausoleum","player_choice":"Opened","floor":20.0,"gold_loss":0.0,"damage_taken":0.0,"relics_obtained":["FossilizedHelix"]},{"cards_removed":["Bash"],"damage_healed":0.0,"max_hp_gain":0.0,"max_hp_loss":0.0,"gold_gain":0.0,"event_name":"Bonfire Elementals","player_choice":"Offered Basic","floor":22.0,"gold_loss":0.0,"damage_taken":0.0},{"damage_healed":0.0,"max_hp_gain":0.0,"max_hp_loss":0.0,"gold_gain":0.0,"event_name":"Drug Dealer","player_choice":"Obtain J.A.X.","floor":29.0,"gold_loss":0.0,"damage_taken":0.0,"cards_obtained":["J.A.X."]},{"cards_removed":["Strike_R"],"damage_healed":0.0,"max_hp_gain":0.0,"max_hp_loss":0.0,"gold_gain":0.0,"event_name":"Designer","player_choice":"Upgrade and Remove","floor":39.0,"gold_loss":90.0,"damage_taken":0.0,"cards_upgraded":["Fiend Fire"]}],"is_beta":true,"boss_relics":[{"not_picked":["Runic Cube","Runic Pyramid"],"picked":"Cursed Key"},{"not_picked":["Mark of Pain","Tiny House"],"picked":"Coffee Dripper"}],"items_purged_floors":[11,27,37],"is_endless":false,"potions_floor_spawned":[1,12,16,19,24,35,40,44,45],"ascension_level":0}