{"gold_per_floor":[109,109,28,28,48,80,93,93,93,93],"floor_reached":10,"playtime":438,"items_purged":[],"score":69,"play_id":"c3a80a81-3059-43e8-9a18-2a5fe6c95289","local_time":"20190704202739","is_ascension_mode":true,"campfire_choices":[{"data":"Burst","floor":8,"key":"SMITH"}],"neow_cost":"NONE","seed_source_timestamp":619338180782000,"circlet_count":0,"master_deck":["Strike_G","Strike_G","Strike_G","Strike_G","Strike_G","Defend_G","Defend_G","Defend_G","Defend_G","Defend_G","Survivor","Neutralize","Backflip+1","Well Laid Plans","Deadly Poison","Burst+1"],"relics":["Ring of the Snake","Tingsha","Torii"],"potions_floor_usage":[],"damage_taken":[{"damage":0,"enemies":"Small Slimes","floor":1,"turns":4},{"damage":1,"enemies":"2 Louse","floor":5,"turns":3},{"damage":14,"enemies":"Lagavulin","floor":6,"turns":10},{"damage":0,"enemies":"Cultist","floor":7,"turns":4},{"damage":76,"enemies":"Gremlin Nob","floor":10,"turns":6}],"seed_played":"-4562863379383754085","potions_obtained":[{"floor":6,"key":"Poison Potion"}],"is_trial":false,"path_per_floor":["M","?","$","?","M","E","M","R","T","E"],"character_chosen":"THE_SILENT","items_purchased":["Well Laid Plans"],"campfire_rested":0,"item_purchase_floors":[3],"current_hp_per_floor":[77,77,77,77,76,62,62,62,62,0],"gold":93,"neow_bonus":"TEN_PERCENT_HP_BONUS","is_prod":false,"is_daily":false,"chose_seed":false,"campfire_upgraded":1,"win_rate":0,"timestamp":1562254059,"path_taken":["M","?","$","?","M","E","M","R","T","E"],"build_version":"2019-07-01","purchased_purges":0,"victory":false,"max_hp_per_floor":[77,77,77,77,77,77,77,77,77,77],"card_choices":[{"not_picked":["Quick Slash","Escape Plan"],"picked":"Backflip","floor":1},{"not_picked":["Slice","Heel Hook"],"picked":"Deadly Poison","floor":5},{"not_picked":["Cloak And Dagger","Dodge and Roll"],"picked":"Burst","floor":6},{"not_picked":["Quick Slash","Bane","Endless Agony"],"picked":"SKIP","floor":7}],"player_experience":89381,"relics_obtained":[{"floor":6,"key":"Tingsha"},{"floor":9,"key":"Torii"}],"event_choices":[{"damage_healed":0,"gold_gain":0,"player_choice":"Ignored","damage_taken":0,"max_hp_gain":0,"max_hp_loss":0,"event_name":"Liars Game","floor":2,"gold_loss":0},{"damage_healed":0,"gold_gain":0,"player_choice":"Grow","damage_taken":0,"max_hp_gain":0,"max_hp_loss":0,"event_name":"Living Wall","floor":4,"gold_loss":0,"cards_upgraded":["Backflip"]}],"is_beta":false,"boss_relics":[],"items_purged_floors":[],"is_endless":false,"potions_floor_spawned":[6],"killed_by":"Gremlin Nob","ascension_level":1}