{"gold_per_floor":[20,39,39,51,71,71,90,110,110,124,124,134,163,163,163,262,262,274,51,51,70,80,106,106,126,126,126,26,26,39,54,54,156,156,171,171,46,64,77,77,96,96,171,186,0,35,55,67,67,67],"floor_reached":50,"playtime":2586,"items_purged":["Regret","Strike_R","Disarm+1"],"score":602,"play_id":"a59f2dfe-1134-4d8a-a1bc-9c9728e2b7a9","local_time":"20190402015918","is_ascension_mode":false,"campfire_choices":[{"data":"Inflame","floor":6.0,"key":"SMITH"},{"data":"Reaper","floor":11.0,"key":"SMITH"},{"data":"Dual Wield","floor":15.0,"key":"SMITH"},{"data":"Heavy Blade","floor":24,"key":"SMITH"},{"data":"Inflame","floor":27,"key":"SMITH"},{"data":"Battle Trance","floor":32,"key":"SMITH"},{"data":"Pommel Strike","floor":40,"key":"SMITH"},{"data":"Carnage","floor":42,"key":"SMITH"},{"data":"Flame Barrier","floor":49,"key":"SMITH"}],"neow_cost":"NO_GOLD","seed_source_timestamp":106321734785052,"circlet_count":0,"master_deck":["Strike_R","Defend_R","Defend_R","Defend_R","Defend_R","Reaper+1","Pommel Strike+1","Clothesline","Inflame+1","Battle Trance+1","Heavy Blade","Dual Wield+1","Barricade","Heavy Blade","Inflame+1","Blood for Blood","Heavy Blade+1","Demon Form+1","Inflame+1","Inflame+1","Carnage+1","Flame Barrier+1"],"special_seed":0,"relics":["Burning Blood","Self Forming Clay","Magic Flower","Gremlin Horn","Snecko Eye","Frozen Egg 2","Paper Frog","Thread and Needle","FaceOfCleric","Astrolabe","Dodecahedron","Red Mask","Omamori"],"potions_floor_usage":[33,35,35,50],"damage_taken":[{"damage":19.0,"enemies":"Small Slimes","floor":1.0,"turns":5.0},{"damage":0.0,"enemies":"2 Louse","floor":2.0,"turns":3.0},{"damage":4.0,"enemies":"Cultist","floor":4.0,"turns":3.0},{"damage":2.0,"enemies":"Blue Slaver","floor":5.0,"turns":5.0},{"damage":12.0,"enemies":"Red Slaver","floor":7.0,"turns":5.0},{"damage":11.0,"enemies":"Gremlin Gang","floor":8.0,"turns":4.0},{"damage":9.0,"enemies":"Large Slime","floor":10.0,"turns":5.0},{"damage":15.0,"enemies":"Exordium Wildlife","floor":12.0,"turns":4.0},{"damage":19.0,"enemies":"3 Sentries","floor":13.0,"turns":8.0},{"damage":40.0,"enemies":"The Guardian","floor":16.0,"turns":10.0},{"damage":8.0,"enemies":"2 Thieves","floor":18.0,"turns":3.0},{"damage":18.0,"enemies":"Shell Parasite","floor":21.0,"turns":4.0},{"damage":13.0,"enemies":"3 Cultists","floor":22.0,"turns":3.0},{"damage":49,"enemies":"Slavers","floor":23,"turns":4},{"damage":12,"enemies":"Cultist and Chosen","floor":25,"turns":4},{"damage":21,"enemies":"Sentry and Sphere","floor":30,"turns":4},{"damage":9,"enemies":"3 Cultists","floor":31,"turns":4},{"damage":0,"enemies":"Collector","floor":33,"turns":4},{"damage":17,"enemies":"3 Darklings","floor":35,"turns":4},{"damage":11,"enemies":"Orb Walker","floor":38,"turns":2},{"damage":5,"enemies":"Transient","floor":39,"turns":5},{"damage":23,"enemies":"4 Shapes","floor":41,"turns":4},{"damage":22,"enemies":"Maw","floor":44,"turns":4},{"damage":40,"enemies":"Reptomancer","floor":46,"turns":6},{"damage":13,"enemies":"Writhing Mass","floor":47,"turns":4},{"damage":31,"enemies":"Jaw Worm Horde","floor":48,"turns":4},{"damage":90,"enemies":"Time Eater","floor":50,"turns":6}],"seed_played":"8891942656043780607","potions_obtained":[{"floor":1.0,"key":"SteroidPotion"},{"floor":7.0,"key":"Swift Potion"},{"floor":8.0,"key":"FairyPotion"},{"floor":12.0,"key":"SpeedPotion"},{"floor":25,"key":"Energy Potion"},{"floor":30,"key":"EntropicBrew"},{"floor":31,"key":"Energy Potion"},{"floor":33,"key":"Block Potion"},{"floor":35,"key":"BloodPotion"},{"floor":46,"key":"LiquidBronze"}],"is_trial":false,"path_per_floor":["M","M","?","M","M","R","M","M","T","M","R","M","E","?","R","B",null,"M","$","?","M","M","E","R","M","T","R","$","?","M","M","R","B",null,"M","?","$","M","M","R","M","R","T","M","?","E","M","M","R","B"],"character_chosen":"IRONCLAD","items_purchased":["Inflame","Blood for Blood"],"campfire_rested":0,"item_purchase_floors":[19,19],"current_hp_per_floor":[71,77,77,79,80,80,74,72,72,80,80,71,71,71,71,40,80,80,80,80,77,80,72,72,69,69,69,69,69,67,82,82,83,83,84,84,84,84,86,86,74,74,74,88,88,89,87,75,75,0],"gold":67,"neow_bonus":"THREE_RARE_CARDS","is_prod":false,"is_daily":false,"chose_seed":false,"campfire_upgraded":9,"win_rate":0,"timestamp":1554157758,"path_taken":["M","M","?","M","M","R","M","M","T","M","R","M","E","?","R","BOSS","M","$","?","M","M","E","R","M","T","R","$","?","M","?","R","BOSS","M","?","$","?","M","R","M","R","T","?","?","E","M","M","R","BOSS"],"build_version":"2019-03-15","purchased_purges":3,"victory":false,"max_hp_per_floor":[80,80,80,80,80,80,80,80,80,80,80,80,80,80,80,80,80,80,80,80,80,80,80,80,80,80,80,80,80,81,82,82,83,83,84,84,84,85,86,86,87,87,87,88,88,89,90,91,91,91],"card_choices":[{"not_picked":["Bludgeon","Feed"],"picked":"Reaper","floor":0.0},{"not_picked":["Ghostly Armor","Thunderclap"],"picked":"Pommel Strike","floor":1.0},{"not_picked":["Rupture","Perfected Strike"],"picked":"Clothesline","floor":2.0},{"not_picked":["Bloodletting","Carnage","Blood for Blood"],"picked":"SKIP","floor":4.0},{"not_picked":["Second Wind","Feel No Pain"],"picked":"Inflame","floor":5.0},{"not_picked":["Warcry","Cleave"],"picked":"Battle Trance","floor":7.0},{"not_picked":["Thunderclap","Anger"],"picked":"Heavy Blade","floor":8.0},{"not_picked":["Rupture","Body Slam","Iron Wave"],"picked":"SKIP","floor":10.0},{"not_picked":["Carnage","Twin Strike","Bludgeon"],"picked":"SKIP","floor":12.0},{"not_picked":["Sever Soul","Warcry"],"picked":"Dual Wield","floor":13.0},{"not_picked":["Berserk","Reaper"],"picked":"Barricade","floor":16.0},{"not_picked":["Spot Weakness","Headbutt"],"picked":"Heavy Blade","floor":18.0},{"not_picked":["Seeing Red","Searing Blow"],"picked":"Heavy Blade","floor":21.0},{"not_picked":["Headbutt","Thunderclap+1","Armaments+1"],"picked":"SKIP","floor":22.0},{"not_picked":["Perfected Strike+1","Twin Strike+1","Cleave"],"picked":"SKIP","floor":23},{"not_picked":["Sword Boomerang","Perfected Strike","Fiend Fire"],"picked":"SKIP","floor":25},{"not_picked":["True Grit","Entrench","Iron Wave"],"picked":"SKIP","floor":30},{"not_picked":["Rupture+1","Pommel Strike","Havoc+1"],"picked":"SKIP","floor":31},{"not_picked":["Fiend Fire","Feed"],"picked":"Demon Form+1","floor":33},{"not_picked":["True Grit+1","Clothesline"],"picked":"Inflame+1","floor":35},{"not_picked":["Iron Wave+1","Flex+1","Wild Strike"],"picked":"SKIP","floor":38},{"not_picked":["Dual Wield+1","Twin Strike+1","Intimidate"],"picked":"SKIP","floor":39},{"not_picked":["Cleave+1","Inflame+1","Perfected Strike+1"],"picked":"SKIP","floor":41},{"not_picked":["Iron Wave","Heavy Blade+1","Twin Strike+1"],"picked":"SKIP","floor":44},{"not_picked":["Carnage+1","Brutality+1","Perfected Strike+1"],"picked":"SKIP","floor":46},{"not_picked":["Flex+1","True Grit+1","Thunderclap+1"],"picked":"SKIP","floor":47},{"not_picked":["Havoc","Entrench"],"picked":"Flame Barrier","floor":48}],"player_experience":645044,"relics_obtained":[{"floor":9.0,"key":"Self Forming Clay"},{"floor":13.0,"key":"Magic Flower"},{"floor":23,"key":"Paper Frog"},{"floor":26,"key":"Thread and Needle"},{"floor":43,"key":"Dodecahedron"},{"floor":46,"key":"Omamori"}],"event_choices":[{"cards_removed":["Bash"],"damage_healed":0.0,"max_hp_gain":0.0,"max_hp_loss":0.0,"gold_gain":0.0,"event_name":"Living Wall","player_choice":"Forget","floor":3.0,"gold_loss":0.0,"damage_taken":0.0},{"damage_healed":0.0,"max_hp_gain":0.0,"max_hp_loss":0.0,"gold_gain":0.0,"event_name":"Big Fish","player_choice":"Box","floor":14.0,"gold_loss":0.0,"damage_taken":0.0,"relics_obtained":["Gremlin Horn"],"cards_obtained":["Regret"]},{"damage_healed":0.0,"max_hp_gain":0.0,"max_hp_loss":0.0,"gold_gain":0.0,"event_name":"The Mausoleum","player_choice":"Opened","floor":20.0,"gold_loss":0.0,"damage_taken":0.0,"relics_obtained":["Frozen Egg 2"]},{"damage_healed":0,"gold_gain":0,"player_choice":"Trade","damage_taken":0,"relics_obtained":["FaceOfCleric"],"max_hp_gain":0,"max_hp_loss":0,"event_name":"FaceTrader","floor":29,"gold_loss":0},{"damage_healed":0,"gold_gain":0,"cards_transformed":["Flex"],"player_choice":"Transformed","damage_taken":0,"max_hp_gain":0,"max_hp_loss":0,"event_name":"Transmorgrifier","floor":36,"gold_loss":0,"cards_obtained":["Carnage"]},{"damage_healed":0,"gold_gain":0,"player_choice":"Paid","damage_taken":0,"relics_obtained":["Red Mask"],"max_hp_gain":0,"max_hp_loss":0,"event_name":"Tomb of Lord Red Mask","floor":45,"gold_loss":186}],"is_beta":true,"boss_relics":[{"not_picked":["Tiny House","Calling Bell"],"picked":"Snecko Eye"},{"not_picked":["Velvet Choker","White Beast Statue"],"picked":"Astrolabe"}],"items_purged_floors":[19,28,37],"is_endless":false,"potions_floor_spawned":[1,7,8,12,25,30,31,33,35,46,47],"killed_by":"Time Eater","ascension_level":0}