{"gold_per_floor":[111,111,131,56,56,90,90,118,170,189,189,32,60,70,70,143,143,162,172,172,183,183,183,183,197,276,308,408,424,457,468,468,544,544,563,838,858,19,19,19,31,31,31,48,48,48,48,67,67,67],"floor_reached":51,"playtime":8852,"items_purged":["Regret"],"score":1287,"play_id":"1397bfb5-6c81-4f42-8bf4-6aeb5b1f0108","local_time":"20190728170526","is_ascension_mode":true,"campfire_choices":[{"data":"Neutralize","floor":7.0,"key":"SMITH"},{"floor":11.0,"key":"REST"},{"data":"Footwork","floor":15.0,"key":"SMITH"},{"floor":23.0,"key":"REST"},{"data":"Footwork","floor":24.0,"key":"SMITH"},{"data":"Dodge and Roll","floor":32.0,"key":"SMITH"},{"data":"1","floor":40,"key":"LIFT"},{"data":"2","floor":42,"key":"LIFT"},{"data":"Noxious Fumes","floor":45,"key":"SMITH"},{"floor":49,"key":"REST"}],"neow_cost":"NONE","seed_source_timestamp":1588915821247002,"circlet_count":0,"master_deck":["AscendersBane","Defend_G","Defend_G","Defend_G","Survivor","Neutralize+1","Predator+1","Dagger Spray","Dodge and Roll+1","All Out Attack","Footwork+1","Envenom","Night Terror","Sucker Punch","Footwork+1","Bite","Bite","Bite","Bite","Bite","Deflect","Blur","PiercingWail","Dodge and Roll+1","Burst+1","Deflect+1","Infinite Blades+1","Burst+1","Bouncing Flask+1","Backflip+1","Noxious Fumes+1","Dodge and Roll+1","Bouncing Flask+1","PiercingWail+1","Backflip+1","Deadly Poison+1"],"special_seed":0,"relics":["Ring of the Snake","Pen Nib","Lantern","WingedGreaves","Art of War","Bronze Scales","Dream Catcher","Runic Dome","Toxic Egg 2","Strawberry","Peace Pipe","Ornamental Fan","Boot","Empty Cage","Girya","Ancient Tea Set","Regal Pillow"],"potions_floor_usage":[33,33,37,50,50],"damage_taken":[{"damage":0.0,"enemies":"2 Louse","floor":1.0,"turns":5.0},{"damage":0.0,"enemies":"Jaw Worm","floor":3.0,"turns":2.0},{"damage":24.0,"enemies":"3 Sentries","floor":6.0,"turns":9.0},{"damage":17.0,"enemies":"Lagavulin","floor":8.0,"turns":6.0},{"damage":0.0,"enemies":"Small Slimes","floor":10.0,"turns":2.0},{"damage":3.0,"enemies":"3 Sentries","floor":13.0,"turns":4.0},{"damage":0.0,"enemies":"Blue Slaver","floor":14.0,"turns":3.0},{"damage":4.0,"enemies":"The Guardian","floor":16.0,"turns":12.0},{"damage":19.0,"enemies":"2 Thieves","floor":18.0,"turns":4.0},{"damage":7.0,"enemies":"Chosen","floor":19.0,"turns":6.0},{"damage":19.0,"enemies":"Centurion and Healer","floor":21.0,"turns":8.0},{"damage":2.0,"enemies":"Snake Plant","floor":25.0,"turns":4.0},{"damage":15.0,"enemies":"Slavers","floor":27.0,"turns":6.0},{"damage":8.0,"enemies":"Colosseum Slavers","floor":28.0,"turns":5.0},{"damage":7.0,"enemies":"Colosseum Nobs","floor":28.0,"turns":7.0},{"damage":7.0,"enemies":"Snecko","floor":29.0,"turns":7.0},{"damage":30.0,"enemies":"Gremlin Leader","floor":30.0,"turns":9.0},{"damage":0.0,"enemies":"Centurion and Healer","floor":31.0,"turns":7.0},{"damage":57,"enemies":"Collector","floor":33,"turns":11},{"damage":27,"enemies":"3 Shapes","floor":35,"turns":7},{"damage":2,"enemies":"3 Darklings","floor":37,"turns":8},{"damage":4,"enemies":"Transient","floor":41,"turns":6},{"damage":15,"enemies":"Jaw Worm Horde","floor":44,"turns":3},{"damage":21,"enemies":"Maw","floor":48,"turns":6},{"damage":10,"enemies":"Time Eater","floor":50,"turns":15}],"seed_played":"-5303269689544308331","potions_obtained":[{"floor":1.0,"key":"Block Potion"},{"floor":6.0,"key":"FairyPotion"},{"floor":8.0,"key":"Energy Potion"},{"floor":13.0,"key":"Weak Potion"},{"floor":30.0,"key":"Swift Potion"},{"floor":31.0,"key":"AttackPotion"},{"floor":33,"key":"FearPotion"},{"floor":35,"key":"EssenceOfSteel"}],"is_trial":false,"path_per_floor":["M","?","M","?","?","E","R","E","T","M","R","$","E","M","R","B",null,"M","M","?","M","?","R","R","M","T","E","?","M","E","M","R","B",null,"M","?","M","$","?","R","M","R","T","M","R","$","$","M","R","B",null],"character_chosen":"THE_SILENT","items_purchased":["Bronze Scales","Noxious Fumes","Dodge and Roll+1","Bouncing Flask+1","Girya","Ancient Tea Set","Poison Potion"],"campfire_rested":3,"item_purchase_floors":[12,38,38,38,38,38,38],"current_hp_per_floor":[59,39,39,39,44,20,20,3,3,3,24,24,21,21,21,17,58,39,32,32,29,29,43,43,49,49,51,56,51,33,53,53,7,44,29,29,41,41,41,41,43,43,43,32,32,32,32,15,46,50],"gold":67,"neow_bonus":"RANDOM_COMMON_RELIC","is_prod":false,"is_daily":false,"chose_seed":false,"campfire_upgraded":5,"win_rate":0,"timestamp":1564347926,"path_taken":["M","?","M","?","?","E","R","E","T","M","R","?","E","M","R","BOSS","M","M","?","M","?","R","R","M","T","E","?","?","E","M","R","BOSS","M","?","?","$","?","R","M","R","T","M","R","?","$","M","R","BOSS"],"build_version":"2019-07-17","purchased_purges":1,"victory":true,"max_hp_per_floor":[66,66,66,66,71,71,71,71,71,71,71,71,71,71,71,71,71,71,71,49,49,49,49,49,49,49,56,56,56,56,56,56,56,56,56,56,56,56,56,56,56,56,56,56,56,56,56,56,56,56],"card_choices":[{"not_picked":["Concentrate","Flying Knee"],"picked":"Predator","floor":1.0},{"not_picked":["Quick Slash","Acrobatics"],"picked":"Dagger Spray","floor":3.0},{"not_picked":["Setup","Escape Plan"],"picked":"Dodge and Roll","floor":6.0},{"not_picked":["Venomology","Prepared"],"picked":"All Out Attack","floor":8.0},{"not_picked":["Quick Slash","Distraction"],"picked":"Footwork","floor":10.0},{"not_picked":["Prepared","Predator"],"picked":"Envenom","floor":13.0},{"not_picked":["All Out Attack","Finisher","Masterful Stab"],"picked":"SKIP","floor":14.0},{"not_picked":["Storm of Steel","Envenom"],"picked":"Night Terror","floor":16.0},{"not_picked":["Quick Slash","Accuracy"],"picked":"Sucker Punch","floor":18.0},{"not_picked":["Flying Knee","Slice"],"picked":"Footwork","floor":19.0},{"not_picked":["Setup","Poisoned Stab"],"picked":"Deflect","floor":21.0},{"not_picked":["Deflect","Endless Agony"],"picked":"PiercingWail","floor":25.0},{"not_picked":["Backflip+1","Underhanded Strike"],"picked":"Dodge and Roll+1","floor":27.0},{"not_picked":["Dagger Spray","Distraction+1"],"picked":"Burst+1","floor":28.0},{"not_picked":["Endless Agony","Sucker Punch"],"picked":"Deflect+1","floor":29.0},{"not_picked":["Blade Dance+1","Flying Knee"],"picked":"Infinite Blades+1","floor":30.0},{"not_picked":["Expertise+1","Flying Knee","Dagger Spray"],"picked":"SKIP","floor":31.0},{"not_picked":["Storm of Steel+1","Glass Knife"],"picked":"Burst+1","floor":33},{"not_picked":["Calculated Gamble+1","Footwork"],"picked":"Bouncing Flask+1","floor":35},{"not_picked":["Setup+1","Quick Slash+1"],"picked":"Backflip+1","floor":37},{"not_picked":["Deflect+1","Finisher"],"picked":"PiercingWail+1","floor":41},{"not_picked":["Dagger Spray","Slice+1"],"picked":"Backflip+1","floor":44},{"not_picked":["Grand Finale","Well Laid Plans"],"picked":"Deadly Poison+1","floor":48}],"player_experience":872304,"relics_obtained":[{"floor":6.0,"key":"Lantern"},{"floor":8.0,"key":"WingedGreaves"},{"floor":9.0,"key":"Art of War"},{"floor":13.0,"key":"Dream Catcher"},{"floor":26.0,"key":"Toxic Egg 2"},{"floor":27.0,"key":"Strawberry"},{"floor":28.0,"key":"Peace Pipe"},{"floor":28.0,"key":"Ornamental Fan"},{"floor":30.0,"key":"Boot"},{"floor":43,"key":"Regal Pillow"}],"event_choices":[{"damage_healed":0.0,"max_hp_gain":0.0,"max_hp_loss":0.0,"gold_gain":0.0,"event_name":"Shining Light","player_choice":"Entered Light","floor":2.0,"gold_loss":0.0,"damage_taken":20.0,"cards_upgraded":["Strike_G","Predator"]},{"cards_removed":["Strike_G"],"damage_healed":0.0,"max_hp_gain":0.0,"max_hp_loss":0.0,"gold_gain":0.0,"event_name":"The Cleric","player_choice":"Card Removal","floor":4.0,"gold_loss":75.0,"damage_taken":0.0},{"damage_healed":0.0,"max_hp_gain":5.0,"max_hp_loss":0.0,"gold_gain":0.0,"event_name":"Big Fish","player_choice":"Donut","floor":5.0,"gold_loss":0.0,"damage_taken":0.0},{"damage_healed":0.0,"max_hp_gain":0.0,"max_hp_loss":22.0,"gold_gain":0.0,"event_name":"Vampires","player_choice":"Became a vampire","floor":20.0,"gold_loss":0.0,"damage_taken":0.0,"cards_obtained":["Bite","Bite","Bite","Bite","Bite"]},{"damage_healed":0.0,"max_hp_gain":0.0,"max_hp_loss":0.0,"gold_gain":0.0,"event_name":"The Library","player_choice":"Read","floor":22.0,"gold_loss":0.0,"damage_taken":0.0,"cards_obtained":["Blur"]},{"damage_healed":0.0,"max_hp_gain":0.0,"max_hp_loss":0.0,"gold_gain":0.0,"event_name":"Colosseum","player_choice":"Fight","floor":28.0,"gold_loss":0.0,"damage_taken":0.0},{"damage_healed":0.0,"max_hp_gain":0.0,"max_hp_loss":0.0,"gold_gain":0.0,"event_name":"Colosseum","player_choice":"Fought Nobs","floor":28.0,"gold_loss":0.0,"damage_taken":0.0},{"damage_healed":0,"gold_gain":275,"player_choice":"Desecrate","damage_taken":0,"max_hp_gain":0,"max_hp_loss":0,"event_name":"Golden Shrine","floor":36,"gold_loss":0,"cards_obtained":["Regret"]},{"damage_healed":0,"gold_gain":0,"player_choice":"Ignored","damage_taken":0,"max_hp_gain":0,"max_hp_loss":0,"event_name":"SecretPortal","floor":39,"gold_loss":0}],"is_beta":false,"boss_relics":[{"not_picked":["WristBlade","Coffee Dripper"],"picked":"Runic Dome"},{"not_picked":["Pandora\u0027s Box","Velvet Choker"],"picked":"Empty Cage"}],"items_purged_floors":[38],"is_endless":false,"potions_floor_spawned":[1,6,8,13,19,30,31,33,35,41],"ascension_level":17}