{"gold_per_floor":[118,28,40,52,52,87,87,113,167,167,167,167,192,192,192,283,283,306,64,84,108,23,39,62,75,75,75,116,116,151,151,151,245,245,270,289,289,312,212,255,255,268,268,286,619,619,19,34,34,34],"floor_reached":50,"playtime":7874,"items_purged":["Injury","Parasite","Defend_R"],"score":1062,"play_id":"78f5a67c-bac6-4490-b999-64955e229372","local_time":"20190728072513","is_ascension_mode":true,"campfire_choices":[{"data":"Disarm","floor":10.0,"key":"SMITH"},{"data":"Inflame","floor":12.0,"key":"SMITH"},{"data":"Bash","floor":15.0,"key":"SMITH"},{"data":"Flame Barrier","floor":27.0,"key":"SMITH"},{"data":"Demon Form","floor":29.0,"key":"SMITH"},{"data":"Dual Wield","floor":32.0,"key":"SMITH"},{"floor":41.0,"key":"REST"},{"floor":46.0,"key":"REST"},{"floor":49.0,"key":"REST"}],"neow_cost":"CURSE","seed_source_timestamp":1555278830787086,"circlet_count":0,"master_deck":["AscendersBane","Defend_R+1","Defend_R+1","Defend_R","Bash+1","True Grit+1","Inflame+1","Wild Strike","Battle Trance+1","Demon Form+1","Disarm+1","Carnage","Reaper","Flame Barrier+1","Clothesline+1","Corruption+1","Impervious","Dual Wield+1","Heavy Blade","Bite","Bite","Bite","Bite","Bite","Limit Break","Shrug It Off","Shrug It Off","Flame Barrier","Disarm+1","Ghostly Armor","Infernal Blade+1"],"special_seed":0,"relics":["Black Blood","Champion Belt","Mercury Hourglass","Vajra","Bottled Lightning","Orichalcum","War Paint","Boot","Torii","Bottled Flame","Ornamental Fan","Velvet Choker","PreservedInsect","Pear","DollysMirror","Art of War"],"potions_floor_usage":[50],"damage_taken":[{"damage":4.0,"enemies":"Small Slimes","floor":1.0,"turns":3.0},{"damage":2.0,"enemies":"Jaw Worm","floor":3.0,"turns":6.0},{"damage":3.0,"enemies":"2 Louse","floor":4.0,"turns":3.0},{"damage":33.0,"enemies":"Lagavulin","floor":6.0,"turns":8.0},{"damage":22.0,"enemies":"Gremlin Nob","floor":8.0,"turns":4.0},{"damage":3.0,"enemies":"Exordium Wildlife","floor":13.0,"turns":2.0},{"damage":1.0,"enemies":"Hexaghost","floor":16.0,"turns":9.0},{"damage":21.0,"enemies":"Spheric Guardian","floor":18.0,"turns":5.0},{"damage":19.0,"enemies":"3 Byrds","floor":20.0,"turns":7.0},{"damage":6.0,"enemies":"Snake Plant","floor":21.0,"turns":5.0},{"damage":9.0,"enemies":"Snecko","floor":23.0,"turns":5.0},{"damage":15.0,"enemies":"Centurion and Healer","floor":24.0,"turns":7.0},{"damage":26.0,"enemies":"3 Cultists","floor":25.0,"turns":6.0},{"damage":41.0,"enemies":"Gremlin Leader","floor":28.0,"turns":10.0},{"damage":50.0,"enemies":"Slavers","floor":30.0,"turns":8.0},{"damage":40.0,"enemies":"Champ","floor":33.0,"turns":12.0},{"damage":0.0,"enemies":"Orb Walker","floor":35.0,"turns":3.0},{"damage":16.0,"enemies":"3 Shapes","floor":36.0,"turns":5.0},{"damage":37.0,"enemies":"Writhing Mass","floor":38.0,"turns":9.0},{"damage":53.0,"enemies":"Reptomancer","floor":40.0,"turns":9.0},{"damage":51.0,"enemies":"Jaw Worm Horde","floor":42.0,"turns":5.0},{"damage":57.0,"enemies":"3 Darklings","floor":44.0,"turns":8.0},{"damage":36.0,"enemies":"Maw","floor":48.0,"turns":8.0},{"damage":107,"enemies":"Donu and Deca","floor":50,"turns":8}],"seed_played":"2040451845250218622","potions_obtained":[{"floor":6.0,"key":"BloodPotion"},{"floor":16.0,"key":"EssenceOfSteel"},{"floor":23.0,"key":"Regen Potion"},{"floor":24.0,"key":"EssenceOfSteel"},{"floor":25.0,"key":"FearPotion"},{"floor":33.0,"key":"Strength Potion"},{"floor":35.0,"key":"Weak Potion"},{"floor":36.0,"key":"FearPotion"},{"floor":44.0,"key":"AttackPotion"}],"is_trial":false,"path_per_floor":["M","$","M","M","?","E","?","E","T","R","?","R","M","?","R","B",null,"M","$","M","M","?","M","M","M","T","R","E","R","E","?","R","B",null,"M","M","?","M","$","E","R","M","T","M","?","R","$","M","R","B"],"character_chosen":"IRONCLAD","items_purchased":["Inflame","War Paint","DollysMirror","FearPotion","Ghostly Armor","Art of War"],"campfire_rested":3,"item_purchase_floors":[2,19,47,47,47,47],"current_hp_per_floor":[70,70,74,75,57,30,35,39,39,39,39,39,42,18,18,23,66,55,55,52,65,65,79,80,80,80,80,76,76,47,47,47,35,51,56,56,56,42,42,29,44,33,43,28,28,46,46,46,63,0],"gold":34,"neow_bonus":"ONE_RARE_RELIC","is_prod":false,"is_daily":false,"chose_seed":false,"campfire_upgraded":6,"win_rate":0,"timestamp":1564313113,"path_taken":["M","$","M","M","?","E","?","E","T","R","?","R","?","?","R","BOSS","M","$","M","M","?","M","M","M","T","R","E","R","E","?","R","BOSS","M","M","?","M","$","E","R","M","T","M","?","R","$","M","R","BOSS"],"build_version":"2019-07-17","purchased_purges":3,"victory":false,"max_hp_per_floor":[75,75,75,75,75,75,80,80,80,80,80,80,80,80,80,80,80,80,80,80,80,80,80,80,80,80,80,80,80,80,56,56,56,56,56,56,56,56,53,53,53,53,63,63,63,63,63,63,63,63],"card_choices":[{"not_picked":["Perfected Strike","Twin Strike"],"picked":"True Grit","floor":1.0},{"not_picked":["Heavy Blade","Combust"],"picked":"Wild Strike","floor":3.0},{"not_picked":["Thunderclap","Infernal Blade"],"picked":"Battle Trance","floor":4.0},{"not_picked":["Flex","Second Wind"],"picked":"Demon Form","floor":6.0},{"not_picked":["Shrug It Off","Fire Breathing"],"picked":"Disarm","floor":8.0},{"not_picked":["Sword Boomerang","Bloodletting"],"picked":"Carnage","floor":13.0},{"not_picked":["Exhume","Dark Embrace"],"picked":"Reaper","floor":16.0},{"not_picked":["Armaments","Body Slam","Bloodletting"],"picked":"SKIP","floor":18.0},{"not_picked":["Body Slam","Anger"],"picked":"Flame Barrier","floor":20.0},{"not_picked":["Wild Strike","Spot Weakness"],"picked":"Clothesline+1","floor":21.0},{"not_picked":["Cleave","Thunderclap","Clash+1"],"picked":"SKIP","floor":23.0},{"not_picked":["Entrench+1","Iron Wave"],"picked":"Corruption+1","floor":24.0},{"not_picked":["Cleave+1","Clothesline"],"picked":"Impervious","floor":25.0},{"not_picked":["Power Through","Havoc"],"picked":"Dual Wield","floor":28.0},{"not_picked":["Whirlwind","Havoc"],"picked":"Heavy Blade","floor":30.0},{"not_picked":["Offering","Impervious"],"picked":"Limit Break","floor":33.0},{"not_picked":["Sword Boomerang","Hemokinesis","Pommel Strike"],"picked":"SKIP","floor":35.0},{"not_picked":["Clash","Wild Strike","Sword Boomerang"],"picked":"SKIP","floor":36.0},{"not_picked":["Headbutt","Searing Blow"],"picked":"Shrug It Off","floor":38.0},{"not_picked":["Infernal Blade","Berserk","Clash"],"picked":"SKIP","floor":40.0},{"not_picked":["Twin Strike","Sword Boomerang"],"picked":"Shrug It Off","floor":42.0},{"not_picked":["Anger+1","Thunderclap"],"picked":"Flame Barrier","floor":44.0},{"not_picked":["Twin Strike","Carnage"],"picked":"Infernal Blade+1","floor":48.0}],"player_experience":858902,"relics_obtained":[{"floor":6.0,"key":"Vajra"},{"floor":8.0,"key":"Bottled Lightning"},{"floor":9.0,"key":"Orichalcum"},{"floor":26.0,"key":"Torii"},{"floor":28.0,"key":"Bottled Flame"},{"floor":30.0,"key":"Ornamental Fan"},{"floor":40.0,"key":"PreservedInsect"},{"floor":43.0,"key":"Pear"}],"event_choices":[{"damage_healed":0.0,"max_hp_gain":0.0,"max_hp_loss":0.0,"gold_gain":0.0,"event_name":"Scrap Ooze","player_choice":"Success","floor":5.0,"gold_loss":0.0,"damage_taken":18.0,"relics_obtained":["Mercury Hourglass"]},{"damage_healed":0.0,"max_hp_gain":5.0,"max_hp_loss":0.0,"gold_gain":0.0,"event_name":"Big Fish","player_choice":"Donut","floor":7.0,"gold_loss":0.0,"damage_taken":0.0},{"damage_healed":0.0,"max_hp_gain":0.0,"max_hp_loss":0.0,"gold_gain":0.0,"event_name":"Golden Idol","player_choice":"Take Wound","floor":11.0,"gold_loss":0.0,"damage_taken":0.0,"relics_obtained":["Golden Idol"],"cards_obtained":["Injury"]},{"damage_healed":0.0,"max_hp_gain":0.0,"max_hp_loss":0.0,"gold_gain":0.0,"event_name":"Shining Light","player_choice":"Entered Light","floor":14.0,"gold_loss":0.0,"damage_taken":24.0,"cards_upgraded":["Defend_R","True Grit"]},{"damage_healed":0.0,"max_hp_gain":0.0,"max_hp_loss":0.0,"gold_gain":0.0,"event_name":"Addict","player_choice":"Obtained Relic","floor":22.0,"gold_loss":85.0,"damage_taken":0.0,"relics_obtained":["Boot"]},{"damage_healed":0.0,"max_hp_gain":0.0,"max_hp_loss":24.0,"gold_gain":0.0,"event_name":"Vampires","player_choice":"Became a vampire","floor":31.0,"gold_loss":0.0,"damage_taken":0.0,"cards_obtained":["Bite","Bite","Bite","Bite","Bite"]},{"damage_healed":0.0,"max_hp_gain":0.0,"max_hp_loss":0.0,"gold_gain":0.0,"event_name":"Tomb of Lord Red Mask","player_choice":"Ignored","floor":37.0,"gold_loss":0.0,"damage_taken":0.0},{"damage_healed":0.0,"max_hp_gain":0.0,"max_hp_loss":0.0,"gold_gain":333.0,"event_name":"The Moai Head","player_choice":"Gave Idol","floor":45.0,"relics_lost":["Golden Idol"],"gold_loss":0.0,"damage_taken":0.0}],"is_beta":false,"boss_relics":[{"not_picked":["Tiny House","Eternal Feather"],"picked":"Black Blood"},{"not_picked":["White Beast Statue","Runic Pyramid"],"picked":"Velvet Choker"}],"items_purged_floors":[19,39,47],"is_endless":false,"potions_floor_spawned":[6,16,23,24,25,33,35,36,44],"killed_by":"Donu and Deca","ascension_level":17}