{"gold_per_floor":[109,38,38,58,77,77,94,94,144,26,44,54,54,82,82,184,184,203,128,147,67,67,100,0,0,72,83,83,83,102,119,119,220,220,234,246,41,0,10,10,10,10,10,21,21],"floor_reached":45,"playtime":1933,"items_purged":["Defend_G"],"score":435,"play_id":"f66b0188-2d8b-4987-9acb-d98b65adcc23","local_time":"20190109201156","is_ascension_mode":false,"campfire_choices":[{"data":"A Thousand Cuts","floor":6,"key":"SMITH"},{"data":"Footwork","floor":8,"key":"SMITH"},{"floor":13,"key":"REST"},{"data":"Well Laid Plans","floor":15,"key":"SMITH"},{"floor":25,"key":"REST"},{"data":"Adrenaline","floor":29,"key":"SMITH"},{"data":"A Thousand Cuts","floor":32,"key":"SMITH"},{"floor":40,"key":"RECALL"},{"data":"Bullet Time","floor":42,"key":"SMITH"}],"neow_cost":"PERCENT_DAMAGE","seed_source_timestamp":634220251132,"circlet_count":0,"master_deck":["Defend_G","Defend_G","Defend_G","Strike_G","Strike_G","Strike_G","Survivor","Neutralize","A Thousand Cuts+1","Dash","Flying Knee","Footwork+1","Cloak And Dagger","Infinite Blades","Backflip","Well Laid Plans+1","Blade Dance","Backstab","Quick Slash","Adrenaline+1","Crippling Poison","Noxious Fumes","A Thousand Cuts+1","Accuracy","Bullet Time+1","Calculated Gamble+1","Setup+1","Adrenaline+1","Parasite","Acrobatics"],"relics":["Ring of the Snake","Vajra","Philosopher\u0027s Stone","Regal Pillow","Bottled Flame","White Beast Statue","DollysMirror","Red Mask","Dodecahedron"],"potions_floor_usage":[11,12,14,20,27,30,39],"damage_taken":[{"damage":0,"enemies":"Cultist","floor":1,"turns":4},{"damage":0,"enemies":"Jaw Worm","floor":4,"turns":4},{"damage":0,"enemies":"2 Louse","floor":5,"turns":3},{"damage":2,"enemies":"Looter","floor":7,"turns":4},{"damage":1,"enemies":"2 Fungi Beasts","floor":11,"turns":3},{"damage":0,"enemies":"Large Slime","floor":12,"turns":4},{"damage":2,"enemies":"Gremlin Nob","floor":14,"turns":4},{"damage":10,"enemies":"The Guardian","floor":16,"turns":8},{"damage":4,"enemies":"2 Thieves","floor":18,"turns":4},{"damage":0,"enemies":"3 Byrds","floor":20,"turns":2},{"damage":49,"enemies":"Slavers","floor":23,"turns":5},{"damage":15,"enemies":"Centurion and Healer","floor":27,"turns":4},{"damage":4,"enemies":"Snecko","floor":30,"turns":4},{"damage":14,"enemies":"Sentry and Sphere","floor":31,"turns":4},{"damage":18,"enemies":"Automaton","floor":33,"turns":7},{"damage":27,"enemies":"3 Darklings","floor":35,"turns":4},{"damage":10,"enemies":"Orb Walker","floor":36,"turns":3},{"damage":0,"enemies":"Transient","floor":39,"turns":5},{"damage":16,"enemies":"Writhing Mass","floor":44,"turns":6},{"damage":48,"enemies":"4 Shapes","floor":45,"turns":3}],"seed_played":"-1860475397222088740","potions_obtained":[{"floor":1,"key":"EssenceOfSteel"},{"floor":4,"key":"PowerPotion"},{"floor":11,"key":"Fire Potion"},{"floor":16,"key":"Energy Potion"},{"floor":23,"key":"Poison Potion"},{"floor":27,"key":"Strength Potion"},{"floor":33,"key":"FearPotion"},{"floor":35,"key":"LiquidBronze"},{"floor":36,"key":"Fire Potion"},{"floor":39,"key":"Ancient Potion"}],"is_trial":false,"path_per_floor":["M","$","?","M","M","R","M","R","T","$","M","M","R","E","R","B",null,"M","$","M","$","?","E","?","R","T","M","?","R","M","M","R","B",null,"M","M","$","?","M","R","?","R","T","M","M"],"character_chosen":"THE_SILENT","items_purchased":["Footwork","Backflip","Well Laid Plans","Noxious Fumes","DollysMirror"],"campfire_rested":2,"item_purchase_floors":[2,10,10,21,37],"current_hp_per_floor":[49,49,42,42,42,42,40,40,40,40,39,39,60,58,58,48,70,66,66,66,66,66,17,17,53,53,38,61,61,57,43,43,25,70,43,33,33,33,33,33,61,61,61,45,0],"gold":21,"neow_bonus":"TRANSFORM_TWO_CARDS","is_prod":false,"is_daily":false,"chose_seed":false,"campfire_upgraded":6,"win_rate":0,"timestamp":1547052116,"path_taken":["M","?","?","M","M","R","M","R","T","$","M","M","R","E","R","BOSS","M","$","M","$","?","E","?","R","T","?","?","R","M","M","R","BOSS","M","M","$","?","M","R","?","R","T","M","M"],"build_version":"2019-01-08","purchased_purges":1,"victory":false,"max_hp_per_floor":[70,70,70,70,70,70,70,70,70,70,70,70,70,70,70,70,70,70,70,70,70,70,70,70,70,70,70,70,70,70,70,70,70,70,70,70,70,70,70,70,61,61,61,61,61],"card_choices":[{"not_picked":["Eviscerate","Dagger Throw"],"picked":"Flying Knee","floor":1},{"not_picked":["Dash","Dagger Throw"],"picked":"Cloak And Dagger","floor":4},{"not_picked":["Deadly Poison","Eviscerate"],"picked":"Infinite Blades","floor":5},{"not_picked":["Poisoned Stab","Deflect","Dodge and Roll"],"picked":"SKIP","floor":7},{"not_picked":["Underhanded Strike","Dodge and Roll"],"picked":"Blade Dance","floor":11},{"not_picked":["PiercingWail","Deadly Poison"],"picked":"Backstab","floor":12},{"not_picked":["Catalyst","Underhanded Strike"],"picked":"Quick Slash","floor":14},{"not_picked":["Die Die Die","Night Terror"],"picked":"Adrenaline","floor":16},{"not_picked":["Dodge and Roll+1","Underhanded Strike","Cloak And Dagger"],"picked":"SKIP","floor":18},{"not_picked":["Distraction","Cloak And Dagger"],"picked":"Crippling Poison","floor":20},{"not_picked":["Sucker Punch","Deadly Poison+1"],"picked":"A Thousand Cuts","floor":23},{"not_picked":["Flying Knee","Acrobatics","Dagger Throw"],"picked":"SKIP","floor":27},{"not_picked":["Backstab","Sucker Punch"],"picked":"Accuracy","floor":30},{"not_picked":["Tactician+1","Dodge and Roll+1","Catalyst+1"],"picked":"SKIP","floor":31},{"not_picked":["Grand Finale","Unload"],"picked":"Bullet Time","floor":33},{"not_picked":["Deflect+1","Dagger Spray+1"],"picked":"Calculated Gamble+1","floor":35},{"not_picked":["Bane","Slice"],"picked":"Setup+1","floor":36},{"not_picked":["Backstab","Endless Agony","Prepared"],"picked":"SKIP","floor":39},{"not_picked":["Endless Agony+1","Quick Slash"],"picked":"Acrobatics","floor":44}],"player_experience":346693,"relics_obtained":[{"floor":14,"key":"Vajra"},{"floor":23,"key":"Regal Pillow"},{"floor":26,"key":"Bottled Flame"},{"floor":43,"key":"Dodecahedron"}],"event_choices":[{"cards_removed":["Strike_G"],"damage_healed":0,"gold_gain":0,"player_choice":"Card Removal","damage_taken":7,"max_hp_gain":0,"max_hp_loss":0,"event_name":"Golden Wing","floor":3,"gold_loss":0},{"damage_healed":0,"gold_gain":0,"player_choice":"Ignored","damage_taken":0,"max_hp_gain":0,"max_hp_loss":0,"event_name":"Ghosts","floor":22,"gold_loss":0},{"damage_healed":0,"gold_gain":0,"player_choice":"Paid Fearfully","damage_taken":0,"max_hp_gain":0,"max_hp_loss":0,"event_name":"Masked Bandits","floor":24,"gold_loss":100},{"damage_healed":23,"gold_gain":0,"player_choice":"Heal","damage_taken":0,"max_hp_gain":0,"max_hp_loss":0,"event_name":"The Library","floor":28,"gold_loss":0},{"damage_healed":0,"gold_gain":0,"player_choice":"Paid","damage_taken":0,"relics_obtained":["Red Mask"],"max_hp_gain":0,"max_hp_loss":0,"event_name":"Tomb of Lord Red Mask","floor":38,"gold_loss":41},{"damage_healed":61,"gold_gain":0,"player_choice":"Heal","damage_taken":0,"max_hp_gain":0,"max_hp_loss":9,"event_name":"The Moai Head","floor":41,"gold_loss":0}],"is_beta":true,"boss_relics":[{"not_picked":["Tiny House","Snecko Eye"],"picked":"Philosopher\u0027s Stone"},{"not_picked":["Velvet Choker","Coffee Dripper"],"picked":"White Beast Statue"}],"items_purged_floors":[19],"is_endless":false,"potions_floor_spawned":[1,4,11,16,23,27,33,35,36,39,44],"killed_by":"4 Shapes","ascension_level":0}