{"gold_per_floor":[118,134,84,99,24,50,125,156,181,181,192,192,206,224,224,325,325,337,199,180,55,66,66,76,87,87,113,113,113],"floor_reached":29,"playtime":1341,"items_purged":["Defend_G","Strike_G","Strike_G"],"score":295,"play_id":"eeb49bb5-3e71-45a3-a0e6-3e90806a4fb7","local_time":"20180928142718","is_ascension_mode":true,"campfire_choices":[{"floor":10,"key":"REST"},{"floor":12,"key":"REST"},{"data":"Envenom","floor":15,"key":"SMITH"},{"floor":23,"key":"REST"}],"neow_cost":"","seed_source_timestamp":3028942601828,"circlet_count":0,"master_deck":["Defend_G","Defend_G","Defend_G","Defend_G","Strike_G+1","Strike_G+1","Survivor","Neutralize","Outmaneuver","Flying Knee","Noxious Fumes","Envenom+1","Noxious Fumes","Deflect","Tactician","Catalyst","Escape Plan","Backflip","A Thousand Cuts","Concentrate","Footwork","Infinite Blades","Deadly Poison+1","Deadly Poison","Expertise","Blur","Caltrops","Ghostly","Ghostly","Ghostly","Ghostly","Ghostly"],"relics":["Ring of the Snake","Whetstone","Dream Catcher","Orichalcum","Lizard Tail","Darkstone Periapt","Anchor"],"potions_floor_usage":[6,13,16,20,24,25,27],"damage_taken":[{"damage":0,"enemies":"2 Louse","floor":1,"turns":3},{"damage":0,"enemies":"Small Slimes","floor":2,"turns":3},{"damage":3,"enemies":"Jaw Worm","floor":4,"turns":5},{"damage":25,"enemies":"3 Sentries","floor":6,"turns":8},{"damage":13,"enemies":"Lagavulin","floor":8,"turns":7},{"damage":8,"enemies":"Blue Slaver","floor":11,"turns":5},{"damage":11,"enemies":"3 Louse","floor":13,"turns":4},{"damage":1,"enemies":"Exordium Wildlife","floor":14,"turns":4},{"damage":15,"enemies":"Hexaghost","floor":16,"turns":9},{"damage":2,"enemies":"Chosen","floor":18,"turns":5},{"damage":16,"enemies":"2 Thieves","floor":20,"turns":4},{"damage":29,"enemies":"Snake Plant","floor":22,"turns":6},{"damage":10,"enemies":"Snecko","floor":24,"turns":5},{"damage":2,"enemies":"Cultist and Chosen","floor":25,"turns":5},{"damage":68,"enemies":"Slavers","floor":27,"turns":6},{"damage":11,"enemies":"Book of Stabbing","floor":29,"turns":2}],"seed_played":"-7857238812370917443","potions_obtained":[{"floor":4,"key":"Dexterity Potion"},{"floor":11,"key":"Dexterity Potion"},{"floor":13,"key":"SpeedPotion"},{"floor":14,"key":"Fruit Juice"},{"floor":20,"key":"Ancient Potion"},{"floor":24,"key":"Weak Potion"},{"floor":25,"key":"AttackPotion"}],"is_trial":false,"path_per_floor":["M","M","?","M","$","E","?","E","T","R","M","R","M","M","R","B",null,"M","$","M","$","M","R","M","M","T","E","?"],"character_chosen":"THE_SILENT","items_purchased":["Footwork"],"campfire_rested":3,"item_purchase_floors":[19],"current_hp_per_floor":[70,70,70,67,67,42,31,18,18,39,31,52,41,40,40,30,75,73,73,57,57,28,50,40,38,38,9,9,0],"gold":113,"neow_bonus":"","is_prod":false,"is_daily":false,"chose_seed":false,"campfire_upgraded":1,"win_rate":0,"timestamp":1538170038,"path_taken":["M","M","?","M","$","E","?","E","T","R","M","R","M","?","R","BOSS","M","$","M","$","M","R","M","M","T","E","?","E"],"build_version":"2018-09-27","purchased_purges":3,"victory":false,"max_hp_per_floor":[70,70,70,70,70,70,70,70,70,70,70,70,70,70,70,75,75,75,75,75,75,75,75,75,75,75,75,37,37],"card_choices":[{"not_picked":["Bane","Deflect"],"picked":"Outmaneuver","floor":1},{"not_picked":["PiercingWail","Dagger Throw"],"picked":"Flying Knee","floor":2},{"not_picked":["Blade Dance","Underhanded Strike"],"picked":"Noxious Fumes","floor":4},{"not_picked":["Dagger Throw","Eviscerate"],"picked":"Envenom","floor":6},{"not_picked":["Slice","PiercingWail"],"picked":"Noxious Fumes","floor":8},{"not_picked":["Eviscerate","Blade Dance"],"picked":"Deflect","floor":10},{"not_picked":["All Out Attack","Dagger Spray"],"picked":"Tactician","floor":11},{"not_picked":["Dodge and Roll","Flying Knee"],"picked":"Catalyst","floor":12},{"not_picked":["Predator","Eviscerate"],"picked":"Escape Plan","floor":13},{"not_picked":["Outmaneuver","Finisher"],"picked":"Backflip","floor":14},{"not_picked":["Glass Knife","Night Terror"],"picked":"A Thousand Cuts","floor":16},{"not_picked":["Prepared","Outmaneuver+1"],"picked":"Concentrate","floor":18},{"not_picked":["Blade Dance","Slice"],"picked":"Infinite Blades","floor":20},{"not_picked":["Grand Finale","Bane"],"picked":"Deadly Poison+1","floor":22},{"not_picked":["Heel Hook","Quick Slash"],"picked":"Deadly Poison","floor":23},{"not_picked":["Eviscerate","Endless Agony"],"picked":"Expertise","floor":24},{"not_picked":["Dodge and Roll","Expertise"],"picked":"Blur","floor":25},{"not_picked":["Prepared","Setup"],"picked":"Caltrops","floor":27}],"player_experience":134836,"relics_obtained":[{"floor":6,"key":"Whetstone"},{"floor":8,"key":"Dream Catcher"},{"floor":9,"key":"Orichalcum"},{"floor":26,"key":"Darkstone Periapt"},{"floor":27,"key":"Anchor"}],"event_choices":[{"event_name":"The Cleric","player_choice":"Card Removal","floor":3,"damage_taken":0},{"event_name":"World of Goop","player_choice":"Gather Gold","floor":7,"damage_taken":0},{"event_name":"Ghosts","player_choice":"Became a Ghost","floor":28,"damage_taken":0}],"is_beta":true,"boss_relics":[{"not_picked":["Coffee Dripper","Ring of the Serpent"],"picked":"Lizard Tail"}],"items_purged_floors":[5,19,21],"is_endless":false,"potions_floor_spawned":[4,11,13,14,20,24,25],"killed_by":"Book of Stabbing","ascension_level":1}