{"gold_per_floor":[111,111,111,111,36,61,61,76,76,107,120,120,153,24,24,147,147,163,163,163,37,61,61,92,92,119,119,119,144,144,75,75,200,200,219,242,202,221,19,19,19,43,43,43,43,71,83,95],"floor_reached":48,"playtime":2141,"items_purged":["Strike_R","Perfected Strike"],"score":536,"play_id":"ace795c3-624a-4ed8-8936-ae4155e732e0","local_time":"20190731222212","is_ascension_mode":true,"campfire_choices":[{"data":"Shrug It Off","floor":7,"key":"SMITH"},{"data":"Spot Weakness","floor":15,"key":"SMITH"},{"floor":23,"key":"REST"},{"floor":25,"key":"REST"},{"data":"Corruption","floor":27,"key":"SMITH"},{"data":"Bloodletting","floor":30,"key":"SMITH"},{"floor":32,"key":"REST"},{"floor":40,"key":"REST"},{"floor":44,"key":"RECALL"}],"neow_cost":"NONE","seed_source_timestamp":3626245006735900,"circlet_count":0,"master_deck":["Bash","Shrug It Off+1","Body Slam","Metallicize+1","Bludgeon+1","Clothesline","Spot Weakness+1","Shrug It Off","Demon Form","Berserk","Searing Blow","Bloodletting+1","Pummel","Havoc+1","Corruption+1","Havoc+1","Clothesline+1","Infernal Blade","Limit Break","Evolve+1","Entrench","Metallicize+1","Demon Form"],"relics":["Burning Blood","NeowsBlessing","Matryoshka","Lantern","Blood Vial","Self Forming Clay","Thread and Needle","Golden Idol","Ice Cream","Pandora\u0027s Box","Nilry\u0027s Codex","Dodecahedron","War Paint","Boot","Snecko Eye","Toolbox","Pantograph","MawBank"],"potions_floor_usage":[16,16,18,22],"damage_taken":[{"damage":0,"enemies":"2 Louse","floor":1,"turns":1},{"damage":0,"enemies":"Lagavulin","floor":6,"turns":1},{"damage":0,"enemies":"Jaw Worm","floor":8,"turns":1},{"damage":15,"enemies":"3 Sentries","floor":10,"turns":14},{"damage":0,"enemies":"Cultist","floor":11,"turns":2},{"damage":3,"enemies":"Lagavulin","floor":13,"turns":5},{"damage":34,"enemies":"Hexaghost","floor":16,"turns":13},{"damage":33,"enemies":"3 Byrds","floor":18,"turns":6},{"damage":11,"enemies":"Chosen","floor":22,"turns":3},{"damage":46,"enemies":"Gremlin Leader","floor":24,"turns":6},{"damage":14,"enemies":"Centurion and Healer","floor":29,"turns":3},{"damage":56,"enemies":"Champ","floor":33,"turns":7},{"damage":0,"enemies":"Orb Walker","floor":35,"turns":2},{"damage":34,"enemies":"3 Darklings","floor":36,"turns":3},{"damage":25,"enemies":"Maw","floor":38,"turns":4},{"damage":28,"enemies":"4 Shapes","floor":42,"turns":5},{"damage":39,"enemies":"3 Darklings","floor":46,"turns":4},{"damage":17,"enemies":"Jaw Worm Horde","floor":48,"turns":1}],"seed_played":"-1940404976558233104","potions_obtained":[{"floor":10,"key":"GamblersBrew"},{"floor":11,"key":"Swift Potion"},{"floor":16,"key":"Swift Potion"},{"floor":18,"key":"AttackPotion"},{"floor":42,"key":"Weak Potion"}],"is_trial":false,"path_per_floor":["M","?","?","T","$","E","R","M","T","E","M","?","E","$","R","B",null,"M","?","?","$","M","R","E","R","T","R","?","M","R","$","R","B",null,"M","M","?","M","$","R","$","M","T","R","?","M","$","M"],"character_chosen":"IRONCLAD","items_purchased":["Spot Weakness","Shrug It Off","Havoc","Infernal Blade","Toolbox"],"campfire_rested":4,"item_purchase_floors":[14,14,21,31,39],"current_hp_per_floor":[80,64,57,57,57,63,63,69,69,62,70,50,55,55,55,29,80,53,53,37,37,34,58,20,44,44,44,44,38,38,38,62,14,80,80,52,52,35,35,59,59,39,39,39,39,8,8,0],"gold":95,"neow_bonus":"THREE_ENEMY_KILL","is_prod":false,"is_daily":false,"chose_seed":false,"campfire_upgraded":4,"win_rate":0,"timestamp":1564636932,"path_taken":["M","?","?","?","$","E","R","?","T","E","M","?","E","$","R","BOSS","M","?","?","$","M","R","E","R","T","R","?","M","R","$","R","BOSS","M","M","?","?","$","R","$","?","T","R","?","M","?","?"],"build_version":"2019-07-17","purchased_purges":2,"victory":false,"max_hp_per_floor":[80,80,80,80,80,80,80,80,80,80,80,80,80,80,80,80,80,80,80,80,80,80,80,80,80,80,80,80,80,80,80,80,80,80,80,80,80,80,80,80,80,80,80,80,80,80,80,80],"card_choices":[{"not_picked":["Iron Wave","True Grit"],"picked":"Shrug It Off","floor":1},{"not_picked":["Warcry","Flex"],"picked":"Body Slam","floor":6},{"not_picked":["Thunderclap","Battle Trance"],"picked":"Metallicize","floor":8},{"not_picked":["Second Wind","Sever Soul"],"picked":"Bludgeon","floor":10},{"not_picked":["Perfected Strike","True Grit","Flex"],"picked":"SKIP","floor":11},{"not_picked":["Searing Blow","Inflame"],"picked":"Clothesline","floor":13},{"not_picked":["Offering","Impervious"],"picked":"Demon Form","floor":16},{"not_picked":["Clash","Fire Breathing+1","Perfected Strike"],"picked":"SKIP","floor":18},{"not_picked":["Shockwave+1","Power Through","Anger+1"],"picked":"SKIP","floor":22},{"not_picked":["Headbutt","True Grit","Dropkick"],"picked":"SKIP","floor":24},{"not_picked":["Rampage","Rage+1"],"picked":"Clothesline+1","floor":29},{"not_picked":["Exhume","Feed"],"picked":"Limit Break","floor":33},{"not_picked":["Sword Boomerang+1","Iron Wave+1","Anger"],"picked":"SKIP","floor":35},{"not_picked":["Intimidate+1","Ghostly Armor"],"picked":"Evolve+1","floor":36},{"not_picked":["Headbutt","Havoc+1"],"picked":"Entrench","floor":38},{"not_picked":["Dropkick","Blood for Blood+1"],"picked":"Metallicize+1","floor":42},{"not_picked":["Headbutt+1","Sword Boomerang"],"picked":"Demon Form","floor":46}],"player_experience":110931,"relics_obtained":[{"floor":4,"key":"Matryoshka"},{"floor":6,"key":"Lantern"},{"floor":9,"key":"Blood Vial"},{"floor":9,"key":"Self Forming Clay"},{"floor":10,"key":"Thread and Needle"},{"floor":13,"key":"Ice Cream"},{"floor":20,"key":"Nilry\u0027s Codex"},{"floor":24,"key":"Dodecahedron"},{"floor":26,"key":"War Paint"},{"floor":26,"key":"Boot"},{"floor":43,"key":"Pantograph"}],"event_choices":[{"damage_healed":0,"gold_gain":0,"player_choice":"Entered Light","damage_taken":16,"max_hp_gain":0,"max_hp_loss":0,"event_name":"Shining Light","floor":2,"gold_loss":0,"cards_upgraded":["Defend_R","Defend_R"]},{"cards_removed":["Strike_R"],"damage_healed":0,"gold_gain":0,"player_choice":"Card Removal","damage_taken":7,"max_hp_gain":0,"max_hp_loss":0,"event_name":"Golden Wing","floor":3,"gold_loss":0},{"damage_healed":0,"gold_gain":0,"player_choice":"Take Damage","damage_taken":20,"relics_obtained":["Golden Idol"],"max_hp_gain":0,"max_hp_loss":0,"event_name":"Golden Idol","floor":12,"gold_loss":0},{"damage_healed":0,"gold_gain":0,"player_choice":"Read","damage_taken":0,"max_hp_gain":0,"max_hp_loss":0,"event_name":"The Library","floor":19,"gold_loss":0,"cards_obtained":["Corruption"]},{"damage_healed":0,"gold_gain":0,"player_choice":"Obtained Book","damage_taken":16,"max_hp_gain":0,"max_hp_loss":0,"event_name":"Cursed Tome","floor":20,"gold_loss":0},{"cards_removed":["Hemokinesis"],"damage_healed":0,"gold_gain":0,"player_choice":"Elegance","damage_taken":0,"max_hp_gain":0,"max_hp_loss":0,"event_name":"Back to Basics","floor":28,"gold_loss":0},{"damage_healed":0,"gold_gain":0,"player_choice":"Upgraded Two","damage_taken":0,"max_hp_gain":0,"max_hp_loss":0,"event_name":"Designer","floor":37,"gold_loss":40,"cards_upgraded":["Metallicize","Bludgeon"]},{"damage_healed":0,"gold_gain":0,"player_choice":"Gave Potion","damage_taken":0,"relics_obtained":["MawBank"],"max_hp_gain":0,"max_hp_loss":0,"event_name":"WeMeetAgain","floor":45,"gold_loss":0}],"is_beta":false,"boss_relics":[{"not_picked":["Busted Crown","Coffee Dripper"],"picked":"Pandora\u0027s Box"},{"not_picked":["Lizard Tail","Philosopher\u0027s Stone"],"picked":"Snecko Eye"}],"items_purged_floors":[5,21],"is_endless":false,"potions_floor_spawned":[10,11,16,18,42],"killed_by":"Jaw Worm Horde","ascension_level":2}