{"gold_per_floor":[366,316,391,405,415,0,0,13,61,92,92,109,109,121,121,217,217,230,248,248,46,64,64,76,76,76,89,89,102,102,116,116,218,218,238,238,251,53,53,53,0,0,23,38,1,1,1],"floor_reached":47,"playtime":2835,"items_purged":["Strike_R","Strike_R"],"score":427,"play_id":"1d5b72ec-810e-406d-bf1a-d7334042cbd7","local_time":"20190402180039","is_ascension_mode":false,"campfire_choices":[{"data":"Armaments","floor":7.0,"key":"SMITH"},{"data":"Pommel Strike","floor":11.0,"key":"SMITH"},{"floor":15.0,"key":"REST"},{"floor":23.0,"key":"REST"},{"floor":25,"key":"REST"},{"floor":30,"key":"REST"},{"floor":32,"key":"REST"},{"data":"Madness","floor":42,"key":"SMITH"}],"neow_cost":"PERCENT_DAMAGE","seed_source_timestamp":163588320181476,"circlet_count":0,"master_deck":["Defend_R+1","Defend_R","Defend_R","Battle Trance","Pommel Strike+1","Dual Wield","Armaments+1","Spot Weakness","Ghostly Armor","Demon Form","Dark Embrace+1","Fiend Fire+1","Armaments+1","Heavy Blade+1","Intimidate","Metallicize+1","Bloodletting+1","Berserk","Bloodletting","Exhume","Enlightenment","Infernal Blade+1","Madness+1","Madness","Flame Barrier+1","Inflame"],"special_seed":0,"relics":["Burning Blood","Shuriken","Bag of Marbles","Whetstone","Astrolabe","FaceOfCleric","Strawberry","Enchiridion","Empty Cage","Strange Spoon","Red Mask","Dream Catcher"],"potions_floor_usage":[24,35,47],"damage_taken":[{"damage":0.0,"enemies":"2 Louse","floor":1.0,"turns":3.0},{"damage":9.0,"enemies":"Small Slimes","floor":4.0,"turns":4.0},{"damage":2.0,"enemies":"Jaw Worm","floor":5.0,"turns":3.0},{"damage":4.0,"enemies":"Gremlin Gang","floor":8.0,"turns":3.0},{"damage":21.0,"enemies":"Lagavulin","floor":10.0,"turns":7.0},{"damage":10.0,"enemies":"Looter","floor":12.0,"turns":3.0},{"damage":4.0,"enemies":"Exordium Wildlife","floor":14.0,"turns":5.0},{"damage":20.0,"enemies":"Hexaghost","floor":16.0,"turns":9.0},{"damage":31.0,"enemies":"3 Byrds","floor":18.0,"turns":7.0},{"damage":10.0,"enemies":"Chosen","floor":19.0,"turns":3.0},{"damage":28.0,"enemies":"Sentry and Sphere","floor":22.0,"turns":5.0},{"damage":11,"enemies":"Chosen and Byrds","floor":24,"turns":5},{"damage":23,"enemies":"Shelled Parasite and Fungi","floor":27,"turns":6},{"damage":37,"enemies":"Snake Plant","floor":29,"turns":5},{"damage":20,"enemies":"Snecko","floor":31,"turns":6},{"damage":68,"enemies":"Automaton","floor":33,"turns":8},{"damage":25,"enemies":"Orb Walker","floor":35,"turns":6},{"damage":26,"enemies":"3 Shapes","floor":37,"turns":6},{"damage":40,"enemies":"Jaw Worm Horde","floor":44,"turns":5},{"damage":74,"enemies":"Spire Growth","floor":47,"turns":6}],"seed_played":"-2720801440734373065","potions_obtained":[{"floor":1.0,"key":"Block Potion"},{"floor":5.0,"key":"Explosive Potion"},{"floor":10.0,"key":"SpeedPotion"},{"floor":14.0,"key":"Dexterity Potion"},{"floor":22.0,"key":"Block Potion"},{"floor":27,"key":"FairyPotion"},{"floor":31,"key":"GamblersBrew"},{"floor":33,"key":"FearPotion"},{"floor":44,"key":"SteroidPotion"}],"is_trial":false,"path_per_floor":["M","?","?","M","M","$","R","M","T","E","R","M","?","M","R","B",null,"M","M","?","$","M","R","M","R","T","M","?","M","R","M","R","B",null,"M","?","M","$","?","?","?","R","T","M","$","?","M"],"character_chosen":"IRONCLAD","items_purchased":["Shuriken","Armaments","Block Potion","FairyPotion","Strange Spoon","Inflame"],"campfire_rested":5,"item_purchase_floors":[6,6,6,21,38,45],"current_hp_per_floor":[62,62,51,48,52,52,52,54,54,39,39,35,19,21,45,31,80,55,51,51,51,30,54,50,74,81,65,49,19,46,33,60,16,93,75,75,56,56,44,83,83,83,83,50,50,50,0],"gold":1,"neow_bonus":"TWO_FIFTY_GOLD","is_prod":false,"is_daily":false,"chose_seed":false,"campfire_upgraded":3,"win_rate":0,"timestamp":1554215439,"path_taken":["M","?","?","M","M","$","R","M","T","E","R","M","?","M","R","BOSS","M","M","?","$","M","R","?","R","T","M","?","M","R","M","R","BOSS","M","?","M","$","?","?","?","R","T","M","?","?","M"],"build_version":"2019-03-15","purchased_purges":2,"victory":false,"max_hp_per_floor":[80,80,80,80,80,80,80,80,80,80,80,80,80,80,80,80,80,80,80,80,80,81,81,82,82,89,90,90,91,91,92,92,93,93,94,94,95,95,95,83,83,83,83,84,84,84,84],"card_choices":[{"not_picked":["Intimidate","True Grit"],"picked":"Battle Trance","floor":1.0},{"not_picked":["Heavy Blade","Cleave"],"picked":"Pommel Strike","floor":4.0},{"not_picked":["Warcry","Rage"],"picked":"Dual Wield","floor":5.0},{"not_picked":["Rupture","Anger"],"picked":"Spot Weakness","floor":8.0},{"not_picked":["True Grit","Body Slam","Corruption"],"picked":"SKIP","floor":10.0},{"not_picked":["Armaments","Wild Strike"],"picked":"Battle Trance","floor":12.0},{"not_picked":["Headbutt","Sword Boomerang"],"picked":"Ghostly Armor","floor":14.0},{"not_picked":["Reaper","Offering"],"picked":"Demon Form","floor":16.0},{"not_picked":["Cleave+1","Clash+1"],"picked":"Heavy Blade+1","floor":18.0},{"not_picked":["Sever Soul","Clothesline"],"picked":"Intimidate","floor":19.0},{"not_picked":["Armaments","Thunderclap"],"picked":"Metallicize+1","floor":22.0},{"not_picked":["Body Slam","True Grit"],"picked":"Bloodletting+1","floor":24},{"not_picked":["Body Slam","Cleave","True Grit"],"picked":"SKIP","floor":27},{"not_picked":["Body Slam","Disarm"],"picked":"Berserk","floor":29},{"not_picked":["Feel No Pain+1","Thunderclap"],"picked":"Bloodletting","floor":31},{"not_picked":["Fiend Fire","Demon Form"],"picked":"Exhume","floor":33},{"not_picked":["Clash+1","Dual Wield+1","Thunderclap+1"],"picked":"SKIP","floor":35},{"not_picked":["Mind Blast","PanicButton"],"picked":"Enlightenment","floor":36},{"not_picked":["Dual Wield","Uppercut"],"picked":"Infernal Blade+1","floor":37},{"not_picked":["Sentinel+1","Rupture"],"picked":"Flame Barrier+1","floor":44}],"player_experience":647630,"relics_obtained":[{"floor":9.0,"key":"Bag of Marbles"},{"floor":10.0,"key":"Whetstone"},{"floor":26,"key":"Strawberry"},{"floor":28,"key":"Enchiridion"},{"floor":43,"key":"Dream Catcher"}],"event_choices":[{"cards_removed":["Bash"],"damage_healed":0.0,"max_hp_gain":0.0,"max_hp_loss":0.0,"gold_gain":0.0,"event_name":"The Cleric","player_choice":"Card Removal","floor":2.0,"gold_loss":50.0,"damage_taken":0.0},{"damage_healed":0.0,"max_hp_gain":0.0,"max_hp_loss":0.0,"gold_gain":75.0,"event_name":"World of Goop","player_choice":"Gather Gold","floor":3.0,"gold_loss":0.0,"damage_taken":11.0},{"damage_healed":0.0,"max_hp_gain":0.0,"max_hp_loss":0.0,"gold_gain":0.0,"event_name":"Shining Light","player_choice":"Entered Light","floor":13.0,"gold_loss":0.0,"damage_taken":16.0,"cards_upgraded":["Strike_R","Defend_R"]},{"damage_healed":0.0,"max_hp_gain":0.0,"max_hp_loss":0.0,"gold_gain":0.0,"event_name":"FaceTrader","player_choice":"Trade","floor":20.0,"gold_loss":0.0,"damage_taken":0.0,"relics_obtained":["FaceOfCleric"]},{"damage_healed":0,"gold_gain":0,"player_choice":"Obtained Book","damage_taken":16,"max_hp_gain":0,"max_hp_loss":0,"event_name":"Cursed Tome","floor":28,"gold_loss":0},{"damage_healed":0,"gold_gain":0,"player_choice":"Memory 1","damage_taken":0,"max_hp_gain":0,"max_hp_loss":0,"event_name":"SensoryStone","floor":36,"gold_loss":0},{"damage_healed":0,"gold_gain":0,"player_choice":"Embrace Madness","damage_taken":12,"max_hp_gain":0,"max_hp_loss":0,"event_name":"Winding Halls","floor":39,"gold_loss":0,"cards_obtained":["Madness","Madness"]},{"damage_healed":83,"gold_gain":0,"player_choice":"Heal","damage_taken":0,"max_hp_gain":0,"max_hp_loss":12,"event_name":"The Moai Head","floor":40,"gold_loss":0},{"damage_healed":0,"gold_gain":0,"player_choice":"Paid","damage_taken":0,"relics_obtained":["Red Mask"],"max_hp_gain":0,"max_hp_loss":0,"event_name":"Tomb of Lord Red Mask","floor":41,"gold_loss":53},{"damage_healed":0,"gold_gain":0,"player_choice":"Ignored","damage_taken":0,"max_hp_gain":0,"max_hp_loss":0,"event_name":"Mysterious Sphere","floor":46,"gold_loss":0}],"is_beta":true,"boss_relics":[{"not_picked":["Calling Bell","Velvet Choker"],"picked":"Astrolabe"},{"not_picked":["Orrery","Snecko Eye"],"picked":"Empty Cage"}],"items_purged_floors":[6,21],"is_endless":false,"potions_floor_spawned":[1,5,10,14,22,27,31,33,44],"killed_by":"Spire Growth","ascension_level":0}