{"gold_per_floor":[119,119,44,56,56,84,84,95,120,120,120],"floor_reached":11,"playtime":287,"items_purged":["Strike_B"],"score":110,"play_id":"9e989e89-3c3d-4b4d-9fe0-d1ba6c8f6cb4","local_time":"20190715170225","is_ascension_mode":true,"campfire_choices":[{"data":"Turbo","floor":7,"key":"SMITH"},{"data":"BootSequence","floor":10,"key":"SMITH"}],"neow_cost":"NONE","seed_source_timestamp":368511217524100,"circlet_count":0,"master_deck":["Strike_B","Strike_B","Strike_B","Defend_B","Defend_B","Defend_B","Defend_B","Zap","Dualcast","Turbo+1","Self Repair","BootSequence+1"],"relics":["Cracked Core","NeowsBlessing","Potion Belt","Ginger","Centennial Puzzle","Lantern"],"potions_floor_usage":[],"damage_taken":[{"damage":0,"enemies":"Cultist","floor":1,"turns":1},{"damage":0,"enemies":"Small Slimes","floor":4,"turns":1},{"damage":0,"enemies":"3 Sentries","floor":6,"turns":1},{"damage":2,"enemies":"Jaw Worm","floor":8,"turns":4},{"damage":58,"enemies":"Lagavulin","floor":11,"turns":10}],"seed_played":"7576758202474041796","potions_obtained":[{"floor":1,"key":"PowerPotion"},{"floor":6,"key":"Poison Potion"}],"is_trial":false,"path_per_floor":["M","T","$","M","?","E","R","M","T","R","E"],"character_chosen":"DEFECT","items_purchased":[],"campfire_rested":0,"item_purchase_floors":[],"current_hp_per_floor":[75,75,75,75,50,50,50,55,55,55,0],"gold":120,"neow_bonus":"THREE_ENEMY_KILL","is_prod":false,"is_daily":false,"chose_seed":false,"campfire_upgraded":2,"win_rate":0,"timestamp":1563192145,"path_taken":["M","?","$","M","?","E","R","M","T","R","E"],"build_version":"2019-07-05","purchased_purges":1,"victory":false,"max_hp_per_floor":[75,75,75,75,75,75,75,75,75,75,75],"card_choices":[{"not_picked":["Capacitor","Rebound","Doom and Gloom"],"picked":"SKIP","floor":1},{"not_picked":["Ball Lightning","Gash"],"picked":"Turbo","floor":4},{"not_picked":["Doom and Gloom","Heatsinks"],"picked":"Self Repair","floor":6},{"not_picked":["Storm","Go for the Eyes"],"picked":"BootSequence","floor":8}],"player_experience":133073,"relics_obtained":[{"floor":2,"key":"Potion Belt"},{"floor":6,"key":"Centennial Puzzle"},{"floor":9,"key":"Lantern"}],"event_choices":[{"damage_healed":0,"gold_gain":0,"player_choice":"Success","damage_taken":25,"relics_obtained":["Ginger"],"max_hp_gain":0,"max_hp_loss":0,"event_name":"Scrap Ooze","floor":5,"gold_loss":0}],"is_beta":false,"boss_relics":[],"items_purged_floors":[3],"is_endless":false,"potions_floor_spawned":[1,6],"killed_by":"Lagavulin","ascension_level":3}