{"gold_per_floor":[118,138,152,168,188,42,42,72,72,103,113,148,323,22,22,123,123,143,156,156,0,0,0,13,13,13,13,23,23,23,42,42,138,138,150,250,264,279,330,330,330,330,354,13,13,32,32,48,48,48],"floor_reached":50,"playtime":2650,"items_purged":["Choke","Doubt","Shame","Strike_G"],"score":487,"play_id":"6eb6b54a-1677-4336-8a0e-bf2d73e0538f","local_time":"20190112021639","is_ascension_mode":false,"campfire_choices":[{"data":"After Image","floor":7.0,"key":"SMITH"},{"data":"Infinite Blades","floor":15.0,"key":"SMITH"},{"data":"Wraith Form v2","floor":23.0,"key":"SMITH"},{"data":"Crippling Poison","floor":27.0,"key":"SMITH"},{"data":"Cloak And Dagger","floor":29.0,"key":"SMITH"},{"data":"Catalyst","floor":32.0,"key":"SMITH"},{"floor":40.0,"key":"REST"},{"floor":41.0,"key":"REST"},{"data":"Accuracy","floor":42.0,"key":"SMITH"},{"data":"Accuracy","floor":45.0,"key":"SMITH"},{"data":"Malaise","floor":47.0,"key":"SMITH"},{"floor":49,"key":"RECALL"}],"neow_cost":"TEN_PERCENT_HP_LOSS","seed_source_timestamp":0,"circlet_count":0,"master_deck":["Defend_G+1","Defend_G","Defend_G","Defend_G","Defend_G","Strike_G","Strike_G","Strike_G","Strike_G","Survivor","Neutralize","Cloak And Dagger","Backflip","Noxious Fumes","Dash","After Image+1","PiercingWail+1","Calculated Gamble","Caltrops","Sucker Punch","Infinite Blades+1","Cloak And Dagger+1","Wraith Form v2+1","Deflect","Blur","Accuracy+1","Catalyst+1","Crippling Poison+1","Noxious Fumes+1","Necronomicurse","Malaise+1","Escape Plan+1","Footwork","Accuracy+1","Bouncing Flask+1","Well Laid Plans+1"],"special_seed":0,"relics":["Ring of the Snake","Mango","Ninja Scroll","PreservedInsect","War Paint","The Courier","Orichalcum","Philosopher\u0027s Stone","Mercury Hourglass","Necronomicon","Sozu","Dead Branch","WingedGreaves","Blood Vial","Membership Card","Snake Skull"],"potions_floor_usage":[],"damage_taken":[{"damage":0.0,"enemies":"Cultist","floor":1.0,"turns":5.0},{"damage":0.0,"enemies":"Small Slimes","floor":2.0,"turns":4.0},{"damage":0.0,"enemies":"2 Louse","floor":3.0,"turns":2.0},{"damage":7.0,"enemies":"Exordium Wildlife","floor":4.0,"turns":5.0},{"damage":5.0,"enemies":"Exordium Thugs","floor":5.0,"turns":7.0},{"damage":1.0,"enemies":"3 Sentries","floor":8.0,"turns":8.0},{"damage":17.0,"enemies":"Gremlin Nob","floor":10.0,"turns":4.0},{"damage":0.0,"enemies":"3 Louse","floor":11.0,"turns":3.0},{"damage":8.0,"enemies":"Lagavulin","floor":12.0,"turns":6.0},{"damage":24.0,"enemies":"The Guardian","floor":16.0,"turns":12.0},{"damage":0.0,"enemies":"Shell Parasite","floor":18.0,"turns":6.0},{"damage":1.0,"enemies":"Chosen","floor":19.0,"turns":5.0},{"damage":2.0,"enemies":"Centurion and Healer","floor":24.0,"turns":4.0},{"damage":1.0,"enemies":"Cultist and Chosen","floor":28.0,"turns":6.0},{"damage":9.0,"enemies":"Snake Plant","floor":31.0,"turns":5.0},{"damage":58.0,"enemies":"Collector","floor":33.0,"turns":8.0},{"damage":6.0,"enemies":"3 Shapes","floor":35.0,"turns":4.0},{"damage":4.0,"enemies":"Mind Bloom Boss Battle","floor":36.0,"turns":8.0},{"damage":13.0,"enemies":"3 Darklings","floor":37.0,"turns":5.0},{"damage":5.0,"enemies":"Sphere and 2 Shapes","floor":38.0,"turns":4.0},{"damage":33.0,"enemies":"2 Orb Walkers","floor":39.0,"turns":5.0},{"damage":17.0,"enemies":"Transient","floor":46.0,"turns":5.0},{"damage":10.0,"enemies":"4 Shapes","floor":48.0,"turns":5.0},{"damage":44,"enemies":"Donu and Deca","floor":50,"turns":8}],"seed_played":"-3921968630324188557","potions_obtained":[{"floor":1.0,"key":"SteroidPotion"},{"floor":5.0,"key":"Fire Potion"},{"floor":10.0,"key":"Weak Potion"},{"floor":11.0,"key":"GhostInAJar"},{"floor":12.0,"key":"Regen Potion"},{"floor":18.0,"key":"Explosive Potion"},{"floor":31.0,"key":"SkillPotion"}],"is_trial":false,"path_per_floor":["M","M","M","M","M","$","R","E","T","E","M","E","?","$","R","B",null,"M","M","?","$","?","R","M","?","T","R","M","R","?","M","R","B",null,"M","?","M","M","?","R","R","R","T","$","R","M","R","M","R","B"],"character_chosen":"THE_SILENT","items_purchased":["After Image","Infinite Blades","Cloak And Dagger","Orichalcum","Accuracy","Membership Card","Snake Skull"],"campfire_rested":2,"item_purchase_floors":[6,14,14,14,21,44,44],"current_hp_per_floor":[77,77,77,70,65,65,65,64,64,47,47,39,39,39,39,15,77,77,76,76,76,76,76,74,74,74,74,73,73,57,48,48,5,77,71,67,54,49,16,39,62,62,62,62,62,47,47,39,39,0],"gold":48,"neow_bonus":"ONE_RARE_RELIC","is_prod":false,"is_daily":false,"chose_seed":false,"campfire_upgraded":9,"win_rate":0,"timestamp":1547246799,"path_taken":["M","M","M","M","M","$","R","E","T","E","?","E","?","$","R","BOSS","M","M","?","$","?","R","?","?","T","R","M","R","?","M","R","BOSS","M","?","M","M","?","R","R","R","T","$","R","M","R","M","R","BOSS"],"build_version":"2019-01-10","purchased_purges":4,"victory":false,"max_hp_per_floor":[77,77,77,77,77,77,77,77,77,77,77,77,77,77,77,77,77,77,77,77,77,77,77,77,77,77,77,77,77,77,77,77,77,77,77,77,77,77,77,77,77,77,77,77,77,77,77,77,77,77],"card_choices":[{"not_picked":["Riddle With Holes","PiercingWail"],"picked":"Cloak And Dagger","floor":1.0},{"not_picked":["Prepared","Backstab"],"picked":"Backflip","floor":2.0},{"not_picked":["Dodge and Roll","Dagger Throw"],"picked":"Noxious Fumes","floor":3.0},{"not_picked":["Backflip","Reflex"],"picked":"Choke","floor":4.0},{"not_picked":["Acrobatics","Underhanded Strike"],"picked":"Dash","floor":5.0},{"not_picked":["Slice","Underhanded Strike"],"picked":"PiercingWail","floor":8.0},{"not_picked":["Wraith Form v2","Backflip"],"picked":"Calculated Gamble","floor":10.0},{"not_picked":["Deadly Poison","Prepared"],"picked":"Caltrops","floor":11.0},{"not_picked":["Poisoned Stab","Underhanded Strike"],"picked":"Sucker Punch","floor":12.0},{"not_picked":["Phantasmal Killer","Corpse Explosion"],"picked":"Wraith Form v2","floor":16.0},{"not_picked":["Slice","Distraction"],"picked":"Deflect","floor":18.0},{"not_picked":["Slice","Prepared"],"picked":"Blur","floor":19.0},{"not_picked":["Dagger Spray","Poisoned Stab"],"picked":"Catalyst","floor":24.0},{"not_picked":["PiercingWail+1","Night Terror"],"picked":"Noxious Fumes+1","floor":28.0},{"not_picked":["Terror","Prepared","Reflex+1"],"picked":"SKIP","floor":31.0},{"not_picked":["Venomology","Corpse Explosion"],"picked":"Malaise","floor":33.0},{"not_picked":["Blur+1","Catalyst+1"],"picked":"Escape Plan+1","floor":35.0},{"not_picked":["Endless Agony+1","PiercingWail"],"picked":"Footwork","floor":36.0},{"not_picked":["Bouncing Flask","Prepared+1"],"picked":"Accuracy","floor":37.0},{"not_picked":["Tactician+1","All Out Attack+1"],"picked":"Bouncing Flask+1","floor":38.0},{"not_picked":["Acrobatics+1","Flying Knee+1"],"picked":"Well Laid Plans+1","floor":46.0},{"not_picked":["Predator+1","Sucker Punch+1","Bane+1"],"picked":"SKIP","floor":48.0}],"player_experience":366825,"relics_obtained":[{"floor":8.0,"key":"Ninja Scroll"},{"floor":9.0,"key":"PreservedInsect"},{"floor":10.0,"key":"War Paint"},{"floor":12.0,"key":"The Courier"},{"floor":30.0,"key":"Necronomicon"},{"floor":36.0,"key":"Dead Branch"},{"floor":39.0,"key":"WingedGreaves"},{"floor":43.0,"key":"Blood Vial"}],"event_choices":[{"damage_healed":0.0,"max_hp_gain":0.0,"max_hp_loss":0.0,"gold_gain":175.0,"event_name":"Liars Game","player_choice":"AGREE","floor":13.0,"gold_loss":0.0,"damage_taken":0.0,"cards_obtained":["Doubt"]},{"damage_healed":0.0,"max_hp_gain":0.0,"max_hp_loss":0.0,"gold_gain":0.0,"event_name":"Addict","player_choice":"Stole Relic","floor":20.0,"gold_loss":0.0,"damage_taken":0.0,"relics_obtained":["Mercury Hourglass"],"cards_obtained":["Shame"]},{"damage_healed":0.0,"max_hp_gain":0.0,"max_hp_loss":0.0,"gold_gain":0.0,"event_name":"The Library","player_choice":"Read","floor":25.0,"gold_loss":0.0,"damage_taken":0.0,"cards_obtained":["Crippling Poison"]},{"damage_healed":0.0,"max_hp_gain":0.0,"max_hp_loss":0.0,"gold_gain":0.0,"event_name":"Cursed Tome","player_choice":"Obtained Book","floor":30.0,"gold_loss":0.0,"damage_taken":16.0},{"damage_healed":0.0,"max_hp_gain":0.0,"max_hp_loss":0.0,"gold_gain":0.0,"event_name":"MindBloom","player_choice":"Fight","floor":36.0,"gold_loss":0.0,"damage_taken":0.0},{"damage_healed":0.0,"max_hp_gain":0.0,"max_hp_loss":0.0,"gold_gain":0.0,"event_name":"Mysterious Sphere","player_choice":"Fight","floor":39.0,"gold_loss":0.0,"damage_taken":0.0}],"is_beta":true,"boss_relics":[{"not_picked":["WristBlade","Snecko Eye"],"picked":"Philosopher\u0027s Stone"},{"not_picked":["Astrolabe","Velvet Choker"],"picked":"Sozu"}],"items_purged_floors":[6,14,21,44],"is_endless":false,"potions_floor_spawned":[1,5,10,11,12,18,31,36,37,46],"killed_by":"Donu and Deca","ascension_level":0}