{"gold_per_floor":[116,116,128,140,162,199,211,41,41,41,41,41,66,79,79,208,208,223,238,12,25,43,43],"floor_reached":23,"playtime":1211,"items_purged":["Regret"],"score":216,"play_id":"b551490c-c142-413c-91be-43aea4ecccf3","local_time":"20190111183519","is_ascension_mode":false,"campfire_choices":[{"data":"Well Laid Plans","floor":7.0,"key":"SMITH"},{"data":"Footwork","floor":12.0,"key":"SMITH"},{"data":"Backflip","floor":15.0,"key":"SMITH"}],"neow_cost":"NONE","seed_source_timestamp":0,"circlet_count":0,"master_deck":["Defend_G","Defend_G","Defend_G","Defend_G","Defend_G","Strike_G","Strike_G","Strike_G","Strike_G","Strike_G","Survivor","Neutralize","Backflip+1","Crippling Poison","Well Laid Plans+1","Blade Dance","Leg Sweep","Footwork+1","PiercingWail","Escape Plan","Grand Finale","Injury","Writhe","Blade Dance+1","Burst+1","Setup+1","Deflect+1"],"special_seed":0,"relics":["Ring of the Snake","NeowsBlessing","MawBank","Question Card","Pocketwatch","Mercury Hourglass","Golden Idol","Calling Bell","Toxic Egg 2","Shovel","Orichalcum","Blood Vial"],"potions_floor_usage":[23,23],"damage_taken":[{"damage":0.0,"enemies":"Jaw Worm","floor":1.0,"turns":1.0},{"damage":0.0,"enemies":"2 Louse","floor":5.0,"turns":1.0},{"damage":0.0,"enemies":"Lagavulin","floor":6.0,"turns":1.0},{"damage":0.0,"enemies":"Small Slimes","floor":13.0,"turns":4.0},{"damage":1.0,"enemies":"Blue Slaver","floor":14.0,"turns":5.0},{"damage":33.0,"enemies":"Slime Boss","floor":16.0,"turns":14.0},{"damage":10.0,"enemies":"Chosen","floor":18.0,"turns":7.0},{"damage":7.0,"enemies":"Spheric Guardian","floor":19.0,"turns":4.0},{"damage":21.0,"enemies":"3 Cultists","floor":21.0,"turns":5.0},{"damage":16,"enemies":"Snake Plant","floor":22,"turns":8},{"damage":37,"enemies":"Slavers","floor":23,"turns":8}],"seed_played":"2981190328926575726","potions_obtained":[{"floor":5.0,"key":"Regen Potion"},{"floor":6.0,"key":"SteroidPotion"},{"floor":14.0,"key":"LiquidBronze"},{"floor":16.0,"key":"GamblersBrew"},{"floor":22,"key":"SkillPotion"}],"is_trial":false,"path_per_floor":["M","?","?","?","M","E","R","$","T","?","?","R","M","M","R","B",null,"M","M","$","M","M","E"],"character_chosen":"THE_SILENT","items_purchased":["Blade Dance","Leg Sweep","Footwork","Blood Vial"],"campfire_rested":0,"item_purchase_floors":[8,8,8,20],"current_hp_per_floor":[70,70,63,56,56,56,56,56,56,56,56,56,56,55,55,22,70,60,53,53,34,20,0],"gold":43,"neow_bonus":"THREE_ENEMY_KILL","is_prod":false,"is_daily":false,"chose_seed":false,"campfire_upgraded":3,"win_rate":0,"timestamp":1547219119,"path_taken":["M","?","?","?","M","E","R","?","T","?","?","R","M","M","R","BOSS","M","M","$","M","M","E"],"build_version":"2019-01-09","purchased_purges":1,"victory":false,"max_hp_per_floor":[70,70,70,70,70,70,70,70,70,70,70,70,70,70,70,70,70,70,70,70,70,70,70],"card_choices":[{"not_picked":["Outmaneuver","Dodge and Roll"],"picked":"Backflip","floor":1.0},{"not_picked":["Deflect","Reflex","Outmaneuver"],"picked":"Crippling Poison","floor":5.0},{"not_picked":["Flying Knee","Heel Hook","Infinite Blades"],"picked":"Well Laid Plans","floor":6.0},{"not_picked":["Deflect","Endless Agony","Bouncing Flask"],"picked":"PiercingWail","floor":13.0},{"not_picked":["Eviscerate","Underhanded Strike","Dagger Spray"],"picked":"Escape Plan","floor":14.0},{"not_picked":["Doppelganger","Unload","Night Terror"],"picked":"Grand Finale","floor":16.0},{"not_picked":["Quick Slash","Prepared+1","Deadly Poison+1"],"picked":"Blade Dance+1","floor":18.0},{"not_picked":["Riddle With Holes","Poisoned Stab","Outmaneuver+1"],"picked":"Burst+1","floor":19.0},{"not_picked":["Slice","Dagger Spray","Deflect+1"],"picked":"Setup+1","floor":21.0},{"not_picked":["PiercingWail+1","Burst+1","Poisoned Stab"],"picked":"Deflect+1","floor":22}],"player_experience":359451,"relics_obtained":[{"floor":6.0,"key":"Pocketwatch"},{"floor":9.0,"key":"Mercury Hourglass"},{"floor":17.0,"key":"Toxic Egg 2"},{"floor":17.0,"key":"Shovel"},{"floor":17.0,"key":"Orichalcum"}],"event_choices":[{"damage_healed":0.0,"max_hp_gain":0.0,"max_hp_loss":0.0,"gold_gain":0.0,"event_name":"Big Fish","player_choice":"Box","floor":2.0,"gold_loss":0.0,"damage_taken":0.0,"relics_obtained":["MawBank"],"cards_obtained":["Regret"]},{"damage_healed":0.0,"max_hp_gain":0.0,"max_hp_loss":0.0,"gold_gain":0.0,"event_name":"Scrap Ooze","player_choice":"Success","floor":3.0,"gold_loss":0.0,"damage_taken":7.0,"relics_obtained":["Question Card"]},{"cards_removed":["Regret"],"damage_healed":0.0,"max_hp_gain":0.0,"max_hp_loss":0.0,"gold_gain":0.0,"event_name":"Golden Wing","player_choice":"Card Removal","floor":4.0,"gold_loss":0.0,"damage_taken":7.0},{"damage_healed":0.0,"max_hp_gain":0.0,"max_hp_loss":0.0,"gold_gain":0.0,"event_name":"Golden Idol","player_choice":"Take Wound","floor":10.0,"gold_loss":0.0,"damage_taken":0.0,"relics_obtained":["Golden Idol"],"cards_obtained":["Injury"]},{"cards_removed":["Injury"],"damage_healed":0.0,"max_hp_gain":0.0,"max_hp_loss":0.0,"gold_gain":0.0,"event_name":"Purifier","player_choice":"Purged","floor":11.0,"gold_loss":0.0,"damage_taken":0.0}],"is_beta":true,"boss_relics":[{"not_picked":["Ectoplasm","Tiny House"],"picked":"Calling Bell"}],"items_purged_floors":[20],"is_endless":false,"potions_floor_spawned":[5,6,14,16,22],"killed_by":"Slavers","ascension_level":0}