{"gold_per_floor":[119,44,97,97,112,112,131,131,157,177,192,192],"floor_reached":12,"playtime":373,"items_purged":["Sadistic Nature"],"score":81,"play_id":"b2a6d977-21f3-4c4f-a629-ca78c0043a0f","local_time":"20190720181514","is_ascension_mode":true,"campfire_choices":[{"data":"Mayhem","floor":6,"key":"SMITH"},{"data":"Cloak And Dagger","floor":8,"key":"SMITH"}],"neow_cost":"PERCENT_DAMAGE","seed_source_timestamp":804803800162600,"circlet_count":0,"master_deck":["Strike_G","Strike_G","Strike_G","Strike_G","Strike_G","Defend_G","Defend_G","Defend_G","Defend_G","Defend_G","Survivor","Neutralize","Mayhem+1","Cloak And Dagger+1","Dodge and Roll"],"relics":["Ring of the Snake","Oddly Smooth Stone","CultistMask","Art of War"],"potions_floor_usage":[],"damage_taken":[{"damage":0,"enemies":"Cultist","floor":1,"turns":5},{"damage":3,"enemies":"2 Louse","floor":5,"turns":4},{"damage":0,"enemies":"Small Slimes","floor":7,"turns":3},{"damage":0,"enemies":"Red Slaver","floor":10,"turns":4},{"damage":1,"enemies":"2 Fungi Beasts","floor":11,"turns":5},{"damage":1,"enemies":"Gremlin Gang","floor":12,"turns":3}],"seed_played":"-8113794014515088254","potions_obtained":[{"floor":1,"key":"SpeedPotion"},{"floor":10,"key":"Energy Potion"}],"is_trial":false,"path_per_floor":["M","$","T","?","M","R","M","R","T","M","M","M"],"character_chosen":"THE_SILENT","items_purchased":[],"campfire_rested":0,"item_purchase_floors":[],"current_hp_per_floor":[49,49,49,49,46,46,46,46,46,46,45,44],"gold":192,"neow_bonus":"RANDOM_COLORLESS_2","is_prod":false,"is_daily":false,"chose_seed":false,"campfire_upgraded":2,"win_rate":0,"timestamp":1563628514,"path_taken":["M","$","?","?","M","R","?","R","T","M","M","M"],"build_version":"2019-07-17","purchased_purges":1,"victory":false,"max_hp_per_floor":[70,70,70,70,70,70,70,70,70,70,70,70],"card_choices":[{"not_picked":["Acrobatics","Outmaneuver"],"picked":"Cloak And Dagger","floor":1},{"not_picked":["Slice","Expertise"],"picked":"Dodge and Roll","floor":5},{"not_picked":["Slice","Poisoned Stab","Flying Knee"],"picked":"SKIP","floor":7},{"not_picked":["Prepared","Dash","Crippling Poison"],"picked":"SKIP","floor":10},{"not_picked":["Sucker Punch","Underhanded Strike","Bullet Time"],"picked":"SKIP","floor":11}],"player_experience":144243,"relics_obtained":[{"floor":3,"key":"Oddly Smooth Stone"},{"floor":9,"key":"Art of War"}],"event_choices":[{"damage_healed":0,"gold_gain":0,"player_choice":"Trade","damage_taken":0,"relics_obtained":["CultistMask"],"max_hp_gain":0,"max_hp_loss":0,"event_name":"FaceTrader","floor":4,"gold_loss":0}],"is_beta":false,"boss_relics":[],"items_purged_floors":[2],"is_endless":false,"potions_floor_spawned":[1,10],"killed_by":"Gremlin Gang","ascension_level":3}