{"gold_per_floor":[119,119,21,38,38,38,63,79,160,176,188,218,218,232,232,333,333,345,361,189,203,4,4,22,22,22,34,48,58,74,93,93,93],"floor_reached":33,"playtime":1609,"items_purged":["Strike_R","Strike_R","Strike_R"],"score":305,"play_id":"edb1563c-2491-4323-b511-b0e5d347f172","local_time":"20190706232359","is_ascension_mode":true,"campfire_choices":[{"data":"Armaments","floor":6,"key":"SMITH"},{"data":"Shrug It Off","floor":13,"key":"SMITH"},{"data":"Carnage","floor":15,"key":"SMITH"},{"data":"Seeing Red","floor":23,"key":"SMITH"},{"floor":25,"key":"REST"},{"data":"Ghostly Armor","floor":32,"key":"SMITH"}],"neow_cost":"NONE","seed_source_timestamp":801548252453500,"circlet_count":0,"master_deck":["Strike_R","Defend_R","Defend_R","Defend_R","Defend_R","Bash","Armaments+1","Flex+1","Shrug It Off+1","Carnage+1","Juggernaut+1","Ghostly Armor+1","Seeing Red+1","Ghostly Armor","Inflame+1","Ghostly Armor"],"relics":["Burning Blood","NeowsBlessing","Anchor","Frozen Egg 2","Art of War","Philosopher\u0027s Stone"],"potions_floor_usage":[],"damage_taken":[{"damage":0,"enemies":"Jaw Worm","floor":1,"turns":1},{"damage":0,"enemies":"2 Louse","floor":4,"turns":1},{"damage":0,"enemies":"Gremlin Nob","floor":7,"turns":1},{"damage":0,"enemies":"Cultist","floor":8,"turns":3},{"damage":2,"enemies":"Gremlin Gang","floor":10,"turns":9},{"damage":3,"enemies":"Lots of Slimes","floor":11,"turns":8},{"damage":5,"enemies":"Lagavulin","floor":12,"turns":8},{"damage":4,"enemies":"2 Fungi Beasts","floor":14,"turns":4},{"damage":44,"enemies":"Hexaghost","floor":16,"turns":10},{"damage":0,"enemies":"Chosen","floor":18,"turns":5},{"damage":7,"enemies":"Spheric Guardian","floor":19,"turns":4},{"damage":31,"enemies":"Centurion and Healer","floor":21,"turns":12},{"damage":16,"enemies":"Sentry and Sphere","floor":24,"turns":5},{"damage":10,"enemies":"Cultist and Chosen","floor":27,"turns":5},{"damage":8,"enemies":"Snecko","floor":28,"turns":6},{"damage":0,"enemies":"Centurion and Healer","floor":29,"turns":6},{"damage":10,"enemies":"3 Cultists","floor":30,"turns":6},{"damage":13,"enemies":"Sentry and Sphere","floor":31,"turns":5},{"damage":62,"enemies":"Automaton","floor":33,"turns":12}],"seed_played":"-4965798867151048951","potions_obtained":[{"floor":7,"key":"Fire Potion"},{"floor":11,"key":"Dexterity Potion"},{"floor":14,"key":"PowerPotion"}],"is_trial":false,"path_per_floor":["M","?","$","M","?","R","E","M","T","M","M","E","R","M","R","B",null,"M","M","$","M","$","R","M","R","T","M","M","M","M","M","R","B"],"character_chosen":"IRONCLAD","items_purchased":["Flex","Seeing Red","Ghostly Armor"],"campfire_rested":1,"item_purchase_floors":[3,20,22],"current_hp_per_floor":[80,73,73,79,79,79,80,80,80,80,80,80,80,80,80,42,80,80,79,79,54,54,54,44,68,68,64,62,68,64,57,57,0],"gold":93,"neow_bonus":"THREE_ENEMY_KILL","is_prod":false,"is_daily":false,"chose_seed":false,"campfire_upgraded":5,"win_rate":0,"timestamp":1562437439,"path_taken":["M","?","$","M","?","R","E","?","T","M","M","E","R","?","R","BOSS","M","M","$","M","$","R","M","R","T","M","?","M","M","M","R","BOSS"],"build_version":"2019-07-05","purchased_purges":3,"victory":false,"max_hp_per_floor":[80,80,80,80,80,80,80,80,80,80,80,80,80,80,80,80,80,80,80,80,80,80,80,80,80,80,80,80,80,80,80,80,80],"card_choices":[{"not_picked":["Sword Boomerang","Wild Strike"],"picked":"Armaments","floor":1},{"not_picked":["Thunderclap","Wild Strike","True Grit"],"picked":"SKIP","floor":4},{"not_picked":["Rage","Brutality","Combust"],"picked":"SKIP","floor":7},{"not_picked":["Warcry","Iron Wave"],"picked":"Shrug It Off","floor":8},{"not_picked":["Headbutt","Pummel"],"picked":"Carnage","floor":10},{"not_picked":["Flame Barrier","Havoc"],"picked":"Juggernaut+1","floor":11},{"not_picked":["Anger","Infernal Blade","Spot Weakness"],"picked":"SKIP","floor":12},{"not_picked":["Rupture+1","Wild Strike","Fire Breathing+1"],"picked":"SKIP","floor":14},{"not_picked":["Twin Strike","Thunderclap","Flame Barrier+1"],"picked":"SKIP","floor":18},{"not_picked":["Heavy Blade","Wild Strike"],"picked":"Ghostly Armor","floor":19},{"not_picked":["Warcry","Body Slam","True Grit"],"picked":"SKIP","floor":21},{"not_picked":["Perfected Strike","Sword Boomerang","Cleave"],"picked":"SKIP","floor":24},{"not_picked":["Carnage","Twin Strike"],"picked":"Inflame+1","floor":27},{"not_picked":["Warcry","Shockwave","Sword Boomerang"],"picked":"SKIP","floor":28},{"not_picked":["Sword Boomerang","Headbutt","Clothesline"],"picked":"SKIP","floor":29},{"not_picked":["Warcry+1","Exhume","Pommel Strike"],"picked":"SKIP","floor":30},{"not_picked":["True Grit","Pummel+1"],"picked":"Ghostly Armor","floor":31}],"player_experience":96788,"relics_obtained":[{"floor":7,"key":"Anchor"},{"floor":9,"key":"Frozen Egg 2"},{"floor":12,"key":"Art of War"}],"event_choices":[{"cards_removed":["Strike_R"],"damage_healed":0,"gold_gain":0,"player_choice":"Card Removal","damage_taken":7,"max_hp_gain":0,"max_hp_loss":0,"event_name":"Golden Wing","floor":2,"gold_loss":0},{"damage_healed":0,"gold_gain":0,"player_choice":"Forge","damage_taken":0,"max_hp_gain":0,"max_hp_loss":0,"event_name":"Accursed Blacksmith","floor":5,"gold_loss":0,"cards_upgraded":["Flex"]}],"is_beta":false,"boss_relics":[{"not_picked":["White Beast Statue","Velvet Choker"],"picked":"Philosopher\u0027s Stone"}],"items_purged_floors":[3,20,22],"is_endless":false,"potions_floor_spawned":[7,11,14,16,19,27,28,29],"killed_by":"Automaton","ascension_level":1}