{"gold_per_floor":[18,18,18,18,44,56,93,30,30,50,69,21,31,31,31,31],"floor_reached":16,"playtime":607,"items_purged":[],"score":100,"play_id":"835336ee-23d5-4df4-bf39-a429642d3ac7","local_time":"20190111180155","is_ascension_mode":false,"campfire_choices":[{"data":"1","floor":6,"key":"LIFT"},{"floor":15,"key":"REST"}],"neow_cost":"NO_GOLD","seed_source_timestamp":139775868362900,"circlet_count":0,"master_deck":["Defend_G","Defend_G","Defend_G","Defend_G","Strike_G","Strike_G","Strike_G","Strike_G","Strike_G","Survivor","Neutralize","Blur+1","Regret","Blade Dance","Sucker Punch","Well Laid Plans","Cloak And Dagger","Dodge and Roll","Slice","Tools of the Trade"],"relics":["Ring of the Snake","Girya","MawBank","Ice Cream","Bottled Lightning"],"potions_floor_usage":[11,16],"damage_taken":[{"damage":5,"enemies":"Jaw Worm","floor":1,"turns":5},{"damage":5,"enemies":"Small Slimes","floor":5,"turns":5},{"damage":29,"enemies":"3 Sentries","floor":7,"turns":12},{"damage":0,"enemies":"2 Louse","floor":10,"turns":2},{"damage":3,"enemies":"Exordium Wildlife","floor":11,"turns":5},{"damage":7,"enemies":"Large Slime","floor":13,"turns":7},{"damage":39,"enemies":"Slime Boss","floor":16,"turns":10}],"seed_played":"-7446243683695130912","potions_obtained":[{"floor":7,"key":"Dexterity Potion"},{"floor":11,"key":"Block Potion"}],"is_trial":false,"path_per_floor":["M","?","?","?","M","R","E","$","T","M","M","$","M","$","R","B"],"character_chosen":"THE_SILENT","items_purchased":["Well Laid Plans","Slice"],"campfire_rested":1,"item_purchase_floors":[8,12],"current_hp_per_floor":[65,65,58,58,53,53,24,24,24,24,21,21,14,14,35,0],"gold":31,"neow_bonus":"ONE_RARE_RELIC","is_prod":false,"is_daily":false,"chose_seed":false,"campfire_upgraded":0,"win_rate":0,"timestamp":1547217115,"path_taken":["M","?","?","?","M","R","E","$","T","M","M","?","M","?","R","BOSS"],"build_version":"2019-01-09","purchased_purges":0,"victory":false,"max_hp_per_floor":[70,70,70,70,70,70,70,70,70,70,70,70,70,70,70,70],"card_choices":[{"not_picked":["Underhanded Strike","Sucker Punch"],"picked":"Blur","floor":1},{"not_picked":["Quick Slash","Prepared"],"picked":"Blade Dance","floor":5},{"not_picked":["All Out Attack","Terror"],"picked":"Sucker Punch","floor":7},{"not_picked":["Prepared","Crippling Poison"],"picked":"Cloak And Dagger","floor":10},{"not_picked":["Dagger Spray","Bane"],"picked":"Dodge and Roll","floor":11},{"not_picked":["Bane","Poisoned Stab"],"picked":"Tools of the Trade","floor":13}],"player_experience":358418,"relics_obtained":[{"floor":7,"key":"Ice Cream"},{"floor":9,"key":"Bottled Lightning"}],"event_choices":[{"damage_healed":0,"gold_gain":0,"player_choice":"Grow","damage_taken":0,"max_hp_gain":0,"max_hp_loss":0,"event_name":"Living Wall","floor":2,"gold_loss":0,"cards_upgraded":["Blur"]},{"cards_removed":["Defend_G"],"damage_healed":0,"gold_gain":0,"player_choice":"Card Removal","damage_taken":7,"max_hp_gain":0,"max_hp_loss":0,"event_name":"Golden Wing","floor":3,"gold_loss":0},{"damage_healed":0,"gold_gain":0,"player_choice":"Box","damage_taken":0,"relics_obtained":["MawBank"],"max_hp_gain":0,"max_hp_loss":0,"event_name":"Big Fish","floor":4,"gold_loss":0,"cards_obtained":["Regret"]}],"is_beta":true,"boss_relics":[],"items_purged_floors":[],"is_endless":false,"potions_floor_spawned":[7,11],"killed_by":"Slime Boss","ascension_level":0}