{"gold_per_floor":[116,135,146,71,146,146,146,159,237,256,256,268,268,285,285,389,389,401,391,391,401,401],"floor_reached":22,"playtime":853,"items_purged":["Pain"],"score":322,"play_id":"98b4693f-83a8-48ca-8d96-60055b24721f","local_time":"20190709170348","is_ascension_mode":true,"campfire_choices":[{"data":"Chill","floor":6.0,"key":"SMITH"},{"floor":11.0,"key":"REST"},{"floor":13.0,"key":"REST"},{"floor":15.0,"key":"REST"}],"neow_cost":"CURSE","seed_source_timestamp":0,"circlet_count":0,"master_deck":["Strike_B","Strike_B","Strike_B","Strike_B","Defend_B","Defend_B","Defend_B","Zap","Dualcast","Darkness","Undo","Chill+1","Redo","Coolheaded","Defragment","Buffer","Cold Snap","Self Repair"],"special_seed":0,"relics":["Bottled Lightning","Inserter","Nloth\u0027s Gift"],"potions_floor_usage":[21,21,22],"damage_taken":[{"damage":4.0,"enemies":"2 Louse","floor":1.0,"turns":2.0},{"damage":12.0,"enemies":"Jaw Worm","floor":2.0,"turns":3.0},{"damage":3.0,"enemies":"Cultist","floor":3.0,"turns":3.0},{"damage":25.0,"enemies":"Gremlin Gang","floor":8.0,"turns":7.0},{"damage":7.0,"enemies":"Looter","floor":10.0,"turns":4.0},{"damage":16.0,"enemies":"Exordium Thugs","floor":12.0,"turns":4.0},{"damage":13.0,"enemies":"Large Slime","floor":14.0,"turns":9.0},{"damage":17.0,"enemies":"Slime Boss","floor":16.0,"turns":6.0},{"damage":20.0,"enemies":"Shell Parasite","floor":18.0,"turns":7.0},{"damage":19.0,"enemies":"2 Thieves","floor":19.0,"turns":5.0},{"damage":15,"enemies":"Snecko","floor":21,"turns":8},{"damage":30,"enemies":"Colosseum Slavers","floor":22,"turns":3}],"seed_played":"7977117213846369185","potions_obtained":[{"floor":2.0,"key":"EntropicBrew"},{"floor":8.0,"key":"PowerPotion"},{"floor":16.0,"key":"Energy Potion"},{"floor":19.0,"key":"Fire Potion"},{"floor":21,"key":"Strength Potion"}],"is_trial":false,"path_per_floor":["M","M","M","$","?","R","?","M","T","M","R","M","R","M","R","B",null,"M","M","?","M","?"],"character_chosen":"DEFECT","items_purchased":[],"campfire_rested":3,"item_purchase_floors":[],"current_hp_per_floor":[71,59,56,56,45,45,45,20,20,13,35,19,41,28,50,33,75,55,36,36,21,0],"gold":401,"neow_bonus":"THREE_RARE_CARDS","is_prod":false,"is_daily":false,"chose_seed":false,"campfire_upgraded":1,"win_rate":0,"timestamp":1562679228,"path_taken":["M","M","M","$","?","R","?","M","T","M","R","M","R","M","R","BOSS","M","M","?","?","?"],"build_version":"2019-06-11","purchased_purges":1,"victory":false,"max_hp_per_floor":[75,75,75,75,75,75,75,75,75,75,75,75,75,75,75,75,75,75,75,75,75,75],"card_choices":[{"not_picked":["Multi-Cast","Machine Learning"],"picked":"Seek","floor":0.0},{"not_picked":["Compile Driver","Rebound"],"picked":"Darkness","floor":1.0},{"not_picked":["Sweeping Beam","Hologram"],"picked":"Undo","floor":2.0},{"not_picked":["Leap","Compile Driver"],"picked":"Chill","floor":3.0},{"not_picked":["Gash","Streamline"],"picked":"Redo","floor":8.0},{"not_picked":["Sweeping Beam","Redo"],"picked":"Coolheaded","floor":10.0},{"not_picked":["FTL","Consume"],"picked":"Defragment","floor":12.0},{"not_picked":["Streamline","Rip and Tear","Barrage"],"picked":"SKIP","floor":14.0},{"not_picked":["Echo Form","Multi-Cast"],"picked":"Buffer","floor":16.0},{"not_picked":["Darkness","Gash+1"],"picked":"Cold Snap","floor":18.0},{"not_picked":["Beam Cell","Redo","Gash+1"],"picked":"SKIP","floor":19.0},{"not_picked":["Lockon+1","Gash"],"picked":"Self Repair","floor":21}],"player_experience":716486,"relics_obtained":[{"floor":9.0,"key":"Bottled Lightning"}],"event_choices":[{"damage_healed":0.0,"max_hp_gain":0.0,"max_hp_loss":0.0,"gold_gain":75.0,"event_name":"World of Goop","player_choice":"Gather Gold","floor":5.0,"gold_loss":0.0,"damage_taken":11.0},{"cards_removed":["Defend_B"],"damage_healed":0.0,"max_hp_gain":0.0,"max_hp_loss":0.0,"gold_gain":0.0,"event_name":"Bonfire Elementals","player_choice":"Offered Basic","floor":7.0,"gold_loss":0.0,"damage_taken":0.0},{"damage_healed":0.0,"max_hp_gain":0.0,"max_hp_loss":0.0,"gold_gain":0.0,"event_name":"N\u0027loth","player_choice":"Traded Relic","floor":20.0,"relics_lost":["Cracked Core"],"gold_loss":0.0,"damage_taken":0.0,"relics_obtained":["Nloth\u0027s Gift"]},{"damage_healed":0,"gold_gain":0,"player_choice":"Fight","damage_taken":0,"max_hp_gain":0,"max_hp_loss":0,"event_name":"Colosseum","floor":22,"gold_loss":0}],"is_beta":true,"boss_relics":[{"not_picked":["Philosopher\u0027s Stone","FrozenCore"],"picked":"Inserter"}],"items_purged_floors":[4],"is_endless":false,"potions_floor_spawned":[2,8,12,16,19,21],"killed_by":"Colosseum Slavers","ascension_level":3}