{"gold_per_floor":[109,33,33,33,48,48,380,399,451,478,139,157,157,186,186,283,283,298,397,410,410,240,240,257,257,284,294,219,236,256,266,266,266],"floor_reached":33,"playtime":1292,"items_purged":["Defend_B","Strike_B"],"score":321,"play_id":"cb30ca5b-2259-4f7c-b509-92d4aa760ab2","local_time":"20190707041942","is_ascension_mode":true,"campfire_choices":[{"data":"Self Repair","floor":6,"key":"SMITH"},{"data":"Biased Cognition","floor":13,"key":"SMITH"},{"data":"White Noise","floor":15,"key":"SMITH"},{"data":"Defragment","floor":23,"key":"SMITH"},{"data":"Storm","floor":25,"key":"SMITH"},{"data":"Zap","floor":32,"key":"SMITH"}],"neow_cost":"NONE","seed_source_timestamp":819609186432200,"circlet_count":0,"master_deck":["Strike_B","Defend_B","Defend_B","Defend_B","Zap+1","Dualcast","Self Repair+1","Skim","Conserve Battery","Leap","Biased Cognition+1","Storm+1","White Noise+1","Defragment+1","Conserve Battery"],"relics":["Cracked Core","NeowsBlessing","Happy Flower","Old Coin","Strawberry","Nunchaku","MealTicket","Ancient Tea Set","Runic Pyramid","Dodecahedron","Lantern"],"potions_floor_usage":[],"damage_taken":[{"damage":0,"enemies":"Small Slimes","floor":1,"turns":1},{"damage":0,"enemies":"2 Louse","floor":5,"turns":1},{"damage":0,"enemies":"Gremlin Nob","floor":7,"turns":1},{"damage":4,"enemies":"Jaw Worm","floor":8,"turns":5},{"damage":19,"enemies":"3 Sentries","floor":10,"turns":9},{"damage":4,"enemies":"Looter","floor":12,"turns":3},{"damage":11,"enemies":"Lagavulin","floor":14,"turns":5},{"damage":53,"enemies":"The Guardian","floor":16,"turns":14},{"damage":0,"enemies":"Chosen","floor":18,"turns":4},{"damage":29,"enemies":"3 Byrds","floor":20,"turns":3},{"damage":5,"enemies":"Cultist and Chosen","floor":24,"turns":4},{"damage":8,"enemies":"Sentry and Sphere","floor":27,"turns":4},{"damage":4,"enemies":"Centurion and Healer","floor":29,"turns":5},{"damage":3,"enemies":"Cultist and Chosen","floor":30,"turns":4},{"damage":14,"enemies":"Shelled Parasite and Fungi","floor":31,"turns":4},{"damage":87,"enemies":"Collector","floor":33,"turns":12}],"seed_played":"695356657812741528","potions_obtained":[{"floor":1,"key":"Explosive Potion"},{"floor":5,"key":"SteroidPotion"},{"floor":7,"key":"Dexterity Potion"}],"is_trial":false,"path_per_floor":["M","$","?","?","M","R","E","M","T","E","$","M","R","E","R","B",null,"M","?","M","T","$","R","M","R","T","M","?","M","M","M","R","B"],"character_chosen":"DEFECT","items_purchased":["Self Repair","Storm","MealTicket","Defragment"],"campfire_rested":0,"item_purchase_floors":[2,11,11,22],"current_hp_per_floor":[75,75,50,43,50,50,60,66,73,64,64,70,70,69,69,26,82,82,82,63,63,78,78,82,82,82,82,82,82,82,78,78,0],"gold":266,"neow_bonus":"THREE_ENEMY_KILL","is_prod":false,"is_daily":false,"chose_seed":false,"campfire_upgraded":6,"win_rate":0,"timestamp":1562455182,"path_taken":["M","$","?","?","M","R","E","M","T","E","$","M","R","E","R","BOSS","M","?","M","?","$","R","M","R","T","M","?","M","M","M","R","BOSS"],"build_version":"2019-07-05","purchased_purges":2,"victory":false,"max_hp_per_floor":[75,75,75,75,75,75,75,75,82,82,82,82,82,82,82,82,82,82,82,82,82,82,82,82,82,82,82,82,82,82,82,82,82],"card_choices":[{"not_picked":["Melter","Beam Cell","Stack"],"picked":"SKIP","floor":1},{"not_picked":["BootSequence","Reinforced Body"],"picked":"Skim","floor":5},{"not_picked":["Auto Shields","Rebound"],"picked":"Conserve Battery","floor":7},{"not_picked":["Lockon","Rebound"],"picked":"Leap","floor":8},{"not_picked":["Hello World","Compile Driver"],"picked":"Biased Cognition","floor":10},{"not_picked":["Force Field","Coolheaded","Sweeping Beam"],"picked":"SKIP","floor":12},{"not_picked":["BootSequence","Rebound"],"picked":"White Noise","floor":14},{"not_picked":["BootSequence+1","Rebound","Streamline+1"],"picked":"SKIP","floor":18},{"not_picked":["Recycle+1","Rebound","Beam Cell"],"picked":"SKIP","floor":20},{"not_picked":["Cold Snap+1","Barrage"],"picked":"Conserve Battery","floor":24},{"not_picked":["Turbo","Gash","Beam Cell"],"picked":"SKIP","floor":27},{"not_picked":["Go for the Eyes+1","Undo","Rebound+1"],"picked":"SKIP","floor":29},{"not_picked":["Hologram","Coolheaded","Beam Cell"],"picked":"SKIP","floor":30},{"not_picked":["Chill","Ball Lightning","Leap"],"picked":"SKIP","floor":31}],"player_experience":99721,"relics_obtained":[{"floor":7,"key":"Old Coin"},{"floor":9,"key":"Strawberry"},{"floor":10,"key":"Nunchaku"},{"floor":14,"key":"Ancient Tea Set"},{"floor":21,"key":"Dodecahedron"},{"floor":26,"key":"Lantern"}],"event_choices":[{"damage_healed":0,"gold_gain":0,"player_choice":"Success","damage_taken":25,"relics_obtained":["Happy Flower"],"max_hp_gain":0,"max_hp_loss":0,"event_name":"Scrap Ooze","floor":3,"gold_loss":0},{"cards_removed":["Strike_B"],"damage_healed":0,"gold_gain":0,"player_choice":"Card Removal","damage_taken":7,"max_hp_gain":0,"max_hp_loss":0,"event_name":"Golden Wing","floor":4,"gold_loss":0},{"damage_healed":0,"gold_gain":99,"player_choice":"Stole From Cult","damage_taken":0,"max_hp_gain":0,"max_hp_loss":0,"event_name":"Nest","floor":19,"gold_loss":0},{"cards_removed":["Strike_B"],"damage_healed":0,"gold_gain":0,"player_choice":"Gave Gold","damage_taken":0,"max_hp_gain":0,"max_hp_loss":0,"event_name":"Beggar","floor":28,"gold_loss":75}],"is_beta":false,"boss_relics":[{"not_picked":["Tiny House","Pandora\u0027s Box"],"picked":"Runic Pyramid"}],"items_purged_floors":[11,22],"is_endless":false,"potions_floor_spawned":[1,5,7,14,18,27,29,31],"killed_by":"Collector","ascension_level":2}