{"gold_per_floor":[115,126,136,136,151,151,178,190,225,16,73,87,104,121,121,193,193,208,208,222,238,254,254,4,4],"floor_reached":25,"playtime":1708,"items_purged":["Strike_B"],"score":555,"play_id":"2cfc758e-b452-4ad3-98dc-84b6e61bdaf7","local_time":"20190720110751","is_ascension_mode":true,"campfire_choices":[{"data":"Genetic Algorithm","floor":6,"key":"SMITH"},{"floor":8,"key":"REST"},{"floor":15,"key":"REST"},{"data":"White Noise","floor":23,"key":"SMITH"}],"neow_cost":"NONE","seed_source_timestamp":561668380764946,"circlet_count":0,"master_deck":["AscendersBane","Strike_B","Strike_B","Strike_B","Defend_B","Defend_B","Defend_B","Defend_B","Zap","Dualcast","Chill","White Noise+1","Reinforced Body","Genetic Algorithm+1","Ball Lightning","Self Repair","Sweeping Beam","Chill","Hologram","Echo Form","Leap","Genetic Algorithm","Cold Snap","Capacitor","Creative AI"],"relics":["Cracked Core","MawBank","Bag of Marbles","DataDisk","Tiny Chest","Nuclear Battery","Bag of Preparation"],"potions_floor_usage":[7,11,25,25],"damage_taken":[{"damage":0,"enemies":"Cultist","floor":1,"turns":3},{"damage":9,"enemies":"Small Slimes","floor":2,"turns":3},{"damage":1,"enemies":"2 Louse","floor":3,"turns":2},{"damage":1,"enemies":"Lots of Slimes","floor":5,"turns":6},{"damage":52,"enemies":"Gremlin Nob","floor":7,"turns":6},{"damage":0,"enemies":"3 Sentries","floor":11,"turns":7},{"damage":6,"enemies":"3 Louse","floor":12,"turns":4},{"damage":14,"enemies":"Blue Slaver","floor":13,"turns":4},{"damage":3,"enemies":"Large Slime","floor":14,"turns":5},{"damage":0,"enemies":"Slime Boss","floor":16,"turns":12},{"damage":26,"enemies":"Shell Parasite","floor":18,"turns":10},{"damage":0,"enemies":"Spheric Guardian","floor":20,"turns":4},{"damage":10,"enemies":"Snecko","floor":21,"turns":5},{"damage":11,"enemies":"Centurion and Healer","floor":22,"turns":10},{"damage":43,"enemies":"Slavers","floor":25,"turns":5}],"seed_played":"-2257327254307350885","potions_obtained":[{"floor":0,"key":"Energy Potion"},{"floor":0,"key":"SpeedPotion"},{"floor":3,"key":"Weak Potion"},{"floor":16,"key":"FearPotion"},{"floor":18,"key":"EssenceOfSteel"},{"floor":21,"key":"Ancient Potion"}],"is_trial":false,"path_per_floor":["M","M","M","?","M","R","E","R","T","$","E","M","M","M","R","B",null,"M","T","M","M","M","R","$","E"],"character_chosen":"DEFECT","items_purchased":["DataDisk","AttackPotion","Creative AI"],"campfire_rested":2,"item_purchase_floors":[10,10,24],"current_hp_per_floor":[64,55,54,54,53,53,1,22,22,22,22,23,16,27,48,55,67,48,48,48,38,41,41,41,0],"gold":4,"neow_bonus":"THREE_SMALL_POTIONS","is_prod":false,"is_daily":false,"chose_seed":false,"campfire_upgraded":2,"win_rate":0,"timestamp":1563646071,"path_taken":["M","?","M","?","M","R","E","R","T","$","E","M","?","M","R","BOSS","M","?","M","M","?","R","$","E"],"build_version":"2019-07-17","purchased_purges":1,"victory":false,"max_hp_per_floor":[71,71,71,71,71,71,71,71,71,71,71,71,71,71,71,71,71,71,71,71,71,71,71,71,71],"card_choices":[{"not_picked":["Leap","Compile Driver"],"picked":"Chill","floor":1},{"not_picked":["Gash","Leap"],"picked":"White Noise","floor":2},{"not_picked":["Stack","Heatsinks"],"picked":"Reinforced Body","floor":3},{"not_picked":["Beam Cell","All For One"],"picked":"Genetic Algorithm","floor":5},{"not_picked":["Auto Shields","Fusion"],"picked":"Ball Lightning","floor":7},{"not_picked":["Aggregate","Chaos"],"picked":"Self Repair","floor":11},{"not_picked":["Streamline","Beam Cell"],"picked":"Sweeping Beam","floor":12},{"not_picked":["Ball Lightning","Steam"],"picked":"Chill","floor":13},{"not_picked":["Ball Lightning","Tempest"],"picked":"Hologram","floor":14},{"not_picked":["Seek","Electrodynamics"],"picked":"Echo Form","floor":16},{"not_picked":["Rebound","Streamline"],"picked":"Leap","floor":18},{"not_picked":["Aggregate","Lockon"],"picked":"Genetic Algorithm","floor":20},{"not_picked":["Rebound","Storm"],"picked":"Cold Snap","floor":21},{"not_picked":["Go for the Eyes","Rebound"],"picked":"Capacitor","floor":22}],"player_experience":561784,"relics_obtained":[{"floor":7,"key":"MawBank"},{"floor":9,"key":"Bag of Marbles"},{"floor":11,"key":"Tiny Chest"},{"floor":19,"key":"Bag of Preparation"}],"event_choices":[{"damage_healed":0,"gold_gain":0,"player_choice":"Got Potions","damage_taken":0,"max_hp_gain":0,"max_hp_loss":0,"event_name":"Lab","floor":4,"gold_loss":0}],"is_beta":false,"boss_relics":[{"not_picked":["Cursed Key","Sozu"],"picked":"Nuclear Battery"}],"items_purged_floors":[24],"is_endless":false,"potions_floor_spawned":[1,3,5,16,18,21],"killed_by":"Slavers","ascension_level":18}