{"path_per_floor":["M","?","$","?","?","R","M","R","T","R","M","$","M","M","R","B",null,"M","M"],"character_chosen":"THE_SILENT","items_purchased":["Backflip"],"gold_per_floor":[16,16,16,16,16,16,36,36,36,36,53,7,24,43,43,146,146,160,178],"floor_reached":20,"campfire_rested":0,"playtime":1431,"current_hp_per_floor":[67,67,67,60,60,60,60,60,60,60,60,60,58,58,58,34,70,44,40],"items_purged":[],"gold":178,"play_id":"f01a4d9f-54b2-4500-a873-1994ace77523","is_prod":false,"is_daily":false,"campfire_rituals":0,"campfire_upgraded":4,"is_hardmode":false,"path_taken":["M","?","$","?","?","R","M","R","T","R","M","$","M","?","R","BOSS","M","M","M"],"build_version":"2018-01-18-PROD4","purchased_purges":0,"victory":false,"master_deck":["Defend_G","Defend_G","Defend_G","Defend_G","Defend_G","Strike_G","Strike_G","Strike_G","Strike_G","Survivor","Neutralize","Deflect","Quick Slash","Prepared","Backflip","PiercingWail","Acrobatics","Bullet Time","Quick Slash","Backflip","Prepared","Sucker Punch","Quick Slash"],"max_hp_per_floor":[70,70,70,70,70,70,70,70,70,70,70,70,70,70,70,70,70,70,70],"relics":["Ring of the Snake","Centennial Puzzle","Orrery"],"campfire_meditates":0,"card_choices":[{"not_picked":["Unload","Die Die Die"],"picked":"Envenom"},{"not_picked":["Dagger Throw","Noxious Fumes"],"picked":"Deflect"},{"not_picked":["Deadly Poison","Sucker Punch"],"picked":"Quick Slash"},{"not_picked":["Flechettes","Dagger Throw"],"picked":"Prepared"},{"not_picked":["Deadly Poison","Phantasmal Killer"],"picked":"PiercingWail"},{"not_picked":["Outmaneuver","Dagger Spray"],"picked":"Acrobatics"},{"not_picked":["Unload","Adrenaline"],"picked":"Bullet Time"},{"not_picked":["Bane","Sucker Punch"],"picked":"Quick Slash"},{"not_picked":["Sucker Punch","Corpse Explosion"],"picked":"Backflip"},{"not_picked":["Footwork","Acrobatics"],"picked":"Prepared"},{"not_picked":["Predator","Dagger Throw"],"picked":"Sucker Punch"},{"not_picked":["Sucker Punch","Bane"],"picked":"Quick Slash"}],"player_experience":26089,"potions_floor_usage":[16,16,20],"damage_taken":[{"damage":3,"enemies":"Small Slimes","floor":1,"turns":4},{"damage":0,"enemies":"Jaw Worm","floor":7,"turns":5},{"damage":0,"enemies":"Blue Slaver","floor":11,"turns":4},{"damage":2,"enemies":"Exordium Wildlife","floor":13,"turns":8},{"damage":0,"enemies":"3 Louse","floor":14,"turns":4},{"damage":39,"enemies":"The Guardian","floor":16,"turns":21},{"damage":26,"enemies":"3 Byrds","floor":18,"turns":10},{"damage":4,"enemies":"Shell Parasite","floor":19,"turns":11},{"damage":48,"enemies":"Chosen and Byrds","floor":20,"turns":10}],"event_choices":[{"event_name":"Living Wall","player_choice":"Grow","floor":2,"damage_taken":0},{"event_name":"Golden Wing","player_choice":"Card Removal","floor":4,"damage_taken":0},{"event_name":"The Lab","player_choice":"Got Potions","floor":5,"damage_taken":0}],"boss_relics":[{"not_picked":["Philosopher\u0027s Stone","Velvet Choker"],"picked":"Orrery"}],"potions_floor_spawned":[13,19],"seed_played":"-1360111686263902720","killed_by":"Chosen and Byrds","is_trial":false}