{"gold_per_floor":[214,289,304,314,329,329,354,374,374,374,374,390,390,407,407,506,506,521,532,547,55,55],"floor_reached":22,"playtime":1351,"items_purged":["Strike_B"],"score":190,"play_id":"10705def-2541-40dc-b003-859468d73f36","local_time":"20190628192310","is_ascension_mode":false,"campfire_choices":[{"data":"Blizzard","floor":6,"key":"SMITH"},{"data":"Defragment","floor":10,"key":"SMITH"},{"floor":13,"key":"REST"},{"floor":15,"key":"REST"}],"neow_cost":"NONE","seed_source_timestamp":96149406803100,"circlet_count":0,"master_deck":["Strike_B","Strike_B","Strike_B","Defend_B","Defend_B","Defend_B","Defend_B","Zap","Dualcast","Cold Snap","Barrage","Blizzard+1","Defragment+1","Fusion","Loop","Echo Form","Chill+1","Darkness+1","Apotheosis"],"relics":["Cracked Core","Bag of Preparation","Vajra","Pen Nib","Philosopher\u0027s Stone","Pantograph"],"potions_floor_usage":[],"damage_taken":[{"damage":1,"enemies":"Jaw Worm","floor":1,"turns":3},{"damage":6,"enemies":"2 Louse","floor":3,"turns":2},{"damage":0,"enemies":"Cultist","floor":4,"turns":3},{"damage":0,"enemies":"Looter","floor":5,"turns":3},{"damage":29,"enemies":"Gremlin Nob","floor":7,"turns":5},{"damage":7,"enemies":"Lots of Slimes","floor":8,"turns":4},{"damage":5,"enemies":"Blue Slaver","floor":12,"turns":3},{"damage":0,"enemies":"Large Slime","floor":14,"turns":4},{"damage":14,"enemies":"Slime Boss","floor":16,"turns":7},{"damage":22,"enemies":"Spheric Guardian","floor":18,"turns":4},{"damage":22,"enemies":"2 Thieves","floor":19,"turns":4},{"damage":9,"enemies":"Cultist and Chosen","floor":20,"turns":7},{"damage":24,"enemies":"Snecko","floor":22,"turns":4}],"seed_played":"2967612723604828157","potions_obtained":[{"floor":3,"key":"SteroidPotion"},{"floor":5,"key":"Strength Potion"},{"floor":12,"key":"FocusPotion"}],"is_trial":false,"path_per_floor":["M","?","M","M","M","R","E","M","T","R","?","M","R","M","R","B",null,"M","M","M","$","M"],"character_chosen":"DEFECT","items_purchased":["Apotheosis","Pantograph"],"campfire_rested":2,"item_purchase_floors":[21,21],"current_hp_per_floor":[74,63,57,57,57,57,28,21,21,21,18,13,35,35,57,43,75,53,31,22,22,0],"gold":55,"neow_bonus":"HUNDRED_GOLD","is_prod":false,"is_daily":false,"chose_seed":false,"campfire_upgraded":2,"win_rate":0.0,"timestamp":1561731790,"path_taken":["M","?","M","M","M","R","E","M","T","R","?","M","R","M","R","BOSS","M","M","M","$","M"],"build_version":"2019-01-23","purchased_purges":1,"victory":false,"max_hp_per_floor":[75,75,75,75,75,75,75,75,75,75,75,75,75,75,75,75,75,75,75,75,75,75],"card_choices":[{"not_picked":["Aggregate","Gash"],"picked":"Cold Snap","floor":1},{"not_picked":["Sweeping Beam","Turbo","Force Field"],"picked":"SKIP","floor":3},{"not_picked":["Reinforced Body","Streamline"],"picked":"Barrage","floor":4},{"not_picked":["Barrage","Stack"],"picked":"Blizzard","floor":5},{"not_picked":["Hologram","Hyperbeam","Biased Cognition"],"picked":"SKIP","floor":7},{"not_picked":["Gash","Streamline"],"picked":"Defragment","floor":8},{"not_picked":["Tempest","Hologram"],"picked":"Fusion","floor":12},{"not_picked":["Beam Cell","Reinforced Body"],"picked":"Loop","floor":14},{"not_picked":["Meteor Strike","Machine Learning"],"picked":"Echo Form","floor":16},{"not_picked":["Tempest","Beam Cell"],"picked":"Chill+1","floor":18},{"not_picked":["Genetic Algorithm","Hello World"],"picked":"Darkness+1","floor":19},{"not_picked":["Conserve Battery","Stack","Hello World+1"],"picked":"SKIP","floor":20}],"player_experience":36665,"relics_obtained":[{"floor":7,"key":"Bag of Preparation"},{"floor":9,"key":"Vajra"}],"event_choices":[{"damage_healed":0,"gold_gain":75,"player_choice":"Gather Gold","damage_taken":11,"max_hp_gain":0,"max_hp_loss":0,"event_name":"World of Goop","floor":2,"gold_loss":0},{"damage_healed":0,"gold_gain":0,"player_choice":"Success","damage_taken":3,"relics_obtained":["Pen Nib"],"max_hp_gain":0,"max_hp_loss":0,"event_name":"Scrap Ooze","floor":11,"gold_loss":0}],"is_beta":false,"boss_relics":[{"not_picked":["Runic Dome","Velvet Choker"],"picked":"Philosopher\u0027s Stone"}],"items_purged_floors":[21],"is_endless":false,"potions_floor_spawned":[3,5,12,14],"killed_by":"Snecko","ascension_level":0}