{"path_per_floor":["M","M","$","M","M","R","$","R","T","E","R","M","R","?","R","B",null,"M","$","M","M","?","R","?","?","T","R","M","M","M","M","R"],"character_chosen":"THE_SILENT","items_purchased":["Trip","Poisoned Stab","Flash of Steel","Outmaneuver","Predator"],"gold_per_floor":[118,137,10,25,39,39,39,39,39,72,72,86,86,86,86,187,187,203,18,33,49,49,49,49,49,73,73,89,103,118,131,131],"floor_reached":33,"campfire_rested":5,"playtime":3532,"current_hp_per_floor":[70,70,70,70,70,70,70,70,70,51,70,70,70,58,70,62,70,65,65,49,35,19,40,40,33,33,54,44,39,33,33,54],"items_purged":[],"gold":131,"play_id":"dc5018d6-52e7-43b0-b8d5-869e850617af","is_prod":false,"is_daily":false,"campfire_rituals":0,"campfire_upgraded":3,"is_hardmode":false,"path_taken":["M","M","$","M","M","R","$","R","T","E","R","M","R","?","R","BOSS","M","$","M","M","?","R","?","?","T","R","M","M","M","M","R","BOSS"],"build_version":"2018-01-18-PROD2","purchased_purges":0,"victory":false,"master_deck":["Defend_G","Defend_G","Defend_G","Defend_G","Defend_G","Strike_G","Strike_G","Strike_G","Strike_G","Strike_G","Survivor","Neutralize","Sucker Punch","Quick Slash","Trip","Poisoned Stab","Slice","Dagger Throw","Prepared","Acrobatics","Burst","Prepared","Flash of Steel","Outmaneuver","Predator","Slice","Slice","Slice","Prepared","Deflect","Deflect"],"max_hp_per_floor":[70,70,70,70,70,70,70,70,70,70,70,70,70,70,70,70,70,70,70,70,70,70,70,70,70,70,70,70,70,70,70,70],"relics":["Ring of the Snake","Mercury Hourglass","Anchor","Unceasing Top","Question Card","Enchiridion","Bronze Scales"],"campfire_meditates":0,"card_choices":[{"not_picked":["Infinite Blades","Dash"],"picked":"Sucker Punch"},{"not_picked":["Sucker Punch","Dagger Spray"],"picked":"Quick Slash"},{"not_picked":["Infinite Blades","Skewer"],"picked":"Slice"},{"not_picked":["Deadly Poison","Distraction"],"picked":"Dagger Throw"},{"not_picked":["Crippling Poison","Noxious Fumes"],"picked":"Prepared"},{"not_picked":["Dodge and Roll","Blur"],"picked":"Acrobatics"},{"not_picked":["Unload","Wraith Form"],"picked":"Burst"},{"not_picked":["Poisoned Stab","Dagger Spray","Well Laid Plans"],"picked":"Prepared"},{"not_picked":["Deadly Poison","Dodge and Roll","PiercingWail"],"picked":"Slice"},{"not_picked":["Flying Knee","Terror","Deadly Poison"],"picked":"Slice"},{"not_picked":["Bouncing Flask","Acrobatics","Glass Knife"],"picked":"Slice"},{"not_picked":["Skewer","Crippling Poison","Dagger Spray"],"picked":"Prepared"},{"not_picked":["PiercingWail","All Out Attack","Sucker Punch"],"picked":"Deflect"},{"not_picked":["Blur","Infinite Blades","Slice"],"picked":"Deflect"}],"player_experience":4701,"potions_floor_usage":[16,16,21,29,30,33],"damage_taken":[{"damage":0,"enemies":"Small Slimes","floor":1,"turns":4},{"damage":0,"enemies":"Blue Slaver","floor":2,"turns":8},{"damage":0,"enemies":"2 Louse","floor":4,"turns":3},{"damage":0,"enemies":"Exordium Thugs","floor":5,"turns":3},{"damage":19,"enemies":"3 Sentries","floor":10,"turns":5},{"damage":0,"enemies":"3 Louse","floor":12,"turns":2},{"damage":20,"enemies":"Hexaghost","floor":16,"turns":9},{"damage":5,"enemies":"Chosen","floor":18,"turns":5},{"damage":16,"enemies":"Shell Parasite","floor":20,"turns":6},{"damage":14,"enemies":"Snecko","floor":21,"turns":5},{"damage":10,"enemies":"3 Cultists","floor":28,"turns":4},{"damage":17,"enemies":"Centurion and Healer","floor":29,"turns":5},{"damage":6,"enemies":"Snake Plant","floor":30,"turns":3},{"damage":0,"enemies":"3 Cultists","floor":31,"turns":5},{"damage":57,"enemies":"Champ","floor":33,"turns":8}],"event_choices":[{"event_name":"Scrap Ooze","player_choice":"success","floor":14,"damage_taken":12},{"event_name":"Cursed Tome","player_choice":"Obtained Book","floor":22,"damage_taken":0},{"event_name":"Accursed Blacksmith","player_choice":"Forge","floor":24,"damage_taken":0},{"event_name":"Wheel of Change","player_choice":"Damage","floor":25,"damage_taken":0}],"boss_relics":[{"not_picked":["Calling Bell","Philosopher\u0027s Stone"],"picked":"Question Card"}],"potions_floor_spawned":[2,5,16,18,28,30],"seed_played":"6771719595355456968","killed_by":"Champ","is_trial":false}