{"gold_per_floor":[365,379,395,410,410,410,437,453,453,453,48,48,75,53,53,157,157,177,187,102,115,115,148,148,160,186,220,220,240,240,62,62,62],"floor_reached":33,"playtime":1769,"items_purged":["Defend_B","Doubt"],"score":345,"play_id":"ad4d3633-22a4-4253-a23d-a6bf97d508d0","local_time":"20190130235927","is_ascension_mode":false,"campfire_choices":[{"floor":6.0,"key":"REST"},{"data":"Static Discharge","floor":10.0,"key":"SMITH"},{"data":"Buffer","floor":12.0,"key":"SMITH"},{"floor":15.0,"key":"REST"},{"data":"Echo Form","floor":24.0,"key":"SMITH"},{"data":"Multi-Cast","floor":28.0,"key":"SMITH"},{"data":"Machine Learning","floor":32.0,"key":"SMITH"}],"neow_cost":"PERCENT_DAMAGE","seed_source_timestamp":107165773578816,"circlet_count":0,"master_deck":["Strike_B","Strike_B","Strike_B","Defend_B","Defend_B","Defend_B","Zap","Dualcast","Genetic Algorithm","Auto Shields","Cold Snap","Static Discharge+1","Darkness","Conserve Battery","Buffer+1","Echo Form+1","Turbo","Reboot","Decay","Clumsy","Coolheaded","Leap+1","Multi-Cast+1","Self Repair+1","Machine Learning+1","BootSequence"],"special_seed":0,"relics":["Cracked Core","Anchor","Ancient Tea Set","Mercury Hourglass","Centennial Puzzle","Calling Bell","Potion Belt","Mummified Hand","Unceasing Top","Meat on the Bone","CultistMask","StoneCalendar","Happy Flower","Pear"],"potions_floor_usage":[],"damage_taken":[{"damage":7.0,"enemies":"Small Slimes","floor":1.0,"turns":3.0},{"damage":0.0,"enemies":"Cultist","floor":2.0,"turns":3.0},{"damage":2.0,"enemies":"2 Louse","floor":3.0,"turns":2.0},{"damage":17.0,"enemies":"Exordium Thugs","floor":4.0,"turns":5.0},{"damage":7.0,"enemies":"3 Sentries","floor":7.0,"turns":8.0},{"damage":0.0,"enemies":"Large Slime","floor":8.0,"turns":5.0},{"damage":11.0,"enemies":"Lagavulin","floor":13.0,"turns":6.0},{"damage":0.0,"enemies":"Slime Boss","floor":16.0,"turns":6.0},{"damage":12.0,"enemies":"Chosen","floor":18.0,"turns":6.0},{"damage":2.0,"enemies":"Shell Parasite","floor":19.0,"turns":7.0},{"damage":0.0,"enemies":"Snecko","floor":21.0,"turns":6.0},{"damage":25.0,"enemies":"Book of Stabbing","floor":23.0,"turns":7.0},{"damage":9.0,"enemies":"Snake Plant","floor":25.0,"turns":6.0},{"damage":30.0,"enemies":"Gremlin Leader","floor":27.0,"turns":6.0},{"damage":2.0,"enemies":"3 Cultists","floor":29.0,"turns":7.0},{"damage":64,"enemies":"Collector","floor":33,"turns":8}],"seed_played":"-3494154217180166169","potions_obtained":[{"floor":3.0,"key":"Dexterity Potion"},{"floor":8.0,"key":"Poison Potion"},{"floor":13.0,"key":"Strength Potion"},{"floor":21.0,"key":"Fire Potion"},{"floor":23.0,"key":"SteroidPotion"},{"floor":25.0,"key":"SteroidPotion"},{"floor":27.0,"key":"Ancient Potion"}],"is_trial":false,"path_per_floor":["M","M","M","M","?","R","E","M","T","R","$","R","E","$","R","B",null,"M","M","?","M","?","E","R","M","T","E","R","M","T","$","R","B"],"character_chosen":"DEFECT","items_purchased":["Buffer","Mercury Hourglass","Turbo","BootSequence"],"campfire_rested":2,"item_purchase_floors":[11,11,14,31],"current_hp_per_floor":[47,47,45,28,28,50,43,43,43,43,43,43,32,32,54,54,75,63,61,61,61,61,48,48,49,49,51,51,59,59,59,59,0],"gold":62,"neow_bonus":"TWO_FIFTY_GOLD","is_prod":false,"is_daily":false,"chose_seed":false,"campfire_upgraded":5,"win_rate":0,"timestamp":1548880167,"path_taken":["M","M","M","M","?","R","E","M","T","R","$","R","E","?","R","BOSS","M","M","?","M","?","E","R","?","T","E","R","M","?","$","R","BOSS"],"build_version":"2019-01-23","purchased_purges":2,"victory":false,"max_hp_per_floor":[75,75,75,75,75,75,75,75,75,75,75,75,75,75,75,75,75,75,75,75,75,75,75,75,75,75,85,85,85,85,85,85,85],"card_choices":[{"not_picked":["Go for the Eyes","Steam"],"picked":"Genetic Algorithm","floor":1.0},{"not_picked":["Beam Cell","Chill"],"picked":"Auto Shields","floor":2.0},{"not_picked":["Blizzard","Tempest"],"picked":"Cold Snap","floor":3.0},{"not_picked":["Turbo","Go for the Eyes"],"picked":"Static Discharge","floor":4.0},{"not_picked":["Sunder","Redo"],"picked":"Darkness","floor":7.0},{"not_picked":["Go for the Eyes","Coolheaded"],"picked":"Conserve Battery","floor":8.0},{"not_picked":["Core Surge","Genetic Algorithm"],"picked":"Echo Form","floor":13.0},{"not_picked":["Core Surge","Biased Cognition"],"picked":"Reboot","floor":16.0},{"not_picked":["Heatsinks","Stack"],"picked":"Coolheaded","floor":18.0},{"not_picked":["Aggregate","Reinforced Body"],"picked":"Leap+1","floor":19.0},{"not_picked":["Lockon","Ball Lightning"],"picked":"Multi-Cast","floor":21.0},{"not_picked":["Tempest","Rebound+1"],"picked":"Self Repair+1","floor":23.0},{"not_picked":["Hologram","Rebound","Darkness"],"picked":"SKIP","floor":25.0},{"not_picked":["Barrage","Go for the Eyes"],"picked":"Machine Learning","floor":27.0},{"not_picked":["Barrage","Leap","Coolheaded+1"],"picked":"SKIP","floor":29.0}],"player_experience":503688,"relics_obtained":[{"floor":7.0,"key":"Anchor"},{"floor":9.0,"key":"Ancient Tea Set"},{"floor":13.0,"key":"Centennial Puzzle"},{"floor":17.0,"key":"Potion Belt"},{"floor":17.0,"key":"Mummified Hand"},{"floor":17.0,"key":"Unceasing Top"},{"floor":23.0,"key":"StoneCalendar"},{"floor":26.0,"key":"Happy Flower"},{"floor":27.0,"key":"Pear"}],"event_choices":[{"cards_removed":["Strike_B"],"damage_healed":0.0,"max_hp_gain":0.0,"max_hp_loss":0.0,"gold_gain":0.0,"event_name":"Purifier","player_choice":"Purged","floor":5.0,"gold_loss":0.0,"damage_taken":0.0},{"damage_healed":0.0,"max_hp_gain":0.0,"max_hp_loss":0.0,"gold_gain":0.0,"event_name":"Addict","player_choice":"Obtained Relic","floor":20.0,"gold_loss":85.0,"damage_taken":0.0,"relics_obtained":["Meat on the Bone"]},{"damage_healed":0.0,"max_hp_gain":0.0,"max_hp_loss":0.0,"gold_gain":0.0,"event_name":"FaceTrader","player_choice":"Trade","floor":22.0,"gold_loss":0.0,"damage_taken":0.0,"relics_obtained":["CultistMask"]}],"is_beta":true,"boss_relics":[{"not_picked":["Nuclear Battery","Cursed Key"],"picked":"Calling Bell"}],"items_purged_floors":[11,31],"is_endless":false,"potions_floor_spawned":[3,8,13,21,23,25,27],"killed_by":"Collector","ascension_level":0}