{"gold_per_floor":[113,288,238,261,280,311,322,322,322,322,342,342,361,436,436,534,534,545,545,562,248,261,261,275,275,275,289,303,303],"floor_reached":29,"playtime":2242,"items_purged":["Strike_R"],"score":227,"play_id":"cb73ec10-6106-41fa-b122-0265497a254b","local_time":"20190403143138","is_ascension_mode":false,"campfire_choices":[{"data":"Limit Break","floor":8,"key":"SMITH"},{"data":"Pommel Strike","floor":10,"key":"SMITH"},{"floor":12,"key":"REST"},{"data":"Uppercut","floor":15,"key":"SMITH"},{"data":"Seeing Red","floor":23,"key":"SMITH"},{"floor":25,"key":"RECALL"}],"neow_cost":"NONE","seed_source_timestamp":50625217291219,"circlet_count":0,"master_deck":["Strike_R","Strike_R","Strike_R","Strike_R","Defend_R","Defend_R","Defend_R","Defend_R","Bash","Limit Break+1","Pommel Strike+1","Inflame+1","Heavy Blade","Uppercut+1","Reaper","Power Through","Headbutt","Limit Break+1","Seeing Red+1","Inflame+1","Headbutt","Havoc+1"],"relics":["Burning Blood","Happy Flower","Frozen Egg 2","Bottled Lightning","Orrery","Blood Vial"],"potions_floor_usage":[6,13,16,24,29],"damage_taken":[{"damage":8,"enemies":"Small Slimes","floor":1,"turns":4},{"damage":8,"enemies":"Jaw Worm","floor":5,"turns":4},{"damage":45,"enemies":"Lagavulin","floor":6,"turns":8},{"damage":1,"enemies":"Cultist","floor":7,"turns":3},{"damage":16,"enemies":"Lots of Slimes","floor":11,"turns":4},{"damage":3,"enemies":"3 Louse","floor":13,"turns":4},{"damage":27,"enemies":"Hexaghost","floor":16,"turns":7},{"damage":15,"enemies":"Shell Parasite","floor":18,"turns":4},{"damage":5,"enemies":"Chosen","floor":20,"turns":4},{"damage":30,"enemies":"Sentry and Sphere","floor":22,"turns":4},{"damage":1,"enemies":"Cultist and Chosen","floor":24,"turns":4},{"damage":47,"enemies":"Snecko","floor":27,"turns":5},{"damage":21,"enemies":"Snake Plant","floor":28,"turns":2},{"damage":29,"enemies":"Sentry and Sphere","floor":29,"turns":3}],"seed_played":"-2560982308600336056","potions_obtained":[{"floor":5,"key":"Energy Potion"},{"floor":11,"key":"EssenceOfSteel"},{"floor":13,"key":"SkillPotion"},{"floor":22,"key":"PowerPotion"},{"floor":28,"key":"Dexterity Potion"}],"is_trial":false,"path_per_floor":["M","?","?","T","M","E","M","R","T","R","M","R","M","?","R","B",null,"M","?","M","$","M","R","M","R","T","M","M","M"],"character_chosen":"IRONCLAD","items_purchased":["Blood Vial","Inflame+1","Headbutt"],"campfire_rested":1,"item_purchase_floors":[21,21,21],"current_hp_per_floor":[78,78,78,78,76,37,42,42,42,42,32,56,59,48,48,27,80,78,78,79,79,64,64,80,80,80,39,26,0],"gold":303,"neow_bonus":"ONE_RANDOM_RARE_CARD","is_prod":false,"is_daily":false,"chose_seed":false,"campfire_upgraded":4,"win_rate":0,"timestamp":1554289298,"path_taken":["M","?","?","?","M","E","?","R","T","R","?","R","M","?","R","BOSS","M","?","M","$","M","R","M","R","T","M","?","M"],"build_version":"2019-03-15","purchased_purges":1,"victory":false,"max_hp_per_floor":[80,80,80,80,80,80,80,80,80,80,80,80,80,80,80,80,80,80,80,80,80,80,80,80,80,80,80,80,80],"card_choices":[{"not_picked":["Clash","Reckless Charge","Twin Strike"],"picked":"SKIP","floor":1},{"not_picked":["Intimidate","Iron Wave"],"picked":"Pommel Strike","floor":5},{"not_picked":["Headbutt","Bludgeon"],"picked":"Inflame","floor":6},{"not_picked":["Clash","Armaments"],"picked":"Heavy Blade","floor":7},{"not_picked":["Wild Strike","Thunderclap","Anger"],"picked":"SKIP","floor":11},{"not_picked":["Warcry","Heavy Blade"],"picked":"Uppercut","floor":13},{"not_picked":["Dark Embrace+1","Double Tap"],"picked":"Reaper","floor":16},{"not_picked":["Warcry","Wild Strike"],"picked":"Power Through","floor":17},{"not_picked":["Power Through","Clash"],"picked":"Headbutt","floor":18},{"not_picked":["Rupture+1","Hemokinesis"],"picked":"Seeing Red","floor":20},{"not_picked":["Armaments+1","Twin Strike+1"],"picked":"Havoc+1","floor":22},{"not_picked":["Seeing Red","Wild Strike","Rampage"],"picked":"SKIP","floor":24},{"not_picked":["Heavy Blade+1","Infernal Blade","True Grit"],"picked":"SKIP","floor":27},{"not_picked":["Juggernaut+1","Dropkick+1","Body Slam"],"picked":"SKIP","floor":28}],"player_experience":652192,"relics_obtained":[{"floor":4,"key":"Happy Flower"},{"floor":6,"key":"Frozen Egg 2"},{"floor":9,"key":"Bottled Lightning"}],"event_choices":[{"damage_healed":0,"gold_gain":175,"player_choice":"AGREE","damage_taken":0,"max_hp_gain":0,"max_hp_loss":0,"event_name":"Liars Game","floor":2,"gold_loss":0,"cards_obtained":["Doubt"]},{"cards_removed":["Doubt"],"damage_healed":0,"gold_gain":0,"player_choice":"Card Removal","damage_taken":0,"max_hp_gain":0,"max_hp_loss":0,"event_name":"The Cleric","floor":3,"gold_loss":50},{"damage_healed":0,"gold_gain":75,"player_choice":"Gather Gold","damage_taken":11,"max_hp_gain":0,"max_hp_loss":0,"event_name":"World of Goop","floor":14,"gold_loss":0},{"damage_healed":0,"gold_gain":0,"player_choice":"Copied","damage_taken":0,"max_hp_gain":0,"max_hp_loss":0,"event_name":"Duplicator","floor":19,"gold_loss":0,"cards_obtained":["Limit Break"]}],"is_beta":true,"boss_relics":[{"not_picked":["Empty Cage","Eternal Feather"],"picked":"Orrery"}],"items_purged_floors":[21],"is_endless":false,"potions_floor_spawned":[5,11,13,22,28],"killed_by":"Sentry and Sphere","ascension_level":0}