{"gold_per_floor":[112,112,14,14,26,59,9,35,87,103,132,32,32,52,52,151,151,119,119,131,150,150,150],"floor_reached":23,"playtime":899,"items_purged":["Strike_B","Strike_B"],"score":257,"play_id":"99c8c464-2115-4863-8f01-a6274d26d0ac","local_time":"20190707035027","is_ascension_mode":true,"campfire_choices":[{"floor":13,"key":"REST"},{"floor":15,"key":"REST"},{"floor":23,"key":"REST"}],"neow_cost":"NONE","seed_source_timestamp":818246291870100,"circlet_count":0,"master_deck":["Strike_B","Defend_B","Defend_B","Defend_B","Defend_B","Zap","Dualcast","Gash","Go for the Eyes","Skim","Conserve Battery","Scrape","Machine Learning","Conserve Battery","Leap","White Noise","Scrape"],"relics":["Cracked Core","NeowsBlessing","Dream Catcher","Ornamental Fan","Blood Vial","Lantern","Orrery"],"potions_floor_usage":[],"damage_taken":[{"damage":0,"enemies":"Cultist","floor":1,"turns":1},{"damage":0,"enemies":"2 Louse","floor":5,"turns":1},{"damage":0,"enemies":"Lagavulin","floor":6,"turns":1},{"damage":37,"enemies":"Gremlin Nob","floor":8,"turns":5},{"damage":0,"enemies":"Jaw Worm","floor":10,"turns":4},{"damage":31,"enemies":"3 Sentries","floor":11,"turns":11},{"damage":5,"enemies":"2 Fungi Beasts","floor":14,"turns":3},{"damage":31,"enemies":"The Guardian","floor":16,"turns":11},{"damage":27,"enemies":"2 Thieves","floor":18,"turns":5},{"damage":14,"enemies":"Spheric Guardian","floor":20,"turns":4},{"damage":15,"enemies":"Centurion and Healer","floor":21,"turns":7}],"seed_played":"57997208711728333","potions_obtained":[{"floor":5,"key":"Block Potion"},{"floor":8,"key":"Energy Potion"},{"floor":10,"key":"Explosive Potion"}],"is_trial":false,"path_per_floor":["M","?","$","$","M","E","?","E","T","M","E","$","R","M","R","B",null,"M","$","M","M","?","R"],"character_chosen":"DEFECT","items_purchased":["Gash"],"campfire_rested":3,"item_purchase_floors":[3],"current_hp_per_floor":[75,75,75,75,75,75,75,38,38,40,11,11,33,30,52,23,75,48,48,36,23,23,45],"gold":150,"neow_bonus":"THREE_ENEMY_KILL","is_prod":false,"is_daily":false,"chose_seed":false,"campfire_upgraded":0,"win_rate":0,"timestamp":1562453427,"path_taken":["M","?","?","$","M","E","?","E","T","M","E","$","R","?","R","BOSS","M","$","M","M","?","R"],"build_version":"2019-07-05","purchased_purges":2,"victory":false,"max_hp_per_floor":[75,75,75,75,75,75,75,75,75,75,75,75,75,75,75,75,75,75,75,75,75,75,75],"card_choices":[{"not_picked":["Sweeping Beam","Darkness","Cold Snap"],"picked":"SKIP","floor":1},{"not_picked":["Sweeping Beam","Hello World"],"picked":"Go for the Eyes","floor":5},{"not_picked":["FTL","Rebound"],"picked":"Skim","floor":6},{"not_picked":["Lockon","Doom and Gloom"],"picked":"Conserve Battery","floor":8},{"not_picked":["Coolheaded","Compile Driver","Rebound"],"picked":"SKIP","floor":10},{"not_picked":["Capacitor","Hello World","Ball Lightning"],"picked":"SKIP","floor":11},{"not_picked":["Conserve Battery","Chill"],"picked":"Scrape","floor":13},{"not_picked":["Blizzard","Cold Snap","Static Discharge"],"picked":"SKIP","floor":14},{"not_picked":["Sweeping Beam","Redo"],"picked":"Machine Learning","floor":15},{"not_picked":["Ball Lightning","Sweeping Beam"],"picked":"Conserve Battery","floor":17},{"not_picked":["Aggregate","Compile Driver"],"picked":"Leap","floor":17},{"not_picked":["Blizzard","Double Energy"],"picked":"White Noise","floor":17},{"not_picked":["Reprogram+1","Stack"],"picked":"Scrape","floor":18},{"not_picked":["Beam Cell","Ball Lightning","Coolheaded+1"],"picked":"SKIP","floor":20},{"not_picked":["Beam Cell","Static Discharge","Sunder"],"picked":"SKIP","floor":21}],"player_experience":98397,"relics_obtained":[{"floor":6,"key":"Dream Catcher"},{"floor":8,"key":"Ornamental Fan"},{"floor":9,"key":"Blood Vial"},{"floor":11,"key":"Lantern"}],"event_choices":[{"damage_healed":0,"gold_gain":0,"player_choice":"Bought 0 Potions","damage_taken":0,"max_hp_gain":0,"max_hp_loss":0,"event_name":"The Woman in Blue","floor":2,"gold_loss":0},{"cards_removed":["Strike_B"],"damage_healed":0,"gold_gain":0,"player_choice":"Card Removal","damage_taken":0,"max_hp_gain":0,"max_hp_loss":0,"event_name":"The Cleric","floor":7,"gold_loss":50},{"damage_healed":0,"gold_gain":0,"player_choice":"Ignored","damage_taken":0,"max_hp_gain":0,"max_hp_loss":0,"event_name":"Cursed Tome","floor":22,"gold_loss":0}],"is_beta":false,"boss_relics":[{"not_picked":["Astrolabe","Tiny House"],"picked":"Orrery"}],"items_purged_floors":[3,12],"is_endless":false,"potions_floor_spawned":[5,8,10,20],"ascension_level":2}