{"gold_per_floor":[112,30,105,105,105,134,148,179,179,179,15,15,44,59,59,135,135,154,154,165,175,97,127,127,155,155,170,170,195,195,220,220,291,291,311,359,359,198,217,252,264,292,292,292,30,0,34,34,34,34,34,34,34,34,61,61],"floor_reached":57,"playtime":7446,"items_purged":["Strike_R"],"score":3285,"play_id":"6cc7a724-4969-4608-85a1-5367e899d14c","local_time":"20190801215113","is_ascension_mode":true,"campfire_choices":[{"floor":10.0,"key":"REST"},{"data":"Bludgeon","floor":12.0,"key":"SMITH"},{"data":"Bash","floor":15.0,"key":"SMITH"},{"data":"Feed","floor":24.0,"key":"SMITH"},{"data":"Feel No Pain","floor":28.0,"key":"SMITH"},{"data":"Corruption","floor":32.0,"key":"SMITH"},{"floor":44.0,"key":"RECALL"},{"floor":49.0,"key":"REST"},{"floor":53,"key":"REST"}],"neow_cost":"PERCENT_DAMAGE","seed_source_timestamp":1995067354369900,"circlet_count":0,"master_deck":["AscendersBane","Bash+1","Immolate+1","Disarm","Twin Strike","True Grit","Feel No Pain+1","Bludgeon+1","Spot Weakness+1","Second Wind+1","Warcry+1","Fiend Fire","Impervious+1","Juggernaut","Bloodletting+1","Uppercut","Feed+1","Sword Boomerang","Twin Strike","Warcry+1","Shockwave+1","Sentinel+1","Battle Trance+1","Warcry+1","Shockwave+1","Flame Barrier+1","Corruption+1","Juggernaut","Madness+1","Madness+1","Impervious+1","Ghostly Armor+1","Disarm+1","Power Through+1","Disarm+1","Ghostly Armor+1","Rage+1","Sentinel+1","Limit Break+1"],"special_seed":0,"relics":["Burning Blood","Lantern","FossilizedHelix","Unceasing Top","Toxic Egg 2","Paper Frog","Pandora\u0027s Box","Oddly Smooth Stone","Bottled Tornado","Charon\u0027s Ashes","Dream Catcher","Mango","Fusion Hammer","Incense Burner","Centennial Puzzle","Bird Faced Urn","Potion Belt","Red Mask","Ancient Tea Set","Sundial"],"potions_floor_usage":[50,55,56,56],"damage_taken":[{"damage":12.0,"enemies":"Small Slimes","floor":1.0,"turns":3.0},{"damage":8.0,"enemies":"Gremlin Nob","floor":6.0,"turns":3.0},{"damage":5.0,"enemies":"Jaw Worm","floor":7.0,"turns":3.0},{"damage":0.0,"enemies":"3 Sentries","floor":8.0,"turns":4.0},{"damage":0.0,"enemies":"Gremlin Nob","floor":13.0,"turns":3.0},{"damage":0.0,"enemies":"2 Louse","floor":14.0,"turns":2.0},{"damage":23.0,"enemies":"Slime Boss","floor":16.0,"turns":8.0},{"damage":0.0,"enemies":"Spheric Guardian","floor":18.0,"turns":5.0},{"damage":0.0,"enemies":"3 Byrds","floor":20.0,"turns":5.0},{"damage":5.0,"enemies":"Cultist and Chosen","floor":21.0,"turns":6.0},{"damage":19.0,"enemies":"Gremlin Leader","floor":23.0,"turns":5.0},{"damage":0.0,"enemies":"Slavers","floor":25.0,"turns":4.0},{"damage":0.0,"enemies":"Centurion and Healer","floor":27.0,"turns":3.0},{"damage":17.0,"enemies":"Book of Stabbing","floor":29.0,"turns":6.0},{"damage":0.0,"enemies":"Slavers","floor":31.0,"turns":4.0},{"damage":62.0,"enemies":"Champ","floor":33.0,"turns":11.0},{"damage":0.0,"enemies":"3 Shapes","floor":35.0,"turns":2.0},{"damage":3.0,"enemies":"2 Orb Walkers","floor":36.0,"turns":3.0},{"damage":0.0,"enemies":"Orb Walker","floor":39.0,"turns":4.0},{"damage":0.0,"enemies":"Giant Head","floor":40.0,"turns":5.0},{"damage":0.0,"enemies":"Sphere and 2 Shapes","floor":41.0,"turns":3.0},{"damage":0.0,"enemies":"Nemesis","floor":42.0,"turns":5.0},{"damage":0.0,"enemies":"Reptomancer","floor":47.0,"turns":5.0},{"damage":6,"enemies":"Donu and Deca","floor":50,"turns":6},{"damage":14,"enemies":"Awakened One","floor":51,"turns":10},{"damage":0,"enemies":"Shield and Spear","floor":55,"turns":5},{"damage":77,"enemies":"The Heart","floor":56,"turns":13}],"seed_played":"5051088575824914303","potions_obtained":[{"floor":1.0,"key":"Energy Potion"},{"floor":16.0,"key":"Energy Potion"},{"floor":21.0,"key":"PowerPotion"},{"floor":27.0,"key":"GamblersBrew"},{"floor":33.0,"key":"Explosive Potion"},{"floor":35.0,"key":"Regen Potion"},{"floor":47.0,"key":"Poison Potion"}],"is_trial":false,"path_per_floor":["M","$","?","T","?","E","M","E","T","R","$","R","E","M","R","B",null,"M","?","M","M","$","E","R","E","T","M","R","E","?","E","R","B",null,"M","?","?","$","M","E","M","E","T","R","$","?","E","$","R","B","B",null,"R","$","E","B",null],"character_chosen":"IRONCLAD","items_purchased":["SteroidPotion","Twin Strike","Spot Weakness+1","Battle Trance+1","Impervious+1","Potion Belt","Disarm+1","Swift Potion"],"campfire_rested":3,"item_purchase_floors":[2,2,11,22,38,45,45,45],"current_hp_per_floor":[44,44,33,33,33,31,32,38,38,60,60,60,66,72,72,55,70,78,78,81,84,84,74,74,84,84,90,90,83,55,79,79,23,94,104,107,85,85,91,97,107,113,113,113,113,113,125,125,126,126,124,129,130,130,130,75],"gold":61,"neow_bonus":"THREE_RARE_CARDS","is_prod":false,"is_daily":false,"chose_seed":false,"campfire_upgraded":5,"win_rate":0,"timestamp":1564721473,"path_taken":["M","$","?","?","?","E","M","E","T","R","$","R","E","M","R","BOSS","M","?","M","M","$","E","R","E","T","?","R","E","?","E","R","BOSS","M","?","?","$","M","E","M","E","T","R","$","?","E","?","R","BOSS","BOSS","R","$","E","BOSS"],"build_version":"2019-07-17","purchased_purges":1,"victory":true,"max_hp_per_floor":[75,75,75,75,75,75,75,75,75,75,75,75,75,75,75,75,75,78,78,81,84,84,87,87,91,91,91,91,95,100,118,118,118,118,122,122,122,122,122,122,126,126,126,126,126,126,126,126,126,126,130,130,130,130,130,130],"card_choices":[{"not_picked":["Berserk","Double Tap"],"picked":"Immolate","floor":0.0},{"not_picked":["Sentinel","Body Slam"],"picked":"Disarm","floor":1.0},{"not_picked":["Burning Pact","Seeing Red"],"picked":"True Grit","floor":6.0},{"not_picked":["Thunderclap","Metallicize"],"picked":"Feel No Pain","floor":7.0},{"not_picked":["Thunderclap","Intimidate"],"picked":"Bludgeon","floor":8.0},{"not_picked":["Dropkick","Body Slam"],"picked":"Second Wind+1","floor":13.0},{"not_picked":["Perfected Strike","Inflame"],"picked":"Warcry+1","floor":14.0},{"not_picked":["Barricade","Brutality"],"picked":"Fiend Fire","floor":16.0},{"not_picked":["True Grit+1","Clothesline"],"picked":"Warcry+1","floor":18.0},{"not_picked":["Infernal Blade+1","Reckless Charge"],"picked":"Shockwave+1","floor":20.0},{"not_picked":["Intimidate+1","Perfected Strike"],"picked":"Sentinel+1","floor":21.0},{"not_picked":["Rage+1","Sword Boomerang","Clothesline"],"picked":"SKIP","floor":23.0},{"not_picked":["Cleave","Inflame"],"picked":"Warcry+1","floor":25.0},{"not_picked":["Wild Strike+1","Perfected Strike"],"picked":"Shockwave+1","floor":27.0},{"not_picked":["Inflame","Armaments+1"],"picked":"Flame Barrier+1","floor":29.0},{"not_picked":["Immolate","Ghostly Armor+1"],"picked":"Corruption","floor":31.0},{"not_picked":["Double Tap+1","Fiend Fire"],"picked":"Juggernaut","floor":33.0},{"not_picked":["Heavy Blade","Perfected Strike","Headbutt"],"picked":"SKIP","floor":35.0},{"not_picked":["Armaments+1","Fiend Fire","Headbutt+1"],"picked":"SKIP","floor":39.0},{"not_picked":["Combust","Wild Strike"],"picked":"Ghostly Armor+1","floor":40.0},{"not_picked":["Heavy Blade","Cleave"],"picked":"Disarm+1","floor":41.0},{"not_picked":["Wild Strike","Metallicize"],"picked":"Power Through+1","floor":42.0},{"not_picked":["Infernal Blade+1","Fire Breathing+1"],"picked":"Ghostly Armor+1","floor":47.0},{"not_picked":["Cleave","Havoc+1"],"picked":"Rage+1","floor":49.0},{"not_picked":["Clash","Anger"],"picked":"Sentinel+1","floor":53},{"not_picked":["Sword Boomerang+1","Iron Wave"],"picked":"Limit Break+1","floor":55}],"player_experience":1307257,"relics_obtained":[{"floor":4.0,"key":"Lantern"},{"floor":6.0,"key":"FossilizedHelix"},{"floor":8.0,"key":"Unceasing Top"},{"floor":9.0,"key":"Toxic Egg 2"},{"floor":13.0,"key":"Paper Frog"},{"floor":23.0,"key":"Oddly Smooth Stone"},{"floor":25.0,"key":"Bottled Tornado"},{"floor":26.0,"key":"Charon\u0027s Ashes"},{"floor":29.0,"key":"Dream Catcher"},{"floor":31.0,"key":"Mango"},{"floor":36.0,"key":"Incense Burner"},{"floor":40.0,"key":"Centennial Puzzle"},{"floor":42.0,"key":"Bird Faced Urn"},{"floor":47.0,"key":"Ancient Tea Set"},{"floor":55,"key":"Sundial"}],"event_choices":[{"damage_healed":0.0,"max_hp_gain":0.0,"max_hp_loss":0.0,"gold_gain":75.0,"event_name":"World of Goop","player_choice":"Gather Gold","floor":3.0,"gold_loss":0.0,"damage_taken":11.0},{"damage_healed":0.0,"max_hp_gain":0.0,"max_hp_loss":0.0,"gold_gain":0.0,"event_name":"Living Wall","player_choice":"Grow","floor":5.0,"gold_loss":0.0,"damage_taken":0.0,"cards_upgraded":["Immolate"]},{"cards_removed":["Blood for Blood"],"damage_healed":0.0,"max_hp_gain":0.0,"max_hp_loss":0.0,"gold_gain":0.0,"event_name":"Bonfire Elementals","player_choice":"Offered Uncommon","floor":19.0,"gold_loss":0.0,"damage_taken":0.0},{"damage_healed":0.0,"max_hp_gain":5.0,"max_hp_loss":0.0,"gold_gain":0.0,"event_name":"Forgotten Altar","player_choice":"Shed Blood","floor":30.0,"gold_loss":0.0,"damage_taken":33.0},{"damage_healed":0.0,"max_hp_gain":0.0,"max_hp_loss":0.0,"gold_gain":0.0,"event_name":"Mysterious Sphere","player_choice":"Fight","floor":36.0,"gold_loss":0.0,"damage_taken":0.0},{"damage_healed":0.0,"max_hp_gain":0.0,"max_hp_loss":0.0,"gold_gain":0.0,"event_name":"Winding Halls","player_choice":"Embrace Madness","floor":37.0,"gold_loss":0.0,"damage_taken":22.0,"cards_obtained":["Madness","Madness"]},{"damage_healed":0.0,"max_hp_gain":0.0,"max_hp_loss":0.0,"gold_gain":0.0,"event_name":"Tomb of Lord Red Mask","player_choice":"Paid","floor":46.0,"gold_loss":30.0,"damage_taken":0.0,"relics_obtained":["Red Mask"]}],"is_beta":false,"boss_relics":[{"not_picked":["Astrolabe","Mark of Pain"],"picked":"Pandora\u0027s Box"},{"not_picked":["Velvet Choker","Runic Cube"],"picked":"Fusion Hammer"}],"items_purged_floors":[11],"is_endless":false,"potions_floor_spawned":[1,6,8,13,16,18,21,27,33,35,36,41,47],"ascension_level":20}