{"gold_per_floor":[115,65,65,79,42,73,84,116,116,146,160,34,53,70,70,171,171,182,182,182,45,70,70,101,101,101,26,26,26,26,51,51,152,152,170,45,45,145,145,145,174,256,324,324,324,324,353,371,371,371,371,371,68,94,94],"floor_reached":55,"playtime":2673,"items_purged":["Strike_R","Anger","Writhe"],"score":825,"play_id":"5a134f2c-c04b-4566-b562-1dabbde308d8","local_time":"20190726224904","is_ascension_mode":true,"campfire_choices":[{"floor":15,"key":"REST"},{"floor":23,"key":"REST"},{"floor":25,"key":"REST"},{"floor":30,"key":"REST"},{"floor":32,"key":"RECALL"},{"data":"1","floor":40,"key":"LIFT"},{"data":"2","floor":44,"key":"LIFT"},{"floor":46,"key":"REST"},{"data":"Limit Break","floor":49,"key":"SMITH"},{"data":"3","floor":52,"key":"LIFT"}],"neow_cost":"NONE","seed_source_timestamp":3195324449304300,"circlet_count":0,"master_deck":["Strike_R","Strike_R","Defend_R+1","Defend_R","Bash","Body Slam","Metallicize","Carnage","Entrench","Uppercut","Burning Pact","Clothesline","Shrug It Off","Dual Wield","Shrug It Off","Demon Form","Body Slam","RitualDagger","J.A.X.","Inflame","Heavy Blade","Double Tap","Battle Trance","Reaper","Writhe","Armaments","Uppercut+1","Flame Barrier","Limit Break+1","Apotheosis","Battle Trance"],"relics":["Burning Blood","NeowsBlessing","Omamori","Matryoshka","Juzu Bracelet","PreservedInsect","Odd Mushroom","Snecko Eye","Red Mask","Unceasing Top","Regal Pillow","Necronomicon","Question Card","Calling Bell","Strawberry","Pear","Incense Burner","Girya","Meat on the Bone","Kunai","Molten Egg 2","Sundial","Anchor"],"potions_floor_usage":[8,11,14,16,33,33,41,50,55,55],"damage_taken":[{"damage":0,"enemies":"Jaw Worm","floor":1,"turns":1},{"damage":0,"enemies":"2 Louse","floor":4,"turns":1},{"damage":0,"enemies":"3 Sentries","floor":6,"turns":2},{"damage":0,"enemies":"Small Slimes","floor":7,"turns":3},{"damage":32,"enemies":"Lagavulin","floor":8,"turns":7},{"damage":41,"enemies":"The Mushroom Lair","floor":10,"turns":6},{"damage":7,"enemies":"2 Fungi Beasts","floor":11,"turns":3},{"damage":5,"enemies":"Looter","floor":13,"turns":2},{"damage":17,"enemies":"Exordium Wildlife","floor":14,"turns":8},{"damage":24,"enemies":"The Guardian","floor":16,"turns":10},{"damage":5,"enemies":"Chosen","floor":18,"turns":7},{"damage":40,"enemies":"Masked Bandits","floor":22,"turns":5},{"damage":47,"enemies":"Slavers","floor":24,"turns":7},{"damage":19,"enemies":"Gremlin Leader","floor":31,"turns":6},{"damage":37,"enemies":"Collector","floor":33,"turns":8},{"damage":22,"enemies":"3 Shapes","floor":35,"turns":5},{"damage":45,"enemies":"Mind Bloom Boss Battle","floor":38,"turns":5},{"damage":41,"enemies":"Giant Head","floor":41,"turns":7},{"damage":27,"enemies":"Nemesis","floor":47,"turns":5},{"damage":0,"enemies":"Orb Walker","floor":48,"turns":1},{"damage":30,"enemies":"Time Eater","floor":50,"turns":8},{"damage":29,"enemies":"Shield and Spear","floor":54,"turns":5},{"damage":115,"enemies":"The Heart","floor":55,"turns":9}],"seed_played":"-8229643564466636038","potions_obtained":[{"floor":4,"key":"GamblersBrew"},{"floor":6,"key":"Ancient Potion"},{"floor":10,"key":"Strength Potion"},{"floor":14,"key":"PowerPotion"},{"floor":16,"key":"Fire Potion"},{"floor":31,"key":"Fire Potion"},{"floor":38,"key":"BloodPotion"},{"floor":47,"key":"Block Potion"}],"is_trial":false,"path_per_floor":["M","?","?","M","$","E","M","E","T","?","M","$","M","M","R","B",null,"M","?","?","$","?","R","E","R","T","?","?","$","R","E","R","B",null,"M","$","?","?","?","R","E","T","T","R","?","R","E","M","R","B",null,"R","$","E","B"],"character_chosen":"IRONCLAD","items_purchased":["Carnage","Shrug It Off","Inflame","Apotheosis","PowerPotion","Ancient Potion"],"campfire_rested":5,"item_purchase_floors":[5,12,21,53,53,53],"current_hp_per_floor":[80,80,64,70,70,76,80,54,54,19,18,18,19,8,32,14,80,80,74,74,74,40,64,23,47,47,47,31,31,70,57,57,26,97,85,85,85,46,46,46,44,44,44,44,44,88,67,73,73,61,97,97,97,97,0],"gold":94,"neow_bonus":"THREE_ENEMY_KILL","is_prod":false,"is_daily":false,"chose_seed":false,"campfire_upgraded":1,"win_rate":0,"timestamp":1564206544,"path_taken":["M","?","?","M","?","E","M","E","T","?","M","$","M","M","R","BOSS","M","?","?","?","?","R","E","R","T","?","?","$","R","E","R","BOSS","M","$","?","?","?","R","E","?","T","R","?","R","E","M","R","BOSS","R","$","E","BOSS"],"build_version":"2019-07-17","purchased_purges":3,"victory":false,"max_hp_per_floor":[80,80,80,80,80,80,80,80,80,80,80,80,80,80,80,80,80,80,80,80,80,80,80,80,80,80,80,80,80,80,80,80,80,97,97,97,97,97,97,97,97,97,97,97,97,97,97,97,97,97,97,97,97,97,97],"card_choices":[{"not_picked":["True Grit","Pommel Strike"],"picked":"Body Slam","floor":1},{"not_picked":["Warcry","True Grit"],"picked":"Metallicize","floor":4},{"not_picked":["Heavy Blade","Demon Form"],"picked":"Entrench","floor":6},{"not_picked":["Headbutt","Flex"],"picked":"Uppercut","floor":7},{"not_picked":["Rage","Twin Strike"],"picked":"Burning Pact","floor":8},{"not_picked":["Thunderclap","True Grit"],"picked":"Anger","floor":10},{"not_picked":["Headbutt","Wild Strike"],"picked":"Clothesline","floor":11},{"not_picked":["Clothesline","Twin Strike"],"picked":"Dual Wield","floor":13},{"not_picked":["Clash","Anger"],"picked":"Shrug It Off","floor":14},{"not_picked":["Fiend Fire","Offering"],"picked":"Demon Form","floor":16},{"not_picked":["Fire Breathing","Pummel+1"],"picked":"Body Slam","floor":18},{"not_picked":["Bloodletting+1","Body Slam+1"],"picked":"Heavy Blade","floor":22},{"not_picked":["Cleave","Shrug It Off+1"],"picked":"Double Tap","floor":24},{"not_picked":["Shrug It Off","Cleave"],"picked":"Battle Trance","floor":31},{"not_picked":["Juggernaut","Brutality","Double Tap"],"picked":"Reaper","floor":33},{"not_picked":["Warcry+1","Dual Wield+1","Anger"],"picked":"Armaments","floor":35},{"not_picked":["Fire Breathing","Twin Strike","Cleave+1"],"picked":"Uppercut+1","floor":41},{"not_picked":["Perfected Strike+1","Flex+1","Carnage+1"],"picked":"Limit Break","floor":47},{"not_picked":["Warcry+1","Twin Strike+1","Clash+1","Whirlwind+1"],"picked":"SKIP","floor":48},{"not_picked":["Second Wind+1","Pommel Strike+1","Feel No Pain"],"picked":"Battle Trance","floor":54}],"player_experience":102483,"relics_obtained":[{"floor":6,"key":"Omamori"},{"floor":8,"key":"Matryoshka"},{"floor":9,"key":"Juzu Bracelet"},{"floor":9,"key":"PreservedInsect"},{"floor":10,"key":"Odd Mushroom"},{"floor":22,"key":"Red Mask"},{"floor":24,"key":"Unceasing Top"},{"floor":26,"key":"Regal Pillow"},{"floor":28,"key":"Necronomicon"},{"floor":31,"key":"Question Card"},{"floor":34,"key":"Strawberry"},{"floor":34,"key":"Pear"},{"floor":34,"key":"Incense Burner"},{"floor":38,"key":"Girya"},{"floor":41,"key":"Meat on the Bone"},{"floor":42,"key":"Kunai"},{"floor":43,"key":"Molten Egg 2"},{"floor":47,"key":"Sundial"},{"floor":54,"key":"Anchor"}],"event_choices":[{"cards_removed":["Strike_R"],"damage_healed":0,"gold_gain":0,"player_choice":"Card Removal","damage_taken":0,"max_hp_gain":0,"max_hp_loss":0,"event_name":"The Cleric","floor":2,"gold_loss":50},{"damage_healed":0,"gold_gain":0,"player_choice":"Entered Light","damage_taken":16,"max_hp_gain":0,"max_hp_loss":0,"event_name":"Shining Light","floor":3,"gold_loss":0,"cards_upgraded":["Defend_R","Strike_R"]},{"damage_healed":0,"gold_gain":0,"player_choice":"Fought Mushrooms","damage_taken":0,"max_hp_gain":0,"max_hp_loss":0,"event_name":"Mushrooms","floor":10,"gold_loss":0},{"damage_healed":0,"gold_gain":0,"player_choice":"Joined the Cult","damage_taken":6,"max_hp_gain":0,"max_hp_loss":0,"event_name":"Nest","floor":19,"gold_loss":0,"cards_obtained":["RitualDagger"]},{"damage_healed":0,"gold_gain":0,"player_choice":"Obtain J.A.X.","damage_taken":0,"max_hp_gain":0,"max_hp_loss":0,"event_name":"Drug Dealer","floor":20,"gold_loss":0,"cards_obtained":["J.A.X."]},{"damage_healed":0,"gold_gain":0,"player_choice":"Fought Bandits","damage_taken":0,"max_hp_gain":0,"max_hp_loss":0,"event_name":"Masked Bandits","floor":22,"gold_loss":0},{"cards_removed":["Defend_R"],"damage_healed":0,"gold_gain":0,"player_choice":"Gave Gold","damage_taken":0,"max_hp_gain":0,"max_hp_loss":0,"event_name":"Beggar","floor":27,"gold_loss":75},{"damage_healed":0,"gold_gain":0,"player_choice":"Obtained Book","damage_taken":16,"max_hp_gain":0,"max_hp_loss":0,"event_name":"Cursed Tome","floor":28,"gold_loss":0},{"damage_healed":0,"gold_gain":0,"player_choice":"Leave","damage_taken":0,"max_hp_gain":0,"max_hp_loss":0,"event_name":"FaceTrader","floor":37,"gold_loss":0},{"damage_healed":0,"gold_gain":0,"player_choice":"Fight","damage_taken":0,"max_hp_gain":0,"max_hp_loss":0,"event_name":"MindBloom","floor":38,"gold_loss":0},{"cards_removed":["Strike_R"],"damage_healed":0,"gold_gain":0,"player_choice":"Removed Attack","damage_taken":0,"max_hp_gain":0,"max_hp_loss":0,"event_name":"Falling","floor":39,"gold_loss":0},{"damage_healed":0,"gold_gain":0,"cards_transformed":["Defend_R"],"player_choice":"Transformed","damage_taken":0,"max_hp_gain":0,"max_hp_loss":0,"event_name":"Transmorgrifier","floor":45,"gold_loss":0,"cards_obtained":["Flame Barrier"]}],"is_beta":false,"boss_relics":[{"not_picked":["Runic Cube","Eternal Feather"],"picked":"Snecko Eye"},{"not_picked":["Black Star","White Beast Statue"],"picked":"Calling Bell"}],"items_purged_floors":[12,21,36],"is_endless":false,"potions_floor_spawned":[4,6,10,14,16,31,38,47],"killed_by":"The Heart","ascension_level":1}