{"gold_per_floor":[118,118,128,128,143,143,156,156,233,246,263,263,41,58,58,154,154,166,185,14,14,289,289,324,119,146,146,163,88,88,187,187,283,283,296,146,157,206,222,222,242,242,288,288],"floor_reached":44,"playtime":1180,"items_purged":["Regret","Bash","Regret","Strike_R"],"score":443,"play_id":"997983b8-805d-47b1-976e-1a611d20bfd8","local_time":"20190415034943","is_ascension_mode":false,"campfire_choices":[{"data":"Headbutt","floor":6.0,"key":"SMITH"},{"data":"Flame Barrier","floor":8.0,"key":"SMITH"},{"data":"Spot Weakness","floor":12.0,"key":"SMITH"},{"data":"Limit Break","floor":15.0,"key":"SMITH"},{"data":"Barricade","floor":23.0,"key":"SMITH"},{"floor":27.0,"key":"REST"},{"floor":30,"key":"REST"},{"data":"J.A.X.","floor":32,"key":"SMITH"},{"floor":40,"key":"REST"},{"floor":42,"key":"REST"}],"neow_cost":"NONE","seed_source_timestamp":12926026097969,"circlet_count":0,"master_deck":["Strike_R","Strike_R","Strike_R","Strike_R","Defend_R","Defend_R","Defend_R","Defend_R","Headbutt+1","Flame Barrier+1","Cleave","Spot Weakness+1","Limit Break+1","Disarm","Barricade+1","Flex","Uppercut","J.A.X.+1","Pommel Strike","Inflame","Clothesline+1","Impervious","Cleave+1","Normality"],"special_seed":0,"relics":["Burning Blood","NeowsBlessing","Oddly Smooth Stone","Ornamental Fan","Cursed Key","Centennial Puzzle","Runic Pyramid","Turnip","Happy Flower"],"potions_floor_usage":[28,38,41],"damage_taken":[{"damage":0.0,"enemies":"2 Louse","floor":1.0,"turns":1.0},{"damage":0.0,"enemies":"Jaw Worm","floor":3.0,"turns":1.0},{"damage":0.0,"enemies":"Cultist","floor":5.0,"turns":1.0},{"damage":7.0,"enemies":"Blue Slaver","floor":7.0,"turns":3.0},{"damage":2.0,"enemies":"2 Fungi Beasts","floor":10.0,"turns":4.0},{"damage":13.0,"enemies":"Red Slaver","floor":11.0,"turns":5.0},{"damage":0.0,"enemies":"Large Slime","floor":14.0,"turns":4.0},{"damage":35.0,"enemies":"Hexaghost","floor":16.0,"turns":9.0},{"damage":38.0,"enemies":"Spheric Guardian","floor":18.0,"turns":6.0},{"damage":11.0,"enemies":"3 Byrds","floor":19.0,"turns":4.0},{"damage":36.0,"enemies":"Book of Stabbing","floor":24.0,"turns":5.0},{"damage":18,"enemies":"Centurion and Healer","floor":28,"turns":4},{"damage":48,"enemies":"Collector","floor":33,"turns":10},{"damage":25,"enemies":"3 Darklings","floor":35,"turns":5},{"damage":22,"enemies":"3 Shapes","floor":37,"turns":3},{"damage":28,"enemies":"2 Orb Walkers","floor":38,"turns":4},{"damage":14,"enemies":"Writhing Mass","floor":39,"turns":7},{"damage":34,"enemies":"Spire Growth","floor":41,"turns":5},{"damage":36,"enemies":"Transient","floor":44,"turns":3}],"seed_played":"-7232838306178862366","potions_obtained":[{"floor":1.0,"key":"SpeedPotion"},{"floor":5.0,"key":"SteroidPotion"},{"floor":7.0,"key":"SkillPotion"},{"floor":14.0,"key":"Explosive Potion"},{"floor":19.0,"key":"Fire Potion"},{"floor":24.0,"key":"Fire Potion"},{"floor":37,"key":"Energy Potion"},{"floor":39,"key":"Weak Potion"}],"is_trial":false,"path_per_floor":["M","?","M","?","M","R","M","R","T","M","M","R","$","M","R","B",null,"M","M","$","?","?","R","E","$","T","R","M","?","R","?","R","B",null,"M","$","M","?","M","R","M","R","T","M"],"character_chosen":"IRONCLAD","items_purchased":["Limit Break","Uppercut","Inflame"],"campfire_rested":4,"item_purchase_floors":[13,20,25],"current_hp_per_floor":[80,80,80,80,80,80,79,79,79,80,73,73,73,79,79,50,80,48,43,43,43,43,43,13,13,13,37,25,25,49,49,49,7,80,61,61,45,23,15,39,11,35,35,0],"gold":288,"neow_bonus":"THREE_ENEMY_KILL","is_prod":false,"is_daily":false,"chose_seed":false,"campfire_upgraded":6,"win_rate":0,"timestamp":1555287583,"path_taken":["M","?","M","?","?","R","M","R","T","M","M","R","$","M","R","BOSS","M","M","$","?","?","R","E","$","T","R","?","?","R","?","R","BOSS","M","$","M","?","M","R","M","R","T","M"],"build_version":"2019-04-04","purchased_purges":4,"victory":false,"max_hp_per_floor":[80,80,80,80,80,80,80,80,80,80,80,80,80,80,80,80,80,80,80,80,80,80,80,80,80,80,80,80,80,80,80,80,80,80,80,80,80,80,80,80,80,80,80,80],"card_choices":[{"not_picked":["Blood for Blood","Burning Pact","Iron Wave"],"picked":"SKIP","floor":1.0},{"not_picked":["Iron Wave","Wild Strike","Reckless Charge"],"picked":"SKIP","floor":3.0},{"not_picked":["Anger","Rupture"],"picked":"Headbutt","floor":5.0},{"not_picked":["Hemokinesis","Warcry"],"picked":"Flame Barrier","floor":7.0},{"not_picked":["Sword Boomerang","Searing Blow"],"picked":"Cleave","floor":10.0},{"not_picked":["Havoc","Headbutt"],"picked":"Spot Weakness","floor":11.0},{"not_picked":["Rampage","True Grit"],"picked":"Disarm","floor":14.0},{"not_picked":["Immolate","Exhume"],"picked":"Barricade","floor":16.0},{"not_picked":["Armaments","Perfected Strike","True Grit"],"picked":"SKIP","floor":18.0},{"not_picked":["Sever Soul","Power Through"],"picked":"Flex","floor":19.0},{"not_picked":["Barricade","True Grit"],"picked":"Pommel Strike","floor":24.0},{"not_picked":["Sword Boomerang","Bloodletting"],"picked":"Clothesline+1","floor":28},{"not_picked":["Barricade","Brutality"],"picked":"Impervious","floor":33},{"not_picked":["Searing Blow+1","Headbutt+1","Dual Wield"],"picked":"SKIP","floor":35},{"not_picked":["Combust+1","Sword Boomerang+1","Wild Strike"],"picked":"SKIP","floor":37},{"not_picked":["Headbutt+1","Bloodletting+1"],"picked":"Cleave+1","floor":39},{"not_picked":["Blood for Blood+1","Wild Strike","Sword Boomerang"],"picked":"SKIP","floor":41}],"player_experience":666262,"relics_obtained":[{"floor":9.0,"key":"Ornamental Fan"},{"floor":24.0,"key":"Centennial Puzzle"},{"floor":38,"key":"Turnip"},{"floor":43,"key":"Happy Flower"}],"event_choices":[{"damage_healed":0.0,"max_hp_gain":0.0,"max_hp_loss":0.0,"gold_gain":0.0,"event_name":"Big Fish","player_choice":"Box","floor":2.0,"gold_loss":0.0,"damage_taken":0.0,"relics_obtained":["Oddly Smooth Stone"],"cards_obtained":["Regret"]},{"damage_healed":0.0,"max_hp_gain":0.0,"max_hp_loss":0.0,"gold_gain":0.0,"event_name":"Wheel of Change","player_choice":"Full Heal","floor":4.0,"gold_loss":0.0,"damage_taken":0.0},{"damage_healed":0.0,"max_hp_gain":0.0,"max_hp_loss":0.0,"gold_gain":0.0,"event_name":"Drug Dealer","player_choice":"Obtain J.A.X.","floor":21.0,"gold_loss":0.0,"damage_taken":0.0,"cards_obtained":["J.A.X."]},{"damage_healed":0.0,"max_hp_gain":0.0,"max_hp_loss":0.0,"gold_gain":275.0,"event_name":"Golden Shrine","player_choice":"Desecrate","floor":22.0,"gold_loss":0.0,"damage_taken":0.0,"cards_obtained":["Regret"]},{"cards_removed":["Clumsy"],"damage_healed":0,"gold_gain":0,"player_choice":"Gave Gold","damage_taken":0,"max_hp_gain":0,"max_hp_loss":0,"event_name":"Beggar","floor":29,"gold_loss":75},{"damage_healed":0,"gold_gain":99,"player_choice":"Stole From Cult","damage_taken":0,"max_hp_gain":0,"max_hp_loss":0,"event_name":"Nest","floor":31,"gold_loss":0},{"damage_healed":0,"gold_gain":0,"player_choice":"Fight","damage_taken":0,"max_hp_gain":0,"max_hp_loss":0,"event_name":"Mysterious Sphere","floor":38,"gold_loss":0}],"is_beta":true,"boss_relics":[{"not_picked":["Lizard Tail","Ectoplasm"],"picked":"Cursed Key"},{"not_picked":["Coffee Dripper","Eternal Feather"],"picked":"Runic Pyramid"}],"items_purged_floors":[13,20,25,36],"is_endless":false,"potions_floor_spawned":[1,5,7,14,19,24,37,39],"killed_by":"Transient","ascension_level":0}