{"gold_per_floor":[112,131,142,157,172,172,447,467,467,17,17],"floor_reached":11,"playtime":2950,"items_purged":[],"score":67,"play_id":"21e49115-ca23-432d-9dcd-3c85a5e0b2a3","local_time":"20190109063818","is_ascension_mode":false,"campfire_choices":[{"data":"Havoc","floor":6,"key":"SMITH"}],"neow_cost":"PERCENT_DAMAGE","seed_source_timestamp":41284378457720,"circlet_count":0,"master_deck":["Strike_R","Strike_R","Strike_R","Strike_R","Strike_R","Defend_R","Defend_R","Defend_R","Defend_R","Bash","Havoc+1","Power Through","Body Slam","Flex","Clothesline","Regret","Headbutt","Metallicize","Flame Barrier"],"relics":["Burning Blood","Unceasing Top","Mango"],"potions_floor_usage":[11],"damage_taken":[{"damage":1,"enemies":"Cultist","floor":1,"turns":4},{"damage":2,"enemies":"2 Louse","floor":2,"turns":2},{"damage":11,"enemies":"Jaw Worm","floor":3,"turns":5},{"damage":9,"enemies":"Blue Slaver","floor":4,"turns":5},{"damage":17,"enemies":"Gremlin Gang","floor":5,"turns":8},{"damage":8,"enemies":"Lots of Slimes","floor":8,"turns":5},{"damage":60,"enemies":"3 Sentries","floor":11,"turns":12}],"seed_played":"-1188425854437679408","potions_obtained":[{"floor":5,"key":"Weak Potion"},{"floor":8,"key":"SkillPotion"}],"is_trial":false,"path_per_floor":["M","M","M","M","M","R","?","M","T","$","E"],"character_chosen":"IRONCLAD","items_purchased":["Metallicize","Flame Barrier","Mango"],"campfire_rested":0,"item_purchase_floors":[10,10,10],"current_hp_per_floor":[61,65,60,57,46,46,46,44,44,58,0],"gold":17,"neow_bonus":"ONE_RARE_RELIC","is_prod":false,"is_daily":false,"chose_seed":false,"campfire_upgraded":1,"win_rate":0,"timestamp":1547003298,"path_taken":["M","M","M","M","?","R","?","M","T","$","E"],"build_version":"2019-01-07","purchased_purges":0,"victory":false,"max_hp_per_floor":[80,80,80,80,80,80,80,80,80,94,94],"card_choices":[{"not_picked":["Cleave","Headbutt"],"picked":"Havoc","floor":1},{"not_picked":["Perfected Strike","Twin Strike"],"picked":"Power Through","floor":2},{"not_picked":["Warcry","Searing Blow"],"picked":"Body Slam","floor":3},{"not_picked":["Sword Boomerang","Dark Embrace"],"picked":"Flex","floor":4},{"not_picked":["Carnage","Cleave"],"picked":"Clothesline","floor":5},{"not_picked":["Carnage","True Grit"],"picked":"Headbutt","floor":8}],"player_experience":343743,"relics_obtained":[],"event_choices":[{"damage_healed":0,"gold_gain":275,"player_choice":"Desecrate","damage_taken":0,"max_hp_gain":0,"max_hp_loss":0,"event_name":"Golden Shrine","floor":7,"gold_loss":0,"cards_obtained":["Regret"]}],"is_beta":true,"boss_relics":[],"items_purged_floors":[],"is_endless":false,"potions_floor_spawned":[5,8],"killed_by":"3 Sentries","ascension_level":0}