{"gold_per_floor":[111,186,186,196,206,206,239,36,36,51,85,85,7,34,34,106,106,6,6,6,6,6,6,6,6,6,6,6,6,6,6,6,6,6,6,6,6,6,6,6,6,6,6,6,6,6,6,6,6,6],"floor_reached":51,"playtime":6623,"items_purged":["Strike_G"],"score":1830,"play_id":"a1471dc1-6a45-4e8f-8c02-e0f31ef0e8e5","local_time":"20190801184958","is_ascension_mode":true,"campfire_choices":[{"data":"Neutralize","floor":6.0,"key":"SMITH"},{"floor":12.0,"key":"REST"},{"data":"Footwork","floor":15.0,"key":"SMITH"},{"floor":23.0,"key":"REST"},{"floor":29.0,"key":"REST"},{"data":"Well Laid Plans","floor":32.0,"key":"SMITH"},{"data":"Night Terror","floor":41,"key":"SMITH"},{"data":"A Thousand Cuts","floor":44,"key":"SMITH"},{"floor":46,"key":"REST"},{"floor":49,"key":"REST"}],"neow_cost":"NONE","seed_source_timestamp":0,"circlet_count":0,"master_deck":["AscendersBane","Strike_G","Strike_G","Strike_G","Defend_G","Defend_G","Defend_G","Defend_G","Defend_G","Survivor","Neutralize+1","Dash","Footwork","Cloak And Dagger","Masterful Stab","Well Laid Plans+1","Acrobatics","Crippling Poison","Footwork+1","Escape Plan","Die Die Die","A Thousand Cuts+1","Blur","Backflip+1","Deflect","Deflect","PiercingWail","Dagger Spray","Glass Knife","Venomology","Bouncing Flask","Footwork","After Image","Acrobatics","A Thousand Cuts+1","Endless Agony","Night Terror+1","Envenom","Choke+1","Catalyst"],"special_seed":0,"relics":["Ring of the Snake","Paper Crane","Singing Bowl","Mummified Hand","Prayer Wheel","Ectoplasm","Matryoshka","Nloth\u0027s Gift","Juzu Bracelet","Philosopher\u0027s Stone","Strawberry","Smiling Mask","Happy Flower","Pear","Omamori","Question Card"],"potions_floor_usage":[33,40,45,45,48,48,50,50,50],"damage_taken":[{"damage":1.0,"enemies":"Small Slimes","floor":1.0,"turns":4.0},{"damage":0.0,"enemies":"2 Louse","floor":4.0,"turns":4.0},{"damage":4.0,"enemies":"Cultist","floor":5.0,"turns":5.0},{"damage":21.0,"enemies":"Lagavulin","floor":7.0,"turns":10.0},{"damage":0.0,"enemies":"Exordium Wildlife","floor":10.0,"turns":4.0},{"damage":5.0,"enemies":"Gremlin Nob","floor":11.0,"turns":6.0},{"damage":0.0,"enemies":"3 Sentries","floor":14.0,"turns":12.0},{"damage":5.0,"enemies":"The Guardian","floor":16.0,"turns":22.0},{"damage":2.0,"enemies":"2 Thieves","floor":18.0,"turns":4.0},{"damage":3.0,"enemies":"Shell Parasite","floor":20.0,"turns":6.0},{"damage":7.0,"enemies":"Snake Plant","floor":21.0,"turns":7.0},{"damage":21.0,"enemies":"Cultist and Chosen","floor":22.0,"turns":8.0},{"damage":1.0,"enemies":"Shelled Parasite and Fungi","floor":24.0,"turns":8.0},{"damage":21.0,"enemies":"Slavers","floor":25.0,"turns":5.0},{"damage":0.0,"enemies":"Snecko","floor":28.0,"turns":10.0},{"damage":1.0,"enemies":"Book of Stabbing","floor":31.0,"turns":7.0},{"damage":0,"enemies":"Automaton","floor":33,"turns":17},{"damage":11,"enemies":"3 Darklings","floor":35,"turns":5},{"damage":2,"enemies":"3 Shapes","floor":36,"turns":5},{"damage":0,"enemies":"Spire Growth","floor":38,"turns":7},{"damage":3,"enemies":"Sphere and 2 Shapes","floor":39,"turns":4},{"damage":0,"enemies":"Nemesis","floor":40,"turns":9},{"damage":0,"enemies":"Giant Head","floor":42,"turns":7},{"damage":73,"enemies":"Reptomancer","floor":45,"turns":6},{"damage":16,"enemies":"Transient","floor":47,"turns":6},{"damage":4,"enemies":"Giant Head","floor":48,"turns":9},{"damage":40,"enemies":"Donu and Deca","floor":50,"turns":12}],"seed_played":"1959761556985839927","potions_obtained":[{"floor":0.0,"key":"SteroidPotion"},{"floor":0.0,"key":"PowerPotion"},{"floor":0.0,"key":"PowerPotion"},{"floor":4.0,"key":"GhostInAJar"},{"floor":14.0,"key":"GhostInAJar"},{"floor":16.0,"key":"Strength Potion"},{"floor":22.0,"key":"PowerPotion"},{"floor":31.0,"key":"SkillPotion"},{"floor":40,"key":"GhostInAJar"},{"floor":48,"key":"Weak Potion"}],"is_trial":false,"path_per_floor":["M","?","?","M","M","R","E","$","T","M","E","R","$","E","R","B",null,"M","?","M","M","M","R","M","E","T","?","M","R","?","E","R","B",null,"M","M","?","M","M","E","R","E","T","R","E","R","M","E","R","B",null],"character_chosen":"THE_SILENT","items_purchased":["Well Laid Plans","Acrobatics","Escape Plan"],"campfire_rested":5,"item_purchase_floors":[8,8,13],"current_hp_per_floor":[58,47,47,47,43,43,22,22,22,22,17,36,36,36,36,31,57,57,51,50,43,24,45,46,27,27,27,31,55,55,54,54,54,74,65,63,70,70,69,69,69,69,79,79,6,36,22,18,48,8],"gold":6,"neow_bonus":"THREE_SMALL_POTIONS","is_prod":false,"is_daily":false,"chose_seed":false,"campfire_upgraded":5,"win_rate":0,"timestamp":1564710598,"path_taken":["M","?","?","M","?","R","E","$","T","M","E","R","$","E","R","BOSS","M","?","M","M","?","R","M","E","T","?","?","R","?","E","R","BOSS","M","M","?","M","M","E","R","E","T","R","E","R","M","E","R","BOSS"],"build_version":"2019-07-17","purchased_purges":1,"victory":true,"max_hp_per_floor":[66,66,66,66,66,66,66,66,66,66,66,66,66,66,66,66,66,68,68,70,70,72,72,74,76,76,76,80,80,80,80,80,80,80,82,82,89,89,91,91,91,91,101,101,101,101,103,103,103,103],"card_choices":[{"not_picked":["Infinite Blades","Cloak And Dagger"],"picked":"Dash","floor":1.0},{"not_picked":["Slice","Cloak And Dagger"],"picked":"Footwork","floor":4.0},{"not_picked":["Underhanded Strike","Outmaneuver"],"picked":"Cloak And Dagger","floor":5.0},{"not_picked":["Footwork","Tools of the Trade"],"picked":"Masterful Stab","floor":7.0},{"not_picked":["Eviscerate","Slice"],"picked":"Crippling Poison","floor":10.0},{"not_picked":["Blade Dance","Sucker Punch"],"picked":"Footwork","floor":11.0},{"not_picked":["Skewer","Prepared"],"picked":"Die Die Die","floor":14.0},{"not_picked":["Adrenaline","Unload"],"picked":"A Thousand Cuts","floor":16.0},{"not_picked":["Flying Knee","Bane","Deadly Poison"],"picked":"Singing Bowl","floor":18.0},{"not_picked":["PiercingWail","Cloak And Dagger"],"picked":"Blur","floor":18.0},{"not_picked":["Quick Slash","Cloak And Dagger"],"picked":"Backflip+1","floor":20.0},{"not_picked":["Poisoned Stab+1","Deadly Poison","Blade Dance"],"picked":"Singing Bowl","floor":20.0},{"not_picked":["Prepared","Bane"],"picked":"Deflect","floor":21.0},{"not_picked":["Sucker Punch+1","Deadly Poison"],"picked":"Deflect","floor":21.0},{"not_picked":["Leg Sweep","Skewer"],"picked":"PiercingWail","floor":22.0},{"not_picked":["Masterful Stab","Dagger Throw+1","Distraction+1"],"picked":"Singing Bowl","floor":22.0},{"not_picked":["Backflip","Bane"],"picked":"Dagger Spray","floor":24.0},{"not_picked":["PiercingWail","Setup","Slice"],"picked":"Singing Bowl","floor":24.0},{"not_picked":["Phantasmal Killer","Riddle With Holes","Flying Knee"],"picked":"Singing Bowl","floor":25.0},{"not_picked":["Distraction","Acrobatics","Dodge and Roll"],"picked":"Singing Bowl","floor":28.0},{"not_picked":["All Out Attack","Dagger Spray","Poisoned Stab"],"picked":"Singing Bowl","floor":28.0},{"not_picked":["Grand Finale","Outmaneuver"],"picked":"Glass Knife","floor":31.0},{"not_picked":["Doppelganger","Phantasmal Killer"],"picked":"Venomology","floor":33},{"not_picked":["Bane","Escape Plan+1"],"picked":"Bouncing Flask","floor":35},{"not_picked":["Well Laid Plans","Masterful Stab","Dodge and Roll"],"picked":"Singing Bowl","floor":35},{"not_picked":["Riddle With Holes","All Out Attack"],"picked":"Footwork","floor":36},{"not_picked":["Heel Hook","Acrobatics"],"picked":"After Image","floor":36},{"not_picked":["Dash","Flying Knee"],"picked":"Acrobatics","floor":38},{"not_picked":["Flying Knee+1","Accuracy"],"picked":"A Thousand Cuts","floor":38},{"not_picked":["Dagger Spray+1","Masterful Stab","Slice"],"picked":"Singing Bowl","floor":39},{"not_picked":["Blade Dance","Flechettes"],"picked":"Endless Agony","floor":39},{"not_picked":["Prepared","Dagger Spray"],"picked":"Night Terror","floor":40},{"not_picked":["Underhanded Strike","Wraith Form v2"],"picked":"Envenom","floor":42},{"not_picked":["Flechettes","Masterful Stab","Envenom"],"picked":"SKIP","floor":45},{"not_picked":["Backflip","Cloak And Dagger+1","Wraith Form v2"],"picked":"Singing Bowl","floor":47},{"not_picked":["After Image","Outmaneuver+1"],"picked":"Choke+1","floor":47},{"not_picked":["Riddle With Holes","Heel Hook"],"picked":"Catalyst","floor":48}],"player_experience":588997,"relics_obtained":[{"floor":7.0,"key":"Paper Crane"},{"floor":9.0,"key":"Singing Bowl"},{"floor":11.0,"key":"Mummified Hand"},{"floor":14.0,"key":"Prayer Wheel"},{"floor":25.0,"key":"Pantograph"},{"floor":26.0,"key":"Matryoshka"},{"floor":31.0,"key":"Juzu Bracelet"},{"floor":40,"key":"Smiling Mask"},{"floor":43,"key":"Happy Flower"},{"floor":43,"key":"Pear"},{"floor":45,"key":"Omamori"},{"floor":48,"key":"Question Card"}],"event_choices":[{"damage_healed":0.0,"max_hp_gain":0.0,"max_hp_loss":0.0,"gold_gain":75.0,"event_name":"World of Goop","player_choice":"Gather Gold","floor":2.0,"gold_loss":0.0,"damage_taken":11.0},{"cards_removed":["Strike_G"],"damage_healed":0.0,"max_hp_gain":0.0,"max_hp_loss":0.0,"gold_gain":0.0,"event_name":"Wheel of Change","player_choice":"Card Removal","floor":3.0,"gold_loss":0.0,"damage_taken":0.0},{"damage_healed":0.0,"max_hp_gain":0.0,"max_hp_loss":0.0,"gold_gain":0.0,"event_name":"Knowing Skull","player_choice":"","floor":19.0,"potions_obtained":[],"gold_loss":0.0,"damage_taken":6.0,"cards_obtained":[]},{"damage_healed":0.0,"max_hp_gain":0.0,"max_hp_loss":0.0,"gold_gain":0.0,"event_name":"Upgrade Shrine","player_choice":"Upgraded","floor":27.0,"gold_loss":0.0,"damage_taken":0.0,"cards_upgraded":["A Thousand Cuts"]},{"damage_healed":0.0,"max_hp_gain":0.0,"max_hp_loss":0.0,"gold_gain":0.0,"event_name":"N\u0027loth","player_choice":"Traded Relic","floor":30.0,"relics_lost":["Pantograph"],"gold_loss":0.0,"damage_taken":0.0,"relics_obtained":["Nloth\u0027s Gift"]},{"damage_healed":0,"gold_gain":0,"player_choice":"Gave Potion","damage_taken":0,"relics_obtained":["Strawberry"],"max_hp_gain":0,"max_hp_loss":0,"event_name":"WeMeetAgain","floor":37,"gold_loss":0}],"is_beta":false,"boss_relics":[{"not_picked":["Ring of the Serpent","Black Star"],"picked":"Ectoplasm"},{"not_picked":["Cursed Key","Lizard Tail"],"picked":"Philosopher\u0027s Stone"}],"items_purged_floors":[8],"is_endless":false,"potions_floor_spawned":[4,5,14,16,20,22,25,31,40,42,48],"ascension_level":19}