{"gold_per_floor":[110,123,198,215,71,71,71,89,89,102,132,132,144,171,171,171],"floor_reached":16,"playtime":711,"items_purged":["Strike_R"],"score":134,"play_id":"db07d215-df27-4175-8b18-2099702d70c8","local_time":"20190629015221","is_ascension_mode":true,"campfire_choices":[{"data":"Shockwave","floor":6,"key":"SMITH"},{"floor":12,"key":"REST"},{"floor":15,"key":"REST"}],"neow_cost":"NONE","seed_source_timestamp":123462974967568,"circlet_count":0,"master_deck":["Strike_R","Strike_R","Strike_R","Strike_R","Defend_R","Defend_R","Defend_R","Bash","Shrug It Off","Pommel Strike","Shockwave+1","Limit Break","Shrug It Off"],"special_seed":0,"relics":["Burning Blood","Art of War","Question Card","Bronze Scales","Incense Burner"],"potions_floor_usage":[10,11,14,16],"damage_taken":[{"damage":7.0,"enemies":"Jaw Worm","floor":1.0,"turns":3.0},{"damage":7.0,"enemies":"Cultist","floor":2.0,"turns":5.0},{"damage":9.0,"enemies":"Small Slimes","floor":4.0,"turns":4.0},{"damage":11,"enemies":"Exordium Wildlife","floor":8,"turns":5},{"damage":7,"enemies":"Lots of Slimes","floor":10,"turns":4},{"damage":44,"enemies":"Lagavulin","floor":11,"turns":9},{"damage":0,"enemies":"Looter","floor":13,"turns":3},{"damage":36,"enemies":"3 Sentries","floor":14,"turns":11},{"damage":44,"enemies":"Hexaghost","floor":16,"turns":10}],"seed_played":"-5878527040078295511","potions_obtained":[{"floor":1.0,"key":"Swift Potion"},{"floor":8,"key":"SteroidPotion"},{"floor":10,"key":"Ancient Potion"},{"floor":11,"key":"Poison Potion"}],"is_trial":false,"path_per_floor":["M","M","?","M","$","R","?","M","T","M","E","R","M","E","R","B"],"character_chosen":"IRONCLAD","items_purchased":["Shockwave"],"campfire_rested":2,"item_purchase_floors":[5],"current_hp_per_floor":[79,78,67,64,64,64,64,59,59,58,20,44,50,20,44,0],"gold":171,"neow_bonus":"RANDOM_COMMON_RELIC","is_prod":false,"is_daily":false,"chose_seed":false,"campfire_upgraded":1,"win_rate":0,"timestamp":1561760541,"path_taken":["M","M","?","M","$","R","?","?","T","M","E","R","M","E","R","BOSS"],"build_version":"2019-06-11","purchased_purges":1,"victory":false,"max_hp_per_floor":[80,80,80,80,80,80,80,80,80,80,80,80,80,80,80,80],"card_choices":[{"not_picked":["Sentinel","Sword Boomerang"],"picked":"Shrug It Off","floor":1.0},{"not_picked":["Sword Boomerang","Fire Breathing","Havoc"],"picked":"SKIP","floor":2.0},{"not_picked":["Clash","Clothesline"],"picked":"Pommel Strike","floor":4.0},{"not_picked":["Warcry","Searing Blow"],"picked":"Limit Break","floor":8},{"not_picked":["Anger","Perfected Strike","Thunderclap"],"picked":"Shrug It Off","floor":10},{"not_picked":["Burning Pact","Exhume","Cleave","Havoc"],"picked":"SKIP","floor":11},{"not_picked":["Flex","Body Slam","Warcry","Burning Pact"],"picked":"SKIP","floor":13},{"not_picked":["Shrug It Off","Headbutt","Rupture","Cleave"],"picked":"SKIP","floor":14}],"player_experience":712169,"relics_obtained":[{"floor":9,"key":"Question Card"},{"floor":11,"key":"Bronze Scales"},{"floor":14,"key":"Incense Burner"}],"event_choices":[{"damage_healed":0.0,"max_hp_gain":0.0,"max_hp_loss":0.0,"gold_gain":75.0,"event_name":"World of Goop","player_choice":"Gather Gold","floor":3.0,"gold_loss":0.0,"damage_taken":11.0},{"cards_removed":["Defend_R"],"damage_healed":0,"gold_gain":0,"player_choice":"Offered Basic","damage_taken":0,"max_hp_gain":0,"max_hp_loss":0,"event_name":"Bonfire Elementals","floor":7,"gold_loss":0}],"is_beta":true,"boss_relics":[],"items_purged_floors":[5],"is_endless":false,"potions_floor_spawned":[1,8,10,11],"killed_by":"Hexaghost","ascension_level":4}