{"gold_per_floor":[117,128,141,141,141,141,141,155,181,181,194,70,90,122,122,219,219,238,248,248,263,263,263,37,48,48,48,9,108,108,27,27,122,122,139,39,0,0,16,16,35,60,60,60,60,60,60],"floor_reached":47,"playtime":1922,"items_purged":["Defend_G","Bite"],"score":501,"play_id":"be725da5-bc9a-45c4-8dfc-8ed749e1b774","local_time":"20190109213902","is_ascension_mode":false,"campfire_choices":[{"data":"Neutralize","floor":6,"key":"SMITH"},{"data":"Blade Dance","floor":10,"key":"SMITH"},{"floor":15,"key":"REST"},{"data":"Envenom","floor":23,"key":"SMITH"},{"floor":30,"key":"REST"},{"floor":32,"key":"REST"},{"floor":40,"key":"REST"},{"floor":45,"key":"REST"}],"neow_cost":"NONE","seed_source_timestamp":5871703693897,"circlet_count":0,"master_deck":["Defend_G","Defend_G","Defend_G","Defend_G+1","Survivor","Neutralize+1","Flying Knee","Poisoned Stab","Caltrops","Blade Dance+1","Noxious Fumes","Outmaneuver","Corpse Explosion","Crippling Poison","Envenom+1","Terror","Cloak And Dagger","Accuracy","Heel Hook","Adrenaline","Bite","Bite","Bite","Bite","Caltrops","Well Laid Plans","After Image","Blade Dance","Backflip","Escape Plan","Leg Sweep","Outmaneuver+1"],"relics":["Ring of the Snake","Strawberry","Omamori","Sozu","Bag of Marbles","Boot","Orrery","Red Mask","GremlinMask","Dream Catcher","Blue Candle"],"potions_floor_usage":[11],"damage_taken":[{"damage":0,"enemies":"2 Louse","floor":1,"turns":3},{"damage":0,"enemies":"Jaw Worm","floor":2,"turns":5},{"damage":0,"enemies":"Cultist","floor":3,"turns":3},{"damage":0,"enemies":"3 Louse","floor":8,"turns":4},{"damage":1,"enemies":"Exordium Wildlife","floor":11,"turns":3},{"damage":4,"enemies":"Exordium Thugs","floor":13,"turns":5},{"damage":28,"enemies":"Gremlin Nob","floor":14,"turns":4},{"damage":46,"enemies":"The Guardian","floor":16,"turns":9},{"damage":18,"enemies":"Spheric Guardian","floor":18,"turns":5},{"damage":5,"enemies":"3 Byrds","floor":19,"turns":3},{"damage":18,"enemies":"Snake Plant","floor":21,"turns":4},{"damage":29,"enemies":"Centurion and Healer","floor":25,"turns":5},{"damage":46,"enemies":"Automaton","floor":33,"turns":10},{"damage":32,"enemies":"3 Shapes","floor":35,"turns":7},{"damage":11,"enemies":"3 Darklings","floor":39,"turns":4},{"damage":10,"enemies":"Sphere and 2 Shapes","floor":41,"turns":4},{"damage":35,"enemies":"Nemesis","floor":42,"turns":8},{"damage":72,"enemies":"Reptomancer","floor":47,"turns":3}],"seed_played":"-1967018611297899559","potions_obtained":[{"floor":2,"key":"Weak Potion"},{"floor":3,"key":"Fire Potion"},{"floor":7,"key":"FairyPotion"},{"floor":7,"key":"Ancient Potion"},{"floor":14,"key":"GamblersBrew"}],"is_trial":false,"path_per_floor":["M","M","M","?","T","R","?","M","T","R","M","$","M","E","R","B",null,"M","M","?","M","?","R","$","M","T","?","$","?","R","$","R","B",null,"M","$","?","?","M","R","M","E","T","$","R","?","E"],"character_chosen":"THE_SILENT","items_purchased":["Noxious Fumes","Outmaneuver","Accuracy","Heel Hook","Caltrops","Well Laid Plans"],"campfire_rested":5,"item_purchase_floors":[12,12,24,24,28,31],"current_hp_per_floor":[70,70,70,56,56,56,56,56,63,63,62,62,58,30,53,7,77,59,54,54,36,36,36,36,7,7,7,7,7,22,22,37,13,53,29,29,29,29,24,39,35,12,12,12,27,27,0],"gold":60,"neow_bonus":"REMOVE_CARD","is_prod":false,"is_daily":false,"chose_seed":false,"campfire_upgraded":3,"win_rate":0,"timestamp":1547057342,"path_taken":["M","M","M","?","?","R","?","?","T","R","M","$","M","E","R","BOSS","M","M","?","M","?","R","?","?","T","?","$","?","R","?","R","BOSS","M","$","?","?","M","R","?","E","T","$","R","?","E"],"build_version":"2019-01-08","purchased_purges":2,"victory":false,"max_hp_per_floor":[70,70,70,70,70,70,70,70,77,77,77,77,77,77,77,77,77,77,77,77,77,77,77,77,77,77,53,53,53,53,53,53,53,53,53,53,53,53,53,53,53,53,53,53,53,53,53],"card_choices":[{"not_picked":["Slice","Choke"],"picked":"Flying Knee","floor":1},{"not_picked":["Endless Agony","Acrobatics"],"picked":"Poisoned Stab","floor":2},{"not_picked":["Skewer","Accuracy"],"picked":"Caltrops","floor":3},{"not_picked":["Dagger Spray","PiercingWail"],"picked":"Blade Dance","floor":8},{"not_picked":["Dagger Throw","Dagger Spray","Acrobatics"],"picked":"SKIP","floor":11},{"not_picked":["Deflect","Dagger Throw"],"picked":"Corpse Explosion","floor":13},{"not_picked":["Deadly Poison","Sucker Punch"],"picked":"Crippling Poison","floor":14},{"not_picked":["Wraith Form v2","Glass Knife"],"picked":"Envenom","floor":16},{"not_picked":["Infinite Blades","Outmaneuver"],"picked":"Terror","floor":18},{"not_picked":["Prepared+1","Sucker Punch"],"picked":"Cloak And Dagger","floor":19},{"not_picked":["Slice","Outmaneuver"],"picked":"Sucker Punch","floor":21},{"not_picked":["Skewer+1","Blade Dance"],"picked":"Adrenaline","floor":25},{"not_picked":["Glass Knife","Burst"],"picked":"After Image","floor":33},{"not_picked":["Dodge and Roll","Acrobatics"],"picked":"Blade Dance","floor":34},{"not_picked":["Cloak And Dagger","Underhanded Strike"],"picked":"Backflip","floor":34},{"not_picked":["Expertise+1","Sucker Punch+1"],"picked":"Escape Plan","floor":34},{"not_picked":["PiercingWail+1","Underhanded Strike","Unload"],"picked":"SKIP","floor":35},{"not_picked":["Acrobatics","Quick Slash+1"],"picked":"Leg Sweep","floor":39},{"not_picked":["Escape Plan+1","Acrobatics+1"],"picked":"Outmaneuver+1","floor":41},{"not_picked":["Skewer+1","Bane+1","Phantasmal Killer"],"picked":"SKIP","floor":42}],"player_experience":349145,"relics_obtained":[{"floor":9,"key":"Strawberry"},{"floor":14,"key":"Omamori"},{"floor":26,"key":"Boot"},{"floor":42,"key":"Dream Catcher"},{"floor":43,"key":"Blue Candle"}],"event_choices":[{"damage_healed":0,"gold_gain":0,"player_choice":"Entered Light","damage_taken":14,"max_hp_gain":0,"max_hp_loss":0,"event_name":"Shining Light","floor":4,"gold_loss":0,"cards_upgraded":["Defend_G","Strike_G"]},{"damage_healed":0,"gold_gain":0,"player_choice":"Got Potions","damage_taken":0,"max_hp_gain":0,"max_hp_loss":0,"event_name":"Lab","floor":7,"gold_loss":0},{"damage_healed":0,"gold_gain":0,"player_choice":"Opened","damage_taken":0,"relics_obtained":["Bag of Marbles"],"max_hp_gain":0,"max_hp_loss":0,"event_name":"The Mausoleum","floor":20,"gold_loss":0},{"damage_healed":0,"gold_gain":0,"player_choice":"Ignored","damage_taken":0,"max_hp_gain":0,"max_hp_loss":0,"event_name":"Ghosts","floor":22,"gold_loss":0},{"damage_healed":0,"gold_gain":0,"player_choice":"Became a vampire","damage_taken":0,"max_hp_gain":0,"max_hp_loss":24,"event_name":"Vampires","floor":27,"gold_loss":0,"cards_obtained":["Bite","Bite","Bite","Bite","Bite"]},{"damage_healed":0,"gold_gain":99,"player_choice":"Stole From Cult","damage_taken":0,"max_hp_gain":0,"max_hp_loss":0,"event_name":"Nest","floor":29,"gold_loss":0},{"damage_healed":0,"gold_gain":0,"player_choice":"Paid","damage_taken":0,"relics_obtained":["Red Mask"],"max_hp_gain":0,"max_hp_loss":0,"event_name":"Tomb of Lord Red Mask","floor":37,"gold_loss":39},{"damage_healed":0,"gold_gain":0,"player_choice":"Trade","damage_taken":0,"relics_obtained":["GremlinMask"],"max_hp_gain":0,"max_hp_loss":0,"event_name":"FaceTrader","floor":38,"gold_loss":0},{"cards_removed":["Sucker Punch"],"damage_healed":0,"gold_gain":0,"player_choice":"Removed Attack","damage_taken":0,"max_hp_gain":0,"max_hp_loss":0,"event_name":"Falling","floor":46,"gold_loss":0}],"is_beta":true,"boss_relics":[{"not_picked":["Philosopher\u0027s Stone","Ectoplasm"],"picked":"Sozu"},{"not_picked":["Velvet Choker","HoveringKite"],"picked":"Orrery"}],"items_purged_floors":[24,36],"is_endless":false,"potions_floor_spawned":[2,3,8,14,25,39,41],"killed_by":"Reptomancer","ascension_level":0}