{"gold_per_floor":[119,132,132,150,175,200,200,234,283,283,283,324,342,356,356,475,475,489,514,236,236,361,361,374,374,453,453,469,469,469,306,306,435,435,455,479,479,170,195,195,215,215],"floor_reached":42,"playtime":3521,"items_purged":[],"score":400,"play_id":"7699eb9e-426f-4786-93e0-efa85d35370d","local_time":"20190627222947","is_ascension_mode":false,"campfire_choices":[{"floor":7,"key":"REST"},{"data":"Consume","floor":15,"key":"SMITH"},{"floor":23,"key":"REST"},{"floor":25,"key":"REST"},{"floor":27,"key":"REST"},{"floor":32,"key":"REST"},{"floor":40,"key":"REST"}],"neow_cost":"NONE","seed_source_timestamp":18774626410800,"circlet_count":0,"master_deck":["Strike_B+1","Strike_B+1","Strike_B+1","Defend_B+1","Defend_B+1","Defend_B+1","Defend_B+1","Zap","Dualcast","Leap","Redo","Auto Shields","Rip and Tear","Self Repair","Consume+1","Electrodynamics+1","Fusion","Storm+1","Machine Learning+1","Ball Lightning","Reinforced Body","Hello World+1","Necronomicurse","Static Discharge+1","Doom and Gloom","Chill","Thunder Strike","Creative AI+1","Doom and Gloom","Ball Lightning","Redo","Glacier+1","Stack+1"],"relics":["Cracked Core","Golden Idol","Odd Mushroom","Lantern","Frozen Egg 2","Fusion Hammer","Kunai","Necronomicon","Torii","Darkstone Periapt","Pantograph","Dodecahedron","Philosopher\u0027s Stone","Bottled Tornado"],"potions_floor_usage":[],"damage_taken":[{"damage":1,"enemies":"Jaw Worm","floor":1,"turns":3},{"damage":0,"enemies":"2 Louse","floor":2,"turns":3},{"damage":10,"enemies":"Small Slimes","floor":4,"turns":3},{"damage":12,"enemies":"Red Slaver","floor":5,"turns":5},{"damage":0,"enemies":"Large Slime","floor":6,"turns":6},{"damage":7,"enemies":"The Mushroom Lair","floor":8,"turns":5},{"damage":19,"enemies":"3 Sentries","floor":12,"turns":8},{"damage":0,"enemies":"2 Fungi Beasts","floor":13,"turns":2},{"damage":2,"enemies":"Blue Slaver","floor":14,"turns":2},{"damage":43,"enemies":"Hexaghost","floor":16,"turns":11},{"damage":21,"enemies":"Chosen","floor":18,"turns":5},{"damage":18,"enemies":"Spheric Guardian","floor":19,"turns":5},{"damage":16,"enemies":"Colosseum Slavers","floor":22,"turns":3},{"damage":14,"enemies":"Colosseum Nobs","floor":22,"turns":3},{"damage":0,"enemies":"Cultist and Chosen","floor":24,"turns":4},{"damage":0,"enemies":"3 Cultists","floor":28,"turns":2},{"damage":1,"enemies":"Automaton","floor":33,"turns":5},{"damage":10,"enemies":"3 Shapes","floor":35,"turns":3},{"damage":21,"enemies":"Orb Walker","floor":36,"turns":2},{"damage":37,"enemies":"Spire Growth","floor":39,"turns":4},{"damage":28,"enemies":"Sphere and 2 Shapes","floor":41,"turns":6},{"damage":19,"enemies":"4 Shapes","floor":42,"turns":1}],"seed_played":"-9111492391244045887","potions_obtained":[{"floor":4,"key":"FairyPotion"},{"floor":6,"key":"LiquidBronze"},{"floor":8,"key":"Dexterity Potion"}],"is_trial":false,"path_per_floor":["M","M","?","M","M","M","R","?","T","?","?","E","M","M","R","B",null,"M","M","$","?","?","R","M","R","T","R","M","T","?","$","R","B",null,"M","M","?","$","M","R","M","M"],"character_chosen":"DEFECT","items_purchased":["Hello World+1","Kunai","Thunder Strike","Redo","Bottled Tornado"],"campfire_rested":6,"item_purchase_floors":[20,20,31,38,38],"current_hp_per_floor":[81,81,76,66,54,54,76,69,69,69,69,57,57,62,62,26,76,62,51,51,35,5,27,34,56,56,76,76,76,76,76,76,75,76,66,45,45,45,8,30,9,0],"gold":215,"neow_bonus":"TEN_PERCENT_HP_BONUS","is_prod":false,"is_daily":false,"chose_seed":false,"campfire_upgraded":1,"win_rate":0.0,"timestamp":1561656587,"path_taken":["M","M","?","M","M","M","R","?","T","?","?","E","?","M","R","BOSS","M","M","$","?","?","R","M","R","T","R","M","?","?","$","R","BOSS","M","M","?","?","M","R","M","M"],"build_version":"2019-01-23","purchased_purges":0,"victory":false,"max_hp_per_floor":[82,82,76,76,76,76,76,76,76,76,76,76,76,76,76,76,76,76,76,76,76,76,76,76,76,76,76,76,76,76,76,76,76,76,76,76,76,76,76,76,76,76],"card_choices":[{"not_picked":["Melter","Streamline"],"picked":"Leap","floor":1},{"not_picked":["Ball Lightning","Beam Cell"],"picked":"Redo","floor":2},{"not_picked":["Rip and Tear","Tempest"],"picked":"Auto Shields","floor":4},{"not_picked":["Beam Cell","Compile Driver"],"picked":"Rip and Tear","floor":5},{"not_picked":["Cold Snap","Auto Shields"],"picked":"Thunder Strike","floor":6},{"not_picked":["Stack","Coolheaded"],"picked":"Self Repair","floor":8},{"not_picked":["Cold Snap","Compile Driver"],"picked":"Electrodynamics","floor":12},{"not_picked":["Leap","Beam Cell"],"picked":"Fusion","floor":13},{"not_picked":["Ball Lightning","Stack"],"picked":"Storm+1","floor":14},{"not_picked":["Seek","Multi-Cast"],"picked":"Machine Learning+1","floor":16},{"not_picked":["Sweeping Beam","Beam Cell+1"],"picked":"Ball Lightning","floor":18},{"not_picked":["Lockon","Go for the Eyes"],"picked":"Reinforced Body","floor":19},{"not_picked":["Barrage","Conserve Battery"],"picked":"Static Discharge+1","floor":22},{"not_picked":["Redo","Compile Driver+1"],"picked":"Doom and Gloom","floor":24},{"not_picked":["Storm+1","Compile Driver"],"picked":"Chill","floor":28},{"not_picked":["Buffer+1","Rainbow"],"picked":"Creative AI+1","floor":33},{"not_picked":["Go for the Eyes","Steam Power+1"],"picked":"Doom and Gloom","floor":35},{"not_picked":["Streamline+1","Beam Cell"],"picked":"Ball Lightning","floor":36},{"not_picked":["Melter+1","Go for the Eyes+1"],"picked":"Glacier+1","floor":39},{"not_picked":["Genetic Algorithm+1","Chaos"],"picked":"Stack+1","floor":41}],"player_experience":8541,"relics_obtained":[{"floor":8,"key":"Odd Mushroom"},{"floor":9,"key":"Lantern"},{"floor":12,"key":"Frozen Egg 2"},{"floor":21,"key":"Necronomicon"},{"floor":22,"key":"Torii"},{"floor":22,"key":"Darkstone Periapt"},{"floor":26,"key":"Pantograph"},{"floor":29,"key":"Dodecahedron"}],"event_choices":[{"damage_healed":0,"gold_gain":0,"player_choice":"Lose Max HP","damage_taken":0,"relics_obtained":["Golden Idol"],"max_hp_gain":0,"max_hp_loss":6,"event_name":"Golden Idol","floor":3,"gold_loss":0},{"damage_healed":0,"gold_gain":0,"player_choice":"Fought Mushrooms","damage_taken":0,"max_hp_gain":0,"max_hp_loss":0,"event_name":"Mushrooms","floor":8,"gold_loss":0},{"damage_healed":0,"gold_gain":0,"player_choice":"Ignored","damage_taken":0,"max_hp_gain":0,"max_hp_loss":0,"event_name":"Golden Wing","floor":10,"gold_loss":0},{"damage_healed":0,"gold_gain":0,"cards_transformed":["Thunder Strike"],"player_choice":"Transformed","damage_taken":0,"max_hp_gain":0,"max_hp_loss":0,"event_name":"Transmorgrifier","floor":11,"gold_loss":0,"cards_obtained":["Consume"]},{"damage_healed":0,"gold_gain":0,"player_choice":"Obtained Book","damage_taken":16,"max_hp_gain":0,"max_hp_loss":0,"event_name":"Cursed Tome","floor":21,"gold_loss":0},{"damage_healed":0,"gold_gain":0,"player_choice":"Fight","damage_taken":0,"max_hp_gain":0,"max_hp_loss":0,"event_name":"Colosseum","floor":22,"gold_loss":0},{"damage_healed":0,"gold_gain":0,"player_choice":"Fought Nobs","damage_taken":0,"max_hp_gain":0,"max_hp_loss":0,"event_name":"Colosseum","floor":22,"gold_loss":0},{"damage_healed":0,"gold_gain":0,"player_choice":"Simplicity","damage_taken":0,"max_hp_gain":0,"max_hp_loss":0,"event_name":"Back to Basics","floor":30,"gold_loss":0,"cards_upgraded":["Strike_B","Strike_B","Strike_B","Strike_B","Defend_B","Defend_B","Defend_B","Defend_B"]},{"cards_removed":["Strike_B"],"damage_healed":0,"gold_gain":0,"player_choice":"Removed Attack","damage_taken":0,"max_hp_gain":0,"max_hp_loss":0,"event_name":"Falling","floor":37,"gold_loss":0}],"is_beta":false,"boss_relics":[{"not_picked":["Nuclear Battery","Runic Pyramid"],"picked":"Fusion Hammer"},{"not_picked":["Runic Dome","Tiny House"],"picked":"Philosopher\u0027s Stone"}],"items_purged_floors":[],"is_endless":false,"potions_floor_spawned":[4,6,8,14,18,19,28,35,36],"killed_by":"4 Shapes","ascension_level":0}