{"path_per_floor":["M","M","M","$","?","R","$","R","T","?","R","T","R","$","R","B",null,"M","M","M","$","?"],"character_chosen":"THE_SILENT","items_purchased":["Prepared","Terror","Swift Strike","Deflect"],"gold_per_floor":[112,124,140,17,17,17,17,17,17,17,17,98,98,23,23,118,118,135,155,175,24,24],"floor_reached":23,"campfire_rested":0,"playtime":1781,"current_hp_per_floor":[70,70,70,70,63,63,63,63,63,63,63,63,63,63,63,41,70,55,39,11,11,11],"items_purged":["Strike_G"],"gold":24,"play_id":"f34f1a47-114d-4d32-b240-94b783bb42ac","is_prod":false,"is_daily":false,"campfire_rituals":0,"campfire_upgraded":5,"is_hardmode":false,"path_taken":["M","M","M","$","?","R","?","R","T","?","R","?","R","$","R","BOSS","M","?","M","$","?","E"],"build_version":"2018-01-18-PROD4","purchased_purges":2,"victory":false,"master_deck":["Defend_G","Defend_G","Defend_G","Defend_G","Strike_G","Strike_G","Strike_G","Survivor","Neutralize","Deflect","Sucker Punch","Flying Knee","Prepared","Terror","Tools of the Trade","Quick Slash","Blade Dance","Acrobatics","Swift Strike","Deflect"],"max_hp_per_floor":[70,70,70,70,70,70,70,70,70,70,70,70,70,70,70,70,70,70,70,70,70,70],"relics":["Ring of the Snake","Calipers","Kunai","Philosopher\u0027s Stone"],"campfire_meditates":0,"card_choices":[{"not_picked":["Slice","Deadly Poison"],"picked":"Deflect"},{"not_picked":["Prepared","Well Laid Plans"],"picked":"Sucker Punch"},{"not_picked":["Heel Hook","Escape Plan"],"picked":"Flying Knee"},{"not_picked":["Adrenaline","Envenom"],"picked":"Tools of the Trade"},{"not_picked":["Blur","Choke"],"picked":"Quick Slash"},{"not_picked":["Dagger Spray","Prepared"],"picked":"Blade Dance"},{"not_picked":["Outmaneuver","Dodge and Roll"],"picked":"Acrobatics"}],"player_experience":18374,"potions_floor_usage":[18,20],"damage_taken":[{"damage":0,"enemies":"Blue Slaver","floor":1,"turns":7},{"damage":0,"enemies":"Small Slimes","floor":2,"turns":5},{"damage":0,"enemies":"Cultist","floor":3,"turns":3},{"damage":22,"enemies":"The Guardian","floor":16,"turns":14},{"damage":15,"enemies":"Chosen","floor":18,"turns":7},{"damage":16,"enemies":"Shell Parasite","floor":19,"turns":9},{"damage":28,"enemies":"Centurion and Healer","floor":20,"turns":6},{"damage":13,"enemies":"Slavers","floor":23,"turns":1}],"event_choices":[{"event_name":"Golden Wing","player_choice":"Card Removal","floor":5,"damage_taken":0},{"event_name":"Living Wall","player_choice":"Grow","floor":10,"damage_taken":0},{"event_name":"Bonfire Elementals","player_choice":"BASIC","floor":22,"damage_taken":0}],"boss_relics":[{"not_picked":["Tiny House","Astrolabe"],"picked":"Philosopher\u0027s Stone"}],"potions_floor_spawned":[16,18],"seed_played":"-2947947097892046662","killed_by":"Slavers","is_trial":false}