{"gold_per_floor":[111,61,80,91,91,91,111,111,138,156,169,169,169,213,213,336,336,360,249,249,274,297,297,222,242,269,283,283,302,302,302,302,302],"floor_reached":33,"playtime":1282,"items_purged":["Defend_R"],"score":249,"play_id":"f31e3be7-7abc-4b69-bce5-9e0bf83f4f2f","local_time":"20190529021947","is_ascension_mode":false,"campfire_choices":[{"data":"Armaments","floor":6.0,"key":"SMITH"},{"data":"Flame Barrier","floor":8.0,"key":"SMITH"},{"floor":12.0,"key":"REST"},{"floor":15.0,"key":"REST"},{"data":"Bloodletting","floor":23,"key":"SMITH"},{"floor":28,"key":"REST"},{"data":"Offering","floor":30,"key":"SMITH"},{"floor":32,"key":"REST"}],"neow_cost":"NONE","seed_source_timestamp":32562684352300,"circlet_count":0,"master_deck":["Strike_R","Strike_R","Strike_R","Defend_R","Defend_R","Defend_R","Bash","Demon Form+1","Flame Barrier+1","Armaments+1","Flame Barrier","Thunderclap","Offering+1","Metallicize","RitualDagger","Bloodletting+1"],"special_seed":0,"relics":["Black Blood","Golden Idol","Lantern","Boot","Bronze Scales","MutagenicStrength"],"potions_floor_usage":[21,22,25,33],"damage_taken":[{"damage":15.0,"enemies":"Jaw Worm","floor":1.0,"turns":6.0},{"damage":9.0,"enemies":"2 Louse","floor":3.0,"turns":5.0},{"damage":0.0,"enemies":"Small Slimes","floor":4.0,"turns":5.0},{"damage":25.0,"enemies":"Exordium Thugs","floor":7.0,"turns":7.0},{"damage":11.0,"enemies":"Exordium Wildlife","floor":10.0,"turns":5.0},{"damage":0.0,"enemies":"3 Louse","floor":11.0,"turns":4.0},{"damage":51.0,"enemies":"3 Sentries","floor":14.0,"turns":16.0},{"damage":20.0,"enemies":"The Guardian","floor":16.0,"turns":12.0},{"damage":23.0,"enemies":"Spheric Guardian","floor":18.0,"turns":7.0},{"damage":16,"enemies":"3 Byrds","floor":21,"turns":3},{"damage":23,"enemies":"Sentry and Sphere","floor":22,"turns":6},{"damage":20,"enemies":"Centurion and Healer","floor":25,"turns":7},{"damage":20,"enemies":"Snake Plant","floor":27,"turns":4},{"damage":19,"enemies":"Sentry and Sphere","floor":29,"turns":7},{"damage":74,"enemies":"Champ","floor":33,"turns":13}],"seed_played":"4344739594913571541","potions_obtained":[{"floor":4.0,"key":"AttackPotion"},{"floor":7.0,"key":"Strength Potion"},{"floor":14.0,"key":"SteroidPotion"},{"floor":16.0,"key":"Dexterity Potion"},{"floor":18.0,"key":"Explosive Potion"},{"floor":27,"key":"Block Potion"}],"is_trial":false,"path_per_floor":["M","?","M","M","?","R","M","R","T","M","M","R","?","E","R","B",null,"M","$","?","M","M","R","?","M","T","M","R","M","R","?","R","B"],"character_chosen":"IRONCLAD","items_purchased":["Metallicize"],"campfire_rested":4,"item_purchase_floors":[19],"current_hp_per_floor":[71,71,68,74,54,54,35,35,35,30,36,60,60,15,39,25,80,67,67,61,55,42,42,42,32,32,22,46,37,37,37,61,0],"gold":302,"neow_bonus":"ONE_RANDOM_RARE_CARD","is_prod":false,"is_daily":false,"chose_seed":false,"campfire_upgraded":4,"win_rate":0,"timestamp":1559083787,"path_taken":["M","?","M","M","?","R","M","R","T","M","M","R","?","E","R","BOSS","M","$","?","M","M","R","?","M","T","M","R","M","R","?","R","BOSS"],"build_version":"2019-05-24v2","purchased_purges":1,"victory":false,"max_hp_per_floor":[80,80,80,80,80,80,80,80,80,80,80,80,80,80,80,80,80,80,80,80,80,80,80,80,80,80,80,80,80,80,80,80,80],"card_choices":[{"not_picked":["Sword Boomerang","Havoc"],"picked":"Flame Barrier","floor":1.0},{"not_picked":["Flex","Dark Embrace"],"picked":"Armaments","floor":3.0},{"not_picked":["Wild Strike","Evolve","Blood for Blood"],"picked":"SKIP","floor":4.0},{"not_picked":["Blood for Blood","Armaments","True Grit"],"picked":"SKIP","floor":7.0},{"not_picked":["Sever Soul","Rampage"],"picked":"Flame Barrier","floor":10.0},{"not_picked":["Combust","Warcry","Perfected Strike"],"picked":"SKIP","floor":11.0},{"not_picked":["Fire Breathing","Body Slam"],"picked":"Thunderclap","floor":14.0},{"not_picked":["Exhume","Berserk"],"picked":"Offering","floor":16.0},{"not_picked":["Clothesline","Inflame","Twin Strike"],"picked":"SKIP","floor":18.0},{"not_picked":["Anger","Shrug It Off"],"picked":"Bloodletting","floor":21},{"not_picked":["Carnage","Iron Wave","Sentinel+1"],"picked":"SKIP","floor":22},{"not_picked":["Perfected Strike+1","Anger","Clash"],"picked":"SKIP","floor":25},{"not_picked":["Intimidate","Feel No Pain","Shrug It Off"],"picked":"SKIP","floor":27},{"not_picked":["Bludgeon","Clash+1","Blood for Blood"],"picked":"SKIP","floor":29}],"player_experience":686015,"relics_obtained":[{"floor":9.0,"key":"Lantern"},{"floor":14.0,"key":"Boot"},{"floor":26,"key":"Bronze Scales"}],"event_choices":[{"cards_removed":["Strike_R"],"damage_healed":0.0,"max_hp_gain":0.0,"max_hp_loss":0.0,"gold_gain":0.0,"event_name":"The Cleric","player_choice":"Card Removal","floor":2.0,"gold_loss":50.0,"damage_taken":0.0},{"damage_healed":0.0,"max_hp_gain":0.0,"max_hp_loss":0.0,"gold_gain":0.0,"event_name":"Golden Idol","player_choice":"Take Damage","floor":5.0,"gold_loss":0.0,"damage_taken":20.0,"relics_obtained":["Golden Idol"]},{"damage_healed":0.0,"max_hp_gain":0.0,"max_hp_loss":0.0,"gold_gain":0.0,"event_name":"Upgrade Shrine","player_choice":"Upgraded","floor":13.0,"gold_loss":0.0,"damage_taken":0.0,"cards_upgraded":["Demon Form"]},{"damage_healed":0.0,"max_hp_gain":0.0,"max_hp_loss":0.0,"gold_gain":0.0,"event_name":"Nest","player_choice":"Joined the Cult","floor":20.0,"gold_loss":0.0,"damage_taken":6.0,"cards_obtained":["RitualDagger"]},{"cards_removed":["Strike_R"],"damage_healed":0,"gold_gain":0,"player_choice":"Gave Gold","damage_taken":0,"max_hp_gain":0,"max_hp_loss":0,"event_name":"Beggar","floor":24,"gold_loss":75},{"damage_healed":0,"gold_gain":0,"player_choice":"Inject Mutagens","damage_taken":0,"relics_obtained":["MutagenicStrength"],"max_hp_gain":0,"max_hp_loss":0,"event_name":"Drug Dealer","floor":31,"gold_loss":0}],"is_beta":true,"boss_relics":[{"not_picked":["Runic Cube","Lizard Tail"],"picked":"Black Blood"}],"items_purged_floors":[19],"is_endless":false,"potions_floor_spawned":[4,7,14,16,18,27],"killed_by":"Champ","ascension_level":0}