{"gold_per_floor":[218,62,78,91,103,136,11,11,11,45,45,73,73,94,94,214,214,238,252,212,232,247,247,247,87,138,138],"floor_reached":27,"playtime":3395,"items_purged":["Defend_B"],"score":270,"play_id":"84228cc4-717e-4341-975f-96449a6ad0a3","local_time":"20190723005338","is_ascension_mode":true,"campfire_choices":[{"floor":8,"key":"REST"},{"floor":11,"key":"REST"},{"floor":15,"key":"REST"},{"floor":23,"key":"REST"}],"neow_cost":"NONE","seed_source_timestamp":51286454890183,"circlet_count":0,"master_deck":["Strike_B","Strike_B+1","Strike_B","Strike_B+1","Defend_B","Defend_B","Defend_B","Zap","Dualcast","Turbo+1","Static Discharge","Defragment","Self Repair","Coolheaded","Leap","Redo+1","Leap","Fission","Streamline+1","Loop","Glacier","Ball Lightning+1","Defragment"],"relics":["FrozenCore","DataDisk","Whetstone","Molten Egg 2","Gremlin Horn","Oddly Smooth Stone","Golden Idol","Potion Belt"],"potions_floor_usage":[5,6,16,24],"damage_taken":[{"damage":0,"enemies":"Small Slimes","floor":1,"turns":2},{"damage":2,"enemies":"Jaw Worm","floor":3,"turns":3},{"damage":1,"enemies":"Cultist","floor":4,"turns":3},{"damage":20,"enemies":"Exordium Thugs","floor":5,"turns":4},{"damage":20,"enemies":"Lagavulin","floor":6,"turns":5},{"damage":36,"enemies":"Gremlin Nob","floor":10,"turns":4},{"damage":20,"enemies":"3 Sentries","floor":12,"turns":7},{"damage":11,"enemies":"Red Slaver","floor":14,"turns":2},{"damage":13,"enemies":"Hexaghost","floor":16,"turns":11},{"damage":1,"enemies":"Spheric Guardian","floor":18,"turns":10},{"damage":21,"enemies":"3 Byrds","floor":19,"turns":5},{"damage":37,"enemies":"Cultist and Chosen","floor":21,"turns":10},{"damage":11,"enemies":"Snake Plant","floor":22,"turns":6},{"damage":6,"enemies":"3 Cultists","floor":24,"turns":4},{"damage":40,"enemies":"Book of Stabbing","floor":27,"turns":7}],"seed_played":"-8181929493819530852","potions_obtained":[{"floor":3,"key":"Energy Potion"},{"floor":4,"key":"FocusPotion"},{"floor":6,"key":"Regen Potion"},{"floor":22,"key":"SmokeBomb"}],"is_trial":false,"path_per_floor":["M","$","M","M","M","E","$","R","T","E","R","E","?","M","R","B",null,"M","M","?","M","M","R","M","$","T","E"],"character_chosen":"DEFECT","items_purchased":["DataDisk","Self Repair","Coolheaded","Ball Lightning+1","Defragment"],"campfire_rested":4,"item_purchase_floors":[2,7,7,25,25],"current_hp_per_floor":[75,75,73,72,52,32,32,54,54,25,47,34,34,23,43,45,69,69,55,55,25,21,41,35,35,35,0],"gold":138,"neow_bonus":"HUNDRED_GOLD","is_prod":false,"is_daily":false,"chose_seed":false,"campfire_upgraded":0,"win_rate":0,"timestamp":1563830618,"path_taken":["M","$","M","M","M","E","$","R","T","E","R","E","?","M","R","BOSS","M","M","?","?","M","R","M","$","T","E"],"build_version":"2019-07-10","purchased_purges":1,"victory":false,"max_hp_per_floor":[75,75,75,75,75,75,75,75,75,75,75,75,69,69,69,69,69,69,69,69,69,69,69,69,69,69,69],"card_choices":[{"not_picked":["Gash","Compile Driver"],"picked":"Turbo","floor":1},{"not_picked":["Blizzard","Barrage"],"picked":"Static Discharge","floor":3},{"not_picked":["Streamline","Consume","Stack"],"picked":"SKIP","floor":4},{"not_picked":["Blizzard","Streamline","Compile Driver"],"picked":"SKIP","floor":5},{"not_picked":["Darkness","Turbo"],"picked":"Defragment","floor":6},{"not_picked":["Streamline+1","Rebound+1"],"picked":"Leap","floor":10},{"not_picked":["Coolheaded","Turbo"],"picked":"Redo","floor":12},{"not_picked":["Fusion","Hello World"],"picked":"Leap","floor":14},{"not_picked":["Meteor Strike+1","Multi-Cast"],"picked":"Fission","floor":16},{"not_picked":["Skim","Turbo"],"picked":"Streamline+1","floor":18},{"not_picked":["Rip and Tear+1","Cold Snap+1"],"picked":"Loop","floor":19},{"not_picked":["Aggregate","Go for the Eyes+1"],"picked":"Glacier","floor":21},{"not_picked":["Gash+1","Doom and Gloom+1","Reprogram"],"picked":"SKIP","floor":22}],"player_experience":750659,"relics_obtained":[{"floor":6,"key":"Whetstone"},{"floor":9,"key":"Molten Egg 2"},{"floor":10,"key":"Gremlin Horn"},{"floor":12,"key":"Oddly Smooth Stone"},{"floor":26,"key":"Potion Belt"}],"event_choices":[{"damage_healed":0,"gold_gain":0,"player_choice":"Lose Max HP","damage_taken":0,"relics_obtained":["Golden Idol"],"max_hp_gain":0,"max_hp_loss":6,"event_name":"Golden Idol","floor":13,"gold_loss":0},{"damage_healed":0,"gold_gain":0,"player_choice":"Upgraded Two","damage_taken":0,"max_hp_gain":0,"max_hp_loss":0,"event_name":"Designer","floor":20,"gold_loss":40,"cards_upgraded":["Redo","Turbo"]}],"is_beta":true,"boss_relics":[{"not_picked":["Runic Dome","Snecko Eye"],"picked":"FrozenCore"}],"items_purged_floors":[25],"is_endless":false,"potions_floor_spawned":[3,4,6,22],"killed_by":"Book of Stabbing","ascension_level":3}