{"gold_per_floor":[111,123,31,45,64,64,77,77,125,125,125,138,138,138,138,234,234,234,262,262,28,48,61,77,77,77,88,122,122],"floor_reached":29,"playtime":1335,"items_purged":["Pain"],"score":237,"play_id":"7fc263dc-1774-474b-af1f-a5eb77552d0e","local_time":"20190111175136","is_ascension_mode":false,"campfire_choices":[{"data":"Venomology","floor":6,"key":"SMITH"},{"data":"A Thousand Cuts","floor":8,"key":"SMITH"},{"data":"Neutralize","floor":10,"key":"SMITH"},{"data":"Calculated Gamble","floor":15,"key":"SMITH"},{"floor":25,"key":"REST"}],"neow_cost":"PERCENT_DAMAGE","seed_source_timestamp":138428980100439,"circlet_count":0,"master_deck":["Defend_G","Defend_G","Defend_G","Defend_G","Defend_G","Strike_G","Strike_G","Strike_G","Strike_G","Strike_G","Survivor","Neutralize+1","Venomology+1","Calculated Gamble+1","Dodge and Roll","Noxious Fumes","Outmaneuver","Sucker Punch","A Thousand Cuts+1","Tactician","Adrenaline","Caltrops+1","Well Laid Plans","Blade Dance","Backstab","Blade Dance","Backflip","Outmaneuver+1","Decay","Backstab+1","Accuracy"],"relics":["Ring of the Snake","Oddly Smooth Stone","WarpedTongs","Cursed Key","Red Mask","Snake Skull","Blue Candle"],"potions_floor_usage":[5,7,12,12,16,18,19,19,23,23,27,27,28,28,29],"damage_taken":[{"damage":4,"enemies":"Jaw Worm","floor":1,"turns":5},{"damage":0,"enemies":"Cultist","floor":2,"turns":5},{"damage":0,"enemies":"2 Louse","floor":4,"turns":3},{"damage":4,"enemies":"Red Slaver","floor":5,"turns":4},{"damage":0,"enemies":"Blue Slaver","floor":7,"turns":5},{"damage":0,"enemies":"3 Louse","floor":12,"turns":3},{"damage":45,"enemies":"The Guardian","floor":16,"turns":12},{"damage":0,"enemies":"3 Byrds","floor":18,"turns":1},{"damage":31,"enemies":"Masked Bandits","floor":19,"turns":6},{"damage":1,"enemies":"Chosen","floor":22,"turns":4},{"damage":2,"enemies":"Centurion and Healer","floor":23,"turns":6},{"damage":11,"enemies":"Snake Plant","floor":24,"turns":4},{"damage":3,"enemies":"3 Cultists","floor":27,"turns":4},{"damage":16,"enemies":"Book of Stabbing","floor":28,"turns":6},{"damage":35,"enemies":"Cultist and Chosen","floor":29,"turns":6}],"seed_played":"-6702124082929507976","potions_obtained":[{"floor":7,"key":"Block Potion"},{"floor":12,"key":"Ancient Potion"},{"floor":22,"key":"GamblersBrew"}],"is_trial":false,"path_per_floor":["M","M","$","M","M","R","M","R","T","R","?","M","T","?","R","B",null,"M","?","?","$","M","M","M","R","T","M","E","M"],"character_chosen":"THE_SILENT","items_purchased":["Noxious Fumes","Outmaneuver","Well Laid Plans","Blade Dance","Backstab"],"campfire_rested":1,"item_purchase_floors":[3,3,21,21,21],"current_hp_per_floor":[45,45,45,45,41,41,41,41,41,41,46,46,46,46,46,1,70,70,39,39,39,38,36,25,46,46,43,27,0],"gold":122,"neow_bonus":"THREE_RARE_CARDS","is_prod":false,"is_daily":false,"chose_seed":false,"campfire_upgraded":4,"win_rate":0,"timestamp":1547216496,"path_taken":["M","M","$","M","M","R","M","R","T","R","?","?","?","?","R","BOSS","M","?","?","$","M","M","M","R","T","M","E","M"],"build_version":"2019-01-09","purchased_purges":1,"victory":false,"max_hp_per_floor":[70,70,70,70,70,70,70,70,70,70,70,70,70,70,70,70,70,70,70,70,70,70,70,70,70,70,70,70,70],"card_choices":[{"not_picked":["Doppelganger","Wraith Form v2"],"picked":"Venomology","floor":0},{"not_picked":["Slice","All Out Attack"],"picked":"Calculated Gamble","floor":1},{"not_picked":["Eviscerate","Bane"],"picked":"Dodge and Roll","floor":2},{"not_picked":["Dagger Throw","Flechettes"],"picked":"Sucker Punch","floor":4},{"not_picked":["Bane","Skewer"],"picked":"Poisoned Stab","floor":5},{"not_picked":["Masterful Stab","Flying Knee"],"picked":"A Thousand Cuts","floor":7},{"not_picked":["Acrobatics","Sucker Punch"],"picked":"Tactician","floor":12},{"not_picked":["Venomology","Tools of the Trade"],"picked":"Adrenaline","floor":16},{"not_picked":["Dodge and Roll","Masterful Stab"],"picked":"Caltrops+1","floor":19},{"not_picked":["Masterful Stab","Concentrate"],"picked":"Blade Dance","floor":22},{"not_picked":["Blade Dance","Heel Hook"],"picked":"Backflip","floor":23},{"not_picked":["Underhanded Strike","Poisoned Stab"],"picked":"Outmaneuver+1","floor":24},{"not_picked":["Tactician","Sucker Punch"],"picked":"Backstab+1","floor":27},{"not_picked":["Terror+1","Deflect"],"picked":"Accuracy","floor":28}],"player_experience":357083,"relics_obtained":[{"floor":9,"key":"Oddly Smooth Stone"},{"floor":19,"key":"Red Mask"},{"floor":26,"key":"Snake Skull"},{"floor":28,"key":"Blue Candle"}],"event_choices":[{"cards_removed":["Poisoned Stab"],"damage_healed":5,"gold_gain":0,"player_choice":"Offered Common","damage_taken":0,"max_hp_gain":0,"max_hp_loss":0,"event_name":"Bonfire Elementals","floor":11,"gold_loss":0},{"cards_removed":["Poisoned Stab"],"damage_healed":5,"gold_gain":0,"player_choice":"Offered Special","damage_taken":0,"max_hp_gain":0,"max_hp_loss":0,"event_name":"Bonfire Elementals","floor":11,"gold_loss":0},{"damage_healed":0,"gold_gain":0,"player_choice":"Rummage","damage_taken":0,"relics_obtained":["WarpedTongs"],"max_hp_gain":0,"max_hp_loss":0,"event_name":"Accursed Blacksmith","floor":14,"gold_loss":0,"cards_obtained":["Pain"]},{"damage_healed":0,"gold_gain":0,"player_choice":"Fought Bandits","damage_taken":0,"max_hp_gain":0,"max_hp_loss":0,"event_name":"Masked Bandits","floor":19,"gold_loss":0},{"damage_healed":0,"gold_gain":0,"player_choice":"Ignored","damage_taken":0,"max_hp_gain":0,"max_hp_loss":0,"event_name":"Ghosts","floor":20,"gold_loss":0}],"is_beta":true,"boss_relics":[{"not_picked":["Pandora\u0027s Box","Orrery"],"picked":"Cursed Key"}],"items_purged_floors":[21],"is_endless":false,"potions_floor_spawned":[5,7,12,22],"killed_by":"Cultist and Chosen","ascension_level":0}