{"gold_per_floor":[366,380,390,158,158,158,158,192,192,212,232,232,248,423,423,423],"floor_reached":16,"playtime":447,"items_purged":["Bash"],"score":106,"play_id":"74dc48a1-1e4c-432a-adb1-1d3270d62b5f","local_time":"20181229183148","is_ascension_mode":true,"campfire_choices":[{"data":"Barricade","floor":6,"key":"SMITH"},{"data":"Pommel Strike","floor":12,"key":"SMITH"},{"data":"Havoc","floor":15,"key":"SMITH"}],"neow_cost":"TEN_PERCENT_HP_LOSS","seed_source_timestamp":5046558083735,"circlet_count":0,"master_deck":["Strike_R","Strike_R","Strike_R","Strike_R","Strike_R","Defend_R","Defend_R","Defend_R","Defend_R","Headbutt","Anger","Barricade+1","Pommel Strike+1","Cleave","Anger","Havoc+1","Doubt"],"relics":["Burning Blood","Frozen Egg 2","Spirit Poop","Vajra","Gremlin Horn"],"potions_floor_usage":[16,16],"damage_taken":[{"damage":10,"enemies":"Jaw Worm","floor":1,"turns":5},{"damage":1,"enemies":"Cultist","floor":2,"turns":3},{"damage":7,"enemies":"Small Slimes","floor":3,"turns":3},{"damage":27,"enemies":"Gremlin Nob","floor":8,"turns":4},{"damage":1,"enemies":"3 Louse","floor":10,"turns":2},{"damage":1,"enemies":"2 Fungi Beasts","floor":11,"turns":2},{"damage":10,"enemies":"Large Slime","floor":13,"turns":4},{"damage":59,"enemies":"The Guardian","floor":16,"turns":12}],"seed_played":"8585742691107193100","potions_obtained":[{"floor":3,"key":"Ancient Potion"},{"floor":10,"key":"Fire Potion"},{"floor":13,"key":"Weak Potion"}],"is_trial":false,"path_per_floor":["M","M","M","$","?","R","?","E","T","M","M","R","M","?","R","B"],"character_chosen":"IRONCLAD","items_purchased":["Barricade"],"campfire_rested":0,"item_purchase_floors":[4],"current_hp_per_floor":[68,72,71,71,71,71,71,50,50,55,60,60,56,56,56,0],"gold":423,"neow_bonus":"TWO_FIFTY_GOLD","is_prod":false,"is_daily":false,"chose_seed":false,"campfire_upgraded":3,"win_rate":0,"timestamp":1546095708,"path_taken":["M","M","M","$","?","R","?","E","T","M","M","R","?","?","R","BOSS"],"build_version":"2018-12-25","purchased_purges":1,"victory":false,"max_hp_per_floor":[72,72,72,72,72,72,72,72,72,72,72,72,72,72,72,72],"card_choices":[{"not_picked":["Body Slam","Rage"],"picked":"Headbutt","floor":1},{"not_picked":["Twin Strike","Combust","Sword Boomerang"],"picked":"SKIP","floor":2},{"not_picked":["Flex","Hemokinesis"],"picked":"Anger","floor":3},{"not_picked":["Clothesline","Burning Pact"],"picked":"Pommel Strike","floor":8},{"not_picked":["Flex","Hemokinesis"],"picked":"Cleave","floor":10},{"not_picked":["Sword Boomerang","Clash"],"picked":"Anger","floor":11},{"not_picked":["Sentinel","Bloodletting"],"picked":"Havoc","floor":13}],"player_experience":264196,"relics_obtained":[{"floor":8,"key":"Vajra"},{"floor":9,"key":"Gremlin Horn"}],"event_choices":[{"damage_healed":0,"gold_gain":0,"player_choice":"Box","damage_taken":0,"relics_obtained":["Frozen Egg 2"],"max_hp_gain":0,"max_hp_loss":0,"event_name":"Big Fish","floor":5,"gold_loss":0,"cards_obtained":["Regret"]},{"cards_removed":["Regret"],"damage_healed":0,"gold_gain":0,"player_choice":"Offered Curse","damage_taken":0,"relics_obtained":["Spirit Poop"],"max_hp_gain":0,"max_hp_loss":0,"event_name":"Bonfire Elementals","floor":7,"gold_loss":0},{"damage_healed":0,"gold_gain":175,"player_choice":"AGREE","damage_taken":0,"max_hp_gain":0,"max_hp_loss":0,"event_name":"Liars Game","floor":14,"gold_loss":0,"cards_obtained":["Doubt"]}],"is_beta":true,"boss_relics":[],"items_purged_floors":[4],"is_endless":false,"potions_floor_spawned":[3,10,13],"killed_by":"The Guardian","ascension_level":1}