{"path_per_floor":["M","?","$","M","M","M","M","?","T","M","?","R","M","?","R","B",null,"M","M","?","$","M","R","M","R","T","M","R","$"],"character_chosen":"THE_SILENT","items_purchased":["Caltrops","Backflip","Bandage Up"],"gold_per_floor":[117,117,27,42,59,78,97,118,118,134,134,134,149,149,149,244,244,255,240,155,80,90,90,105,105,105,125,125,19],"floor_reached":30,"campfire_rested":5,"playtime":2112,"current_hp_per_floor":[67,72,72,72,70,63,56,27,27,14,14,36,31,16,38,9,75,69,47,47,47,23,45,37,59,59,29,51,51],"items_purged":["Strike_G"],"gold":19,"play_id":"88a2f615-07f8-4b0a-926a-41f445f603b2","is_prod":false,"is_daily":false,"campfire_rituals":0,"campfire_upgraded":0,"is_hardmode":false,"path_taken":["M","?","$","M","M","M","?","?","T","M","?","R","M","?","R","BOSS","M","M","?","$","M","R","?","R","T","M","R","?","E"],"build_version":"2018-01-18-PROD4","purchased_purges":1,"victory":false,"master_deck":["Defend_G","Defend_G","Defend_G","Defend_G","Defend_G","Strike_G","Strike_G","Strike_G","Strike_G","Survivor","Neutralize","Poisoned Stab","Caltrops","Backflip","Envenom","Backflip","Bane","Poisoned Stab","Backstab","Bane","Unload","Blade Dance","Deflect","Deflect","Backflip","Deadly Poison","Bandage Up"],"max_hp_per_floor":[70,75,75,75,75,75,75,75,75,75,75,75,75,75,75,75,75,75,75,75,75,75,75,75,75,75,75,75,75],"relics":["Ring of the Snake","Odd Mushroom","Darkstone Periapt","Question Card","Unceasing Top","Dodecahedron"],"campfire_meditates":0,"card_choices":[{"not_picked":["Prepared","Bane"],"picked":"Poisoned Stab"},{"not_picked":["Slice","Prepared"],"picked":"Envenom"},{"not_picked":["Deadly Poison","Flying Knee"],"picked":"Backflip"},{"not_picked":["Quick Slash","Escape Plan"],"picked":"Bane"},{"not_picked":["Dagger Throw","Eviscerate"],"picked":"Poisoned Stab"},{"not_picked":["Dagger Spray","Slice"],"picked":"Backstab"},{"not_picked":["Terror","Dash"],"picked":"Bane"},{"not_picked":["Phantasmal Killer","Burst"],"picked":"Unload"},{"not_picked":["Distraction","Flechettes","Dash"],"picked":"Blade Dance"},{"not_picked":["Predator","Dodge and Roll","Masterful Stab"],"picked":"Deflect"},{"not_picked":["Flying Knee","Bane","Dagger Spray"],"picked":"Deflect"},{"not_picked":["Flechettes","Blur","Calculated Gamble"],"picked":"Backflip"},{"not_picked":["Sucker Punch","A Thousand Cuts","Prepared"],"picked":"Deadly Poison"}],"player_experience":21651,"potions_floor_usage":[8,10,16,19,22,22,24],"damage_taken":[{"damage":3,"enemies":"Cultist","floor":1,"turns":6},{"damage":0,"enemies":"Jaw Worm","floor":4,"turns":4},{"damage":2,"enemies":"Blue Slaver","floor":5,"turns":6},{"damage":7,"enemies":"3 Louse","floor":6,"turns":4},{"damage":7,"enemies":"Looter","floor":7,"turns":3},{"damage":29,"enemies":"The Mushroom Lair","floor":8,"turns":5},{"damage":13,"enemies":"Large Slime","floor":10,"turns":5},{"damage":5,"enemies":"Exordium Wildlife","floor":13,"turns":5},{"damage":29,"enemies":"Hexaghost","floor":16,"turns":9},{"damage":6,"enemies":"Chosen","floor":18,"turns":6},{"damage":22,"enemies":"2 Thieves","floor":19,"turns":4},{"damage":24,"enemies":"3 Cultists","floor":22,"turns":5},{"damage":8,"enemies":"Chosen and Byrds","floor":24,"turns":8},{"damage":30,"enemies":"Centurion and Healer","floor":27,"turns":7},{"damage":65,"enemies":"Slavers","floor":30,"turns":6}],"event_choices":[{"event_name":"Big Fish","player_choice":"Donut","floor":2,"damage_taken":0},{"event_name":"Mushrooms","player_choice":"Fought Mushrooms","floor":8,"damage_taken":0},{"event_name":"Golden Idol","player_choice":"Ignored","floor":11,"damage_taken":0},{"event_name":"Shining Light","player_choice":"Entered Light","floor":14,"damage_taken":0},{"event_name":"Addict","player_choice":"Obtained Relic","floor":20,"damage_taken":0}],"boss_relics":[{"not_picked":["Eternal Feather","Black Star"],"picked":"Question Card"}],"potions_floor_spawned":[7,8,10,13,18,19,22],"seed_played":"8178245512793699716","killed_by":"Slavers","is_trial":false}