{"gold_per_floor":[117,134,144,2,2,2,36,10,33,43,43,58,72,90,90,186,186,203,221,18,32,48,48,48],"floor_reached":24,"playtime":1006,"items_purged":["Pain","After Image+1"],"score":212,"play_id":"552b7ed8-e85a-49a1-90e7-67f180968ed4","local_time":"20181112223534","is_ascension_mode":true,"campfire_choices":[{"data":"After Image","floor":6,"key":"SMITH"},{"data":"Noxious Fumes","floor":11,"key":"SMITH"},{"floor":15,"key":"REST"},{"data":"Envenom","floor":23,"key":"SMITH"}],"neow_cost":"CURSE","seed_source_timestamp":432828570074,"circlet_count":0,"master_deck":["Defend_G","Defend_G","Defend_G","Defend_G","Defend_G","Strike_G","Strike_G","Strike_G","Strike_G","Strike_G","Survivor","Neutralize","Flying Knee","Corpse Explosion","Choke","Noxious Fumes+1","Neutralize","Escape Plan","Outmaneuver","Slice","Footwork","Well Laid Plans","Acrobatics","Envenom+1","Crippling Poison","Deadly Poison","Caltrops","Prepared","Poisoned Stab","Deadly Poison"],"relics":["Ring of the Snake","Bag of Marbles","Orichalcum","WristBlade"],"potions_floor_usage":[12,18,22,24,24],"damage_taken":[{"damage":11,"enemies":"2 Louse","floor":1,"turns":4},{"damage":7,"enemies":"Cultist","floor":2,"turns":5},{"damage":15,"enemies":"Jaw Worm","floor":3,"turns":7},{"damage":15,"enemies":"3 Sentries","floor":7,"turns":4},{"damage":3,"enemies":"Red Slaver","floor":10,"turns":2},{"damage":8,"enemies":"Looter","floor":12,"turns":3},{"damage":3,"enemies":"Blue Slaver","floor":13,"turns":2},{"damage":3,"enemies":"Exordium Wildlife","floor":14,"turns":3},{"damage":21,"enemies":"Hexaghost","floor":16,"turns":10},{"damage":4,"enemies":"3 Byrds","floor":18,"turns":3},{"damage":10,"enemies":"Spheric Guardian","floor":19,"turns":5},{"damage":19,"enemies":"Snake Plant","floor":21,"turns":4},{"damage":3,"enemies":"Snecko","floor":22,"turns":5},{"damage":35,"enemies":"3 Cultists","floor":24,"turns":4}],"seed_played":"3901097226618014843","potions_obtained":[{"floor":3,"key":"SmokeBomb"},{"floor":7,"key":"SneckoOil"},{"floor":10,"key":"Swift Potion"},{"floor":12,"key":"Fire Potion"},{"floor":13,"key":"Ancient Potion"},{"floor":19,"key":"PowerPotion"},{"floor":22,"key":"SpeedPotion"}],"is_trial":false,"path_per_floor":["M","M","M","$","?","R","E","$","T","M","R","M","M","M","R","B",null,"M","M","$","M","M","R","M"],"character_chosen":"THE_SILENT","items_purchased":["Noxious Fumes","Outmaneuver","Caltrops","Prepared"],"campfire_rested":1,"item_purchase_floors":[4,8,20,20],"current_hp_per_floor":[59,52,37,37,37,37,22,22,22,19,19,11,8,5,26,5,70,66,56,56,37,34,34,0],"gold":48,"neow_bonus":"THREE_RARE_CARDS","is_prod":false,"is_daily":false,"chose_seed":false,"campfire_upgraded":3,"win_rate":0,"timestamp":1542049534,"path_taken":["M","M","M","$","?","R","E","$","T","?","R","M","M","M","R","BOSS","M","M","$","M","M","R","M"],"build_version":"2018-11-08","purchased_purges":2,"victory":false,"max_hp_per_floor":[70,70,70,70,70,70,70,70,70,70,70,70,70,70,70,70,70,70,70,70,70,70,70,70],"card_choices":[{"not_picked":["Phantasmal Killer","Envenom"],"picked":"After Image","floor":0},{"not_picked":["Dagger Spray","PiercingWail"],"picked":"Flying Knee","floor":1},{"not_picked":["PiercingWail","Reflex"],"picked":"Corpse Explosion","floor":2},{"not_picked":["PiercingWail","Cloak And Dagger"],"picked":"Choke","floor":3},{"not_picked":["Masterful Stab","Tactician"],"picked":"Escape Plan","floor":7},{"not_picked":["Finisher","Acrobatics"],"picked":"Slice","floor":10},{"not_picked":["Prepared","Acrobatics"],"picked":"Footwork","floor":12},{"not_picked":["Quick Slash","Endless Agony"],"picked":"Well Laid Plans","floor":13},{"not_picked":["Burst","Dodge and Roll"],"picked":"Acrobatics","floor":14},{"not_picked":["Grand Finale","Storm of Steel"],"picked":"Envenom","floor":16},{"not_picked":["Concentrate+1","Backstab"],"picked":"Crippling Poison","floor":18},{"not_picked":["Expertise+1","Bouncing Flask"],"picked":"Deadly Poison","floor":19},{"not_picked":["Tactician","Eviscerate"],"picked":"Poisoned Stab","floor":21},{"not_picked":["Dagger Spray","Concentrate"],"picked":"Deadly Poison","floor":22}],"player_experience":149887,"relics_obtained":[{"floor":7,"key":"Bag of Marbles"},{"floor":9,"key":"Orichalcum"}],"event_choices":[{"damage_healed":0,"gold_gain":0,"player_choice":"1 cards matched","damage_taken":0,"max_hp_gain":0,"max_hp_loss":0,"event_name":"Match and Keep!","floor":5,"gold_loss":0,"cards_obtained":["Neutralize"]}],"is_beta":true,"boss_relics":[{"not_picked":["Tiny House","Coffee Dripper"],"picked":"WristBlade"}],"items_purged_floors":[4,20],"is_endless":false,"potions_floor_spawned":[3,7,10,12,13,19,22],"killed_by":"3 Cultists","ascension_level":1}