{"gold_per_floor":[119,119,139,58,58,91,107,107,137,137,137,152,152,173,173,299,299,318,318,334,113,113,157,157,157,231,231,269,290,304,15,15,140,140,154,126,150,168,168,168,189,189,236,236,236,255,286,311,311,311],"floor_reached":51,"playtime":1915,"items_purged":[],"score":815,"play_id":"11dcc7bd-941d-458c-a799-3d15cd5235ee","local_time":"20190714065715","is_ascension_mode":false,"campfire_choices":[{"floor":8.0,"key":"REST"},{"data":"Noxious Fumes","floor":11.0,"key":"SMITH"},{"data":"Bouncing Flask","floor":15.0,"key":"SMITH"},{"data":"Catalyst","floor":24.0,"key":"SMITH"},{"floor":27.0,"key":"REST"},{"data":"Noxious Fumes","floor":32.0,"key":"SMITH"},{"data":"Calculated Gamble","floor":40.0,"key":"SMITH"},{"floor":45.0,"key":"REST"},{"floor":49,"key":"REST"}],"neow_cost":"TEN_PERCENT_HP_LOSS","seed_source_timestamp":106549276764100,"circlet_count":0,"master_deck":["Defend_G","Survivor","Neutralize","Acrobatics","Flying Knee","Prepared","Backflip","Noxious Fumes+1","Bouncing Flask+1","Noxious Fumes+1","Footwork+1","Catalyst+1","Underhanded Strike","Burst+1","Catalyst+1","Catalyst+1","Tools of the Trade","Concentrate+1","Malaise+1","Escape Plan+1","Footwork+1","Calculated Gamble+1","Dodge and Roll","Madness","Madness","Escape Plan+1","Acrobatics+1","Leg Sweep+1","Bouncing Flask+1"],"special_seed":0,"relics":["Ring of the Snake","Golden Idol","Singing Bowl","Tiny Chest","Sozu","Anchor","The Courier","Darkstone Periapt","Lantern","Snake Skull","DollysMirror","Astrolabe","Art of War","Sundial","Bottled Lightning"],"potions_floor_usage":[],"damage_taken":[{"damage":0.0,"enemies":"Small Slimes","floor":1.0,"turns":3.0},{"damage":1.0,"enemies":"Cultist","floor":3.0,"turns":4.0},{"damage":35.0,"enemies":"Gremlin Nob","floor":6.0,"turns":6.0},{"damage":0.0,"enemies":"Jaw Worm","floor":7.0,"turns":4.0},{"damage":5.0,"enemies":"2 Fungi Beasts","floor":12.0,"turns":4.0},{"damage":0.0,"enemies":"Blue Slaver","floor":14.0,"turns":5.0},{"damage":12.0,"enemies":"Hexaghost","floor":16.0,"turns":7.0},{"damage":10.0,"enemies":"Chosen","floor":18.0,"turns":5.0},{"damage":8.0,"enemies":"Shell Parasite","floor":20.0,"turns":4.0},{"damage":20.0,"enemies":"Book of Stabbing","floor":23.0,"turns":5.0},{"damage":1.0,"enemies":"Gremlin Leader","floor":28.0,"turns":4.0},{"damage":0.0,"enemies":"Centurion and Healer","floor":29.0,"turns":5.0},{"damage":4.0,"enemies":"Chosen and Byrds","floor":30.0,"turns":5.0},{"damage":0.0,"enemies":"Collector","floor":33.0,"turns":2.0},{"damage":0.0,"enemies":"Orb Walker","floor":35.0,"turns":1.0},{"damage":0.0,"enemies":"3 Shapes","floor":37.0,"turns":3.0},{"damage":14.0,"enemies":"Jaw Worm Horde","floor":38.0,"turns":3.0},{"damage":19.0,"enemies":"Sphere and 2 Shapes","floor":41.0,"turns":3.0},{"damage":0.0,"enemies":"4 Shapes","floor":46.0,"turns":4.0},{"damage":23.0,"enemies":"Reptomancer","floor":47.0,"turns":6.0},{"damage":0,"enemies":"3 Darklings","floor":48,"turns":3},{"damage":24,"enemies":"Donu and Deca","floor":50,"turns":6}],"seed_played":"-9023130440217497902","potions_obtained":[{"floor":12.0,"key":"Regen Potion"},{"floor":14.0,"key":"Poison Potion"}],"is_trial":false,"path_per_floor":["M","?","M","$","?","E","M","R","T","?","R","M","$","M","R","B",null,"M","?","M","$","?","E","R","?","T","R","E","M","M","$","R","B",null,"M","$","M","M","?","R","M","?","T","T","R","M","E","M","R","B",null],"character_chosen":"THE_SILENT","items_purchased":["Noxious Fumes","Catalyst","Anchor","Snake Skull","DollysMirror","Calculated Gamble"],"campfire_rested":4,"item_purchase_floors":[4,21,21,31,31,36],"current_hp_per_floor":[63,63,62,62,47,14,16,36,36,36,36,31,31,31,31,36,69,61,61,53,53,53,33,33,33,33,54,55,57,53,53,53,53,75,75,75,77,63,53,53,34,34,34,34,57,57,34,34,57,33],"gold":311,"neow_bonus":"TRANSFORM_TWO_CARDS","is_prod":false,"is_daily":false,"chose_seed":false,"campfire_upgraded":5,"win_rate":0,"timestamp":1563058635,"path_taken":["M","?","?","?","?","E","M","R","T","?","R","M","?","M","R","BOSS","M","?","M","$","?","E","R","?","T","R","E","?","M","$","R","BOSS","M","$","M","?","?","R","M","?","T","?","R","?","E","M","R","BOSS"],"build_version":"2019-07-05","purchased_purges":0,"victory":true,"max_hp_per_floor":[63,63,63,63,63,65,67,67,67,67,67,67,67,67,67,69,69,71,71,71,71,71,71,71,71,71,71,73,75,75,75,75,75,75,75,75,77,77,77,77,77,77,77,77,77,77,77,77,77,77],"card_choices":[{"not_picked":["Dagger Spray","Finisher","Flying Knee"],"picked":"SKIP","floor":1.0},{"not_picked":["Sucker Punch","Deadly Poison"],"picked":"Backflip","floor":3.0},{"not_picked":["Doppelganger","Slice","Endless Agony"],"picked":"Singing Bowl","floor":6.0},{"not_picked":["Terror","Blade Dance","Flying Knee"],"picked":"Singing Bowl","floor":7.0},{"not_picked":["Underhanded Strike","Dagger Spray"],"picked":"Bouncing Flask","floor":12.0},{"not_picked":["Catalyst","Flying Knee"],"picked":"Noxious Fumes","floor":14.0},{"not_picked":["Tools of the Trade","Doppelganger","Phantasmal Killer"],"picked":"Singing Bowl","floor":16.0},{"not_picked":["All Out Attack+1","Poisoned Stab+1","Eviscerate"],"picked":"Singing Bowl","floor":18.0},{"not_picked":["Quick Slash","Blade Dance"],"picked":"Footwork+1","floor":20.0},{"not_picked":["Sucker Punch+1","Acrobatics"],"picked":"Burst","floor":23.0},{"not_picked":["Flying Knee","Distraction","Reflex"],"picked":"Singing Bowl","floor":28.0},{"not_picked":["Reflex","Masterful Stab+1","Dagger Throw+1"],"picked":"Singing Bowl","floor":29.0},{"not_picked":["Dagger Throw","Flying Knee"],"picked":"Catalyst+1","floor":30.0},{"not_picked":["A Thousand Cuts","Grand Finale"],"picked":"Tools of the Trade","floor":33.0},{"not_picked":["Sucker Punch","Caltrops+1"],"picked":"Footwork+1","floor":35.0},{"not_picked":["Slice","Quick Slash+1","Cloak And Dagger"],"picked":"Singing Bowl","floor":37.0},{"not_picked":["Expertise","Glass Knife"],"picked":"Dodge and Roll","floor":38.0},{"not_picked":["Cloak And Dagger+1","Prepared"],"picked":"Escape Plan+1","floor":41.0},{"not_picked":["Calculated Gamble+1","Infinite Blades"],"picked":"Acrobatics+1","floor":46.0},{"not_picked":["Caltrops+1","Accuracy"],"picked":"Leg Sweep+1","floor":47.0},{"not_picked":["Dodge and Roll","Dagger Throw+1"],"picked":"Bouncing Flask+1","floor":48}],"player_experience":765109,"relics_obtained":[{"floor":6.0,"key":"Singing Bowl"},{"floor":9.0,"key":"Tiny Chest"},{"floor":23.0,"key":"The Courier"},{"floor":26.0,"key":"Darkstone Periapt"},{"floor":28.0,"key":"Lantern"},{"floor":43.0,"key":"Art of War"},{"floor":44.0,"key":"Sundial"},{"floor":47.0,"key":"Bottled Lightning"}],"event_choices":[{"damage_healed":0.0,"max_hp_gain":0.0,"max_hp_loss":0.0,"gold_gain":0.0,"cards_transformed":["Strike_G"],"event_name":"Transmorgrifier","player_choice":"Transformed","floor":2.0,"gold_loss":0.0,"damage_taken":0.0,"cards_obtained":["Prepared"]},{"damage_healed":0.0,"max_hp_gain":0.0,"max_hp_loss":0.0,"gold_gain":0.0,"event_name":"Golden Idol","player_choice":"Take Damage","floor":5.0,"gold_loss":0.0,"damage_taken":15.0,"relics_obtained":["Golden Idol"]},{"cards_removed":["Defend_G"],"damage_healed":0.0,"max_hp_gain":0.0,"max_hp_loss":0.0,"gold_gain":0.0,"event_name":"Living Wall","player_choice":"Forget","floor":10.0,"gold_loss":0.0,"damage_taken":0.0},{"damage_healed":0.0,"max_hp_gain":0.0,"max_hp_loss":0.0,"gold_gain":0.0,"event_name":"Cursed Tome","player_choice":"Ignored","floor":19.0,"gold_loss":0.0,"damage_taken":0.0},{"damage_healed":0.0,"max_hp_gain":0.0,"max_hp_loss":0.0,"gold_gain":0.0,"cards_transformed":["Defend_G","Strike_G"],"event_name":"Drug Dealer","player_choice":"Became Test Subject","floor":22.0,"gold_loss":0.0,"damage_taken":0.0,"cards_obtained":["Underhanded Strike","Sucker Punch"]},{"damage_healed":0.0,"max_hp_gain":0.0,"max_hp_loss":0.0,"gold_gain":0.0,"event_name":"Upgrade Shrine","player_choice":"Upgraded","floor":25.0,"gold_loss":0.0,"damage_taken":0.0,"cards_upgraded":["Burst"]},{"damage_healed":0.0,"max_hp_gain":0.0,"max_hp_loss":0.0,"gold_gain":0.0,"event_name":"Winding Halls","player_choice":"Embrace Madness","floor":39.0,"gold_loss":0.0,"damage_taken":10.0,"cards_obtained":["Madness","Madness"]},{"cards_removed":["Sucker Punch"],"damage_healed":0.0,"max_hp_gain":0.0,"max_hp_loss":0.0,"gold_gain":0.0,"event_name":"Falling","player_choice":"Removed Attack","floor":42.0,"gold_loss":0.0,"damage_taken":0.0}],"is_beta":false,"boss_relics":[{"not_picked":["Runic Dome","Calling Bell"],"picked":"Sozu"},{"not_picked":["Pandora\u0027s Box","WristBlade"],"picked":"Astrolabe"}],"items_purged_floors":[],"is_endless":false,"potions_floor_spawned":[12,14,20,28,29,33,35,38],"ascension_level":0}