{"gold_per_floor":[115,290,365,365,379,379,409,67,94,94,94,107,107,7,7,7],"floor_reached":16,"playtime":298,"items_purged":["Doubt","Defend_B"],"score":139,"play_id":"0bcd3fd1-26ed-43a0-85a5-1a01b61b0631","local_time":"20190718195510","is_ascension_mode":true,"campfire_choices":[{"data":"Dualcast","floor":6,"key":"SMITH"},{"data":"Tempest","floor":11,"key":"SMITH"},{"data":"FTL","floor":13,"key":"SMITH"},{"data":"Glacier","floor":15,"key":"SMITH"}],"neow_cost":"NONE","seed_source_timestamp":2065733268284,"circlet_count":0,"master_deck":["Strike_B","Strike_B","Strike_B","Strike_B","Defend_B","Defend_B+1","Defend_B","Zap+1","Dualcast+1","Conserve Battery","Leap+1","FTL+1","Glacier+1","Tempest+1"],"relics":["Cracked Core","NeowsBlessing","Juzu Bracelet","Art of War","Lantern"],"potions_floor_usage":[],"damage_taken":[{"damage":0,"enemies":"Jaw Worm","floor":1,"turns":1},{"damage":0,"enemies":"Small Slimes","floor":5,"turns":1},{"damage":0,"enemies":"Lagavulin","floor":7,"turns":1},{"damage":0,"enemies":"2 Louse","floor":12,"turns":2},{"damage":49,"enemies":"Hexaghost","floor":16,"turns":14}],"seed_played":"-4625636192052825290","potions_obtained":[{"floor":1,"key":"Explosive Potion"},{"floor":5,"key":"Energy Potion"}],"is_trial":false,"path_per_floor":["M","?","?","?","M","R","E","$","T","?","R","M","R","$","R","B"],"character_chosen":"DEFECT","items_purchased":["Art of War","Glacier","Tempest"],"campfire_rested":0,"item_purchase_floors":[8,8,8],"current_hp_per_floor":[75,75,64,64,64,64,64,64,64,49,49,49,49,49,49,0],"gold":7,"neow_bonus":"THREE_ENEMY_KILL","is_prod":false,"is_daily":false,"chose_seed":false,"campfire_upgraded":4,"win_rate":0,"timestamp":1563467110,"path_taken":["M","?","?","?","M","R","E","?","T","?","R","M","R","$","R","BOSS"],"build_version":"2019-07-10","purchased_purges":2,"victory":false,"max_hp_per_floor":[75,75,75,75,75,75,75,75,75,75,75,75,75,75,75,75],"card_choices":[{"not_picked":["Blizzard","Stack"],"picked":"Conserve Battery","floor":1},{"not_picked":["Reinforced Body","Hologram"],"picked":"Leap","floor":5},{"not_picked":["Rebound","Heatsinks"],"picked":"FTL","floor":7},{"not_picked":["Barrage","Rebound","Sweeping Beam"],"picked":"SKIP","floor":12}],"player_experience":737810,"relics_obtained":[{"floor":7,"key":"Juzu Bracelet"},{"floor":9,"key":"Lantern"}],"event_choices":[{"damage_healed":0,"gold_gain":175,"player_choice":"AGREE","damage_taken":0,"max_hp_gain":0,"max_hp_loss":0,"event_name":"Liars Game","floor":2,"gold_loss":0,"cards_obtained":["Doubt"]},{"damage_healed":0,"gold_gain":75,"player_choice":"Gather Gold","damage_taken":11,"max_hp_gain":0,"max_hp_loss":0,"event_name":"World of Goop","floor":3,"gold_loss":0},{"damage_healed":0,"gold_gain":0,"player_choice":"Grow","damage_taken":0,"max_hp_gain":0,"max_hp_loss":0,"event_name":"Living Wall","floor":4,"gold_loss":0,"cards_upgraded":["Zap"]},{"damage_healed":0,"gold_gain":0,"player_choice":"Entered Light","damage_taken":15,"max_hp_gain":0,"max_hp_loss":0,"event_name":"Shining Light","floor":10,"gold_loss":0,"cards_upgraded":["Defend_B","Leap"]}],"is_beta":true,"boss_relics":[],"items_purged_floors":[8,14],"is_endless":false,"potions_floor_spawned":[1,5],"killed_by":"Hexaghost","ascension_level":3}