{"gold_per_floor":[112,123,48,66,84,84,114,114,114,133,133,147,147,47,47,145,145,131,146,162,175,175,175,191,191,191,191],"floor_reached":27,"playtime":933,"items_purged":["Strike_R","Strike_R"],"score":219,"play_id":"dd328355-53e4-4d08-880e-d5ba7c6017d0","local_time":"20190502190815","is_ascension_mode":false,"campfire_choices":[{"data":"Disarm","floor":6,"key":"SMITH"},{"data":"Armaments","floor":8,"key":"SMITH"},{"data":"Disarm","floor":11,"key":"SMITH"},{"data":"Spot Weakness","floor":15,"key":"SMITH"},{"data":"Clothesline","floor":23,"key":"SMITH"},{"data":"Headbutt","floor":25,"key":"SMITH"}],"neow_cost":"NONE","seed_source_timestamp":95675244772,"circlet_count":0,"master_deck":["Strike_R","Strike_R","Strike_R","Defend_R","Defend_R+1","Defend_R+1","Defend_R","Bash+1","Spot Weakness+1","Headbutt+1","Disarm+1","Armaments+1","Disarm+1","Clothesline+1","Barricade+1","Heavy Blade+1"],"special_seed":0,"relics":["Burning Blood","Meat on the Bone","Blue Candle","Frozen Egg 2","Philosopher\u0027s Stone","War Paint"],"potions_floor_usage":[7,12,21,21,22],"damage_taken":[{"damage":1.0,"enemies":"Cultist","floor":1.0,"turns":3.0},{"damage":0.0,"enemies":"2 Louse","floor":2.0,"turns":1.0},{"damage":3.0,"enemies":"Small Slimes","floor":4.0,"turns":4.0},{"damage":48,"enemies":"Gremlin Gang","floor":5,"turns":6},{"damage":16,"enemies":"Gremlin Nob","floor":7,"turns":4},{"damage":3,"enemies":"3 Louse","floor":10,"turns":4},{"damage":1,"enemies":"Red Slaver","floor":12,"turns":5},{"damage":12,"enemies":"Hexaghost","floor":16,"turns":12},{"damage":17,"enemies":"2 Thieves","floor":18,"turns":4},{"damage":3,"enemies":"Chosen","floor":19,"turns":5},{"damage":9,"enemies":"Snake Plant","floor":20,"turns":4},{"damage":0,"enemies":"Snecko","floor":21,"turns":6},{"damage":0,"enemies":"Shelled Parasite and Fungi","floor":22,"turns":1},{"damage":34,"enemies":"Snake Plant","floor":24,"turns":4},{"damage":52,"enemies":"Sentry and Sphere","floor":27,"turns":5}],"seed_played":"-479171299221161097","potions_obtained":[{"floor":1.0,"key":"Fire Potion"},{"floor":5,"key":"SpeedPotion"},{"floor":7,"key":"EssenceOfSteel"},{"floor":16,"key":"LiquidBronze"},{"floor":20,"key":"FearPotion"},{"floor":21,"key":"SmokeBomb"}],"is_trial":false,"path_per_floor":["M","M","$","M","M","R","E","R","T","M","R","M","T","$","R","B",null,"M","M","M","M","M","R","M","R","T","M"],"character_chosen":"IRONCLAD","items_purchased":[],"campfire_rested":0,"item_purchase_floors":[],"current_hp_per_floor":[80,80,80,80,38,38,28,28,28,43,43,48,48,48,48,54,80,69,72,69,75,80,80,52,52,52,0],"gold":191,"neow_bonus":"UPGRADE_CARD","is_prod":false,"is_daily":false,"chose_seed":false,"campfire_upgraded":6,"win_rate":0,"timestamp":1556811495,"path_taken":["M","M","$","M","M","R","E","R","T","M","R","M","?","$","R","BOSS","M","M","M","M","M","R","M","R","T","?"],"build_version":"2019-04-21","purchased_purges":2,"victory":false,"max_hp_per_floor":[80,80,80,80,80,80,80,80,80,80,80,80,80,80,80,80,80,80,80,80,80,80,80,80,80,80,80],"card_choices":[{"not_picked":["Wild Strike","Entrench","Sword Boomerang"],"picked":"SKIP","floor":1.0},{"not_picked":["Perfected Strike","Anger"],"picked":"Spot Weakness","floor":2.0},{"not_picked":["Sword Boomerang","Armaments"],"picked":"Headbutt","floor":4.0},{"not_picked":["Havoc","Perfected Strike"],"picked":"Disarm","floor":5},{"not_picked":["Flex","Searing Blow"],"picked":"Armaments","floor":7},{"not_picked":["Anger","Clash"],"picked":"Disarm","floor":10},{"not_picked":["Blood for Blood","Clash"],"picked":"Clothesline","floor":12},{"not_picked":["Bludgeon","Feed"],"picked":"Barricade+1","floor":16},{"not_picked":["Anger","Perfected Strike","Clash"],"picked":"SKIP","floor":18},{"not_picked":["Warcry","Blood for Blood"],"picked":"Heavy Blade+1","floor":19},{"not_picked":["Armaments","Wild Strike","Sword Boomerang"],"picked":"SKIP","floor":20},{"not_picked":["Thunderclap","Corruption+1","Armaments+1"],"picked":"SKIP","floor":21},{"not_picked":["Burning Pact","Carnage","Clothesline"],"picked":"SKIP","floor":24}],"player_experience":674139,"relics_obtained":[{"floor":7,"key":"Meat on the Bone"},{"floor":9,"key":"Blue Candle"},{"floor":13,"key":"Frozen Egg 2"},{"floor":26,"key":"War Paint"}],"event_choices":[],"is_beta":true,"boss_relics":[{"not_picked":["Runic Dome","Lizard Tail"],"picked":"Philosopher\u0027s Stone"}],"items_purged_floors":[3,14],"is_endless":false,"potions_floor_spawned":[1,5,7,16,20,21],"killed_by":"Sentry and Sphere","ascension_level":0}