{"gold_per_floor":[360,39,49,49,49,49,83,83,83,99,119,119,142,166,166,295,295,309,309,155,155,169,202,202,236,287,321,50,50,2,18,18,144,144,160,160,178,202,202,202,202],"floor_reached":41,"playtime":1617,"items_purged":["Strike_R","Strike_R","Strike_R"],"score":539,"play_id":"6f6297ab-079e-4193-890a-5d4244a8c48d","local_time":"20190616180135","is_ascension_mode":true,"campfire_choices":[{"floor":6.0,"key":"REST"},{"data":"Disarm","floor":8.0,"key":"SMITH"},{"floor":12.0,"key":"REST"},{"floor":15.0,"key":"REST"},{"data":"Shrug It Off","floor":24.0,"key":"SMITH"},{"floor":32.0,"key":"REST"},{"floor":40,"key":"REST"}],"neow_cost":"PERCENT_DAMAGE","seed_source_timestamp":0,"circlet_count":0,"master_deck":["Strike_R","Defend_R","Defend_R","Defend_R","Bash","Disarm+1","Apotheosis+1","Rampage","Clothesline","Body Slam","Spot Weakness","Fiend Fire","Body Slam+1","Intimidate","Shrug It Off+1","Inflame","Immolate","Whirlwind","Flame Barrier","Demon Form","Power Through","Heavy Blade","Shrug It Off","Entrench+1"],"special_seed":0,"relics":["Burning Blood","Golden Idol","PreservedInsect","Magic Flower","Mark of Pain","Mercury Hourglass","Dream Catcher","Shuriken","Red Skull","Vajra","Bronze Scales","Letter Opener","Orrery"],"potions_floor_usage":[41],"damage_taken":[{"damage":2.0,"enemies":"Jaw Worm","floor":1.0,"turns":3.0},{"damage":5.0,"enemies":"Cultist","floor":3.0,"turns":6.0},{"damage":43.0,"enemies":"Gremlin Nob","floor":7.0,"turns":5.0},{"damage":6.0,"enemies":"2 Louse","floor":10.0,"turns":3.0},{"damage":26.0,"enemies":"Lots of Slimes","floor":11.0,"turns":6.0},{"damage":11.0,"enemies":"Large Slime","floor":13.0,"turns":7.0},{"damage":7.0,"enemies":"Blue Slaver","floor":14.0,"turns":4.0},{"damage":35.0,"enemies":"The Guardian","floor":16.0,"turns":9.0},{"damage":34.0,"enemies":"Spheric Guardian","floor":18.0,"turns":5.0},{"damage":10.0,"enemies":"Shell Parasite","floor":22.0,"turns":5.0},{"damage":12.0,"enemies":"Book of Stabbing","floor":23.0,"turns":5.0},{"damage":39.0,"enemies":"Slavers","floor":25.0,"turns":4.0},{"damage":8.0,"enemies":"Book of Stabbing","floor":27.0,"turns":5.0},{"damage":0.0,"enemies":"Cultist and Chosen","floor":31.0,"turns":2.0},{"damage":50.0,"enemies":"Collector","floor":33.0,"turns":8.0},{"damage":37,"enemies":"3 Darklings","floor":35,"turns":3},{"damage":13,"enemies":"3 Shapes","floor":37,"turns":3},{"damage":28,"enemies":"Sphere and 2 Shapes","floor":38,"turns":4},{"damage":73,"enemies":"Writhing Mass","floor":41,"turns":3}],"seed_played":"-8271130334562474603","potions_obtained":[{"floor":1.0,"key":"SkillPotion"},{"floor":10.0,"key":"Swift Potion"},{"floor":11.0,"key":"FearPotion"},{"floor":18.0,"key":"Explosive Potion"},{"floor":27.0,"key":"Energy Potion"},{"floor":38,"key":"Energy Potion"}],"is_trial":false,"path_per_floor":["M","$","M","?","?","R","E","R","T","M","M","R","M","M","R","B",null,"M","?","$","T","M","E","R","E","T","E","$","T","$","M","R","B",null,"M","?","M","M","?","R","M"],"character_chosen":"IRONCLAD","items_purchased":["Disarm","Apotheosis","Shrug It Off","Bronze Scales","AttackPotion"],"campfire_rested":5,"item_purchase_floors":[2,2,20,28,30],"current_hp_per_floor":[60,60,61,41,41,65,28,28,28,31,14,38,36,38,62,36,80,55,55,55,55,54,51,51,21,21,22,22,22,22,31,55,14,80,52,52,48,29,29,53,0],"gold":202,"neow_bonus":"TWO_FIFTY_GOLD","is_prod":false,"is_daily":false,"chose_seed":false,"campfire_upgraded":2,"win_rate":0,"timestamp":1560695495,"path_taken":["M","$","M","?","?","R","E","R","T","?","M","R","M","M","R","BOSS","M","?","$","?","M","E","R","E","T","E","?","?","$","M","R","BOSS","M","?","M","?","?","R","M"],"build_version":"2019-06-11","purchased_purges":3,"victory":false,"max_hp_per_floor":[80,80,80,80,80,80,80,80,80,80,80,80,80,80,80,80,80,80,80,80,80,80,80,80,80,80,80,80,80,80,80,80,80,80,80,80,80,80,80,80,80],"card_choices":[{"not_picked":["Blood for Blood","Pummel","Perfected Strike"],"picked":"SKIP","floor":1.0},{"not_picked":["Twin Strike","Entrench","Clash"],"picked":"SKIP","floor":3.0},{"not_picked":["Flex","Sever Soul"],"picked":"Rampage","floor":7.0},{"not_picked":["Warcry","Thunderclap"],"picked":"Clothesline","floor":10.0},{"not_picked":["Hemokinesis","Heavy Blade","Warcry"],"picked":"SKIP","floor":11.0},{"not_picked":["Second Wind","Havoc"],"picked":"Body Slam","floor":13.0},{"not_picked":["Iron Wave","Berserk"],"picked":"Spot Weakness","floor":14.0},{"not_picked":["Barricade","Dark Embrace"],"picked":"Fiend Fire","floor":16.0},{"not_picked":["True Grit+1","Flex"],"picked":"Body Slam+1","floor":18.0},{"not_picked":["Armaments","Warcry","Twin Strike"],"picked":"SKIP","floor":22.0},{"not_picked":["Dark Embrace","Barricade","Clothesline"],"picked":"SKIP","floor":23.0},{"not_picked":["Perfected Strike","Flex+1"],"picked":"Inflame","floor":25.0},{"not_picked":["Iron Wave","Carnage"],"picked":"Immolate","floor":27.0},{"not_picked":["Inflame","Perfected Strike"],"picked":"Whirlwind","floor":31.0},{"not_picked":["Twin Strike","Anger"],"picked":"Flame Barrier","floor":32.0},{"not_picked":["Fiend Fire","Feed"],"picked":"Demon Form","floor":33.0},{"not_picked":["Intimidate","Whirlwind"],"picked":"Power Through","floor":34.0},{"not_picked":["Searing Blow+1","Exhume"],"picked":"Heavy Blade","floor":34.0},{"not_picked":["Body Slam","Twin Strike"],"picked":"Shrug It Off","floor":34.0},{"not_picked":["Headbutt+1","Heavy Blade","Flex+1"],"picked":"SKIP","floor":35},{"not_picked":["Flex","Headbutt+1","Body Slam+1"],"picked":"SKIP","floor":37},{"not_picked":["Twin Strike","Disarm","Perfected Strike+1"],"picked":"SKIP","floor":38},{"not_picked":["Sever Soul","Sword Boomerang+1"],"picked":"Entrench+1","floor":40}],"player_experience":703304,"relics_obtained":[{"floor":7.0,"key":"PreservedInsect"},{"floor":9.0,"key":"Magic Flower"},{"floor":21.0,"key":"Mercury Hourglass"},{"floor":23.0,"key":"Dream Catcher"},{"floor":25.0,"key":"Shuriken"},{"floor":26.0,"key":"Red Skull"},{"floor":27.0,"key":"Vajra"},{"floor":29.0,"key":"Letter Opener"}],"event_choices":[{"damage_healed":0.0,"max_hp_gain":0.0,"max_hp_loss":0.0,"gold_gain":0.0,"event_name":"Golden Idol","player_choice":"Take Damage","floor":4.0,"gold_loss":0.0,"damage_taken":20.0,"relics_obtained":["Golden Idol"]},{"damage_healed":0.0,"max_hp_gain":0.0,"max_hp_loss":0.0,"gold_gain":0.0,"event_name":"Upgrade Shrine","player_choice":"Upgraded","floor":5.0,"gold_loss":0.0,"damage_taken":0.0,"cards_upgraded":["Apotheosis"]},{"damage_healed":0.0,"max_hp_gain":0.0,"max_hp_loss":0.0,"gold_gain":0.0,"cards_transformed":["Strike_R"],"event_name":"Transmorgrifier","player_choice":"Transformed","floor":19.0,"gold_loss":0.0,"damage_taken":0.0,"cards_obtained":["Intimidate"]},{"damage_healed":0,"gold_gain":0,"player_choice":"Ignored","damage_taken":0,"max_hp_gain":0,"max_hp_loss":0,"event_name":"SecretPortal","floor":36,"gold_loss":0},{"cards_removed":["Defend_R"],"damage_healed":0,"gold_gain":0,"player_choice":"Removed Skill","damage_taken":0,"max_hp_gain":0,"max_hp_loss":0,"event_name":"Falling","floor":39,"gold_loss":0}],"is_beta":true,"boss_relics":[{"not_picked":["Eternal Feather","Tiny House"],"picked":"Mark of Pain"},{"not_picked":["Snecko Eye","Pandora\u0027s Box"],"picked":"Orrery"}],"items_purged_floors":[2,20,28],"is_endless":false,"potions_floor_spawned":[1,10,11,18,27,38],"killed_by":"Writhing Mass","ascension_level":4}