{"gold_per_floor":[119,130,2,2,16,47,47,47,96,108,270,282,334,346,358,468,480,470,268,268,292,317,348,348,124,124,139,139,175,200,90,90,180,180,196,209,233,6,0,0,39,57,106,137,29,29,29,3,3,3],"floor_reached":51,"playtime":6672,"items_purged":["Strike_G","Strike_G"],"score":1657,"play_id":"ef61c07d-28ab-4f37-aa16-e6f9dbad320a","local_time":"20190731205552","is_ascension_mode":true,"campfire_choices":[{"data":"Footwork","floor":7.0,"key":"SMITH"},{"data":"Neutralize","floor":10.0,"key":"SMITH"},{"data":"Dash","floor":12.0,"key":"SMITH"},{"data":"Doubt","floor":15.0,"key":"PURGE"},{"data":"Wraith Form v2","floor":24.0,"key":"SMITH"},{"data":"Strike_G","floor":28.0,"key":"PURGE"},{"data":"Strike_G","floor":32.0,"key":"PURGE"},{"floor":40,"key":"REST"},{"data":"Strike_G","floor":46,"key":"PURGE"},{"floor":49,"key":"REST"}],"neow_cost":"NONE","seed_source_timestamp":1863406253085089,"circlet_count":0,"master_deck":["AscendersBane","Defend_G","Defend_G","Defend_G","Defend_G","Survivor","Neutralize+1","Dash+1","Predator","Footwork+1","Dash","Dodge and Roll","Wraith Form v2+1","Quick Slash+1","Footwork","Footwork+1","Acrobatics","Bouncing Flask","Footwork","Backflip","Die Die Die+1","Die Die Die","Dagger Throw+1","Bane+1","Wraith Form v2+1","Blur","Well Laid Plans+1","Injury","Noxious Fumes","Dodge and Roll"],"special_seed":0,"relics":["Velvet Choker","Golden Idol","Oddly Smooth Stone","MawBank","Ornamental Fan","Peace Pipe","Cursed Key","Mummified Hand","Lantern","Fusion Hammer","DollysMirror","Red Mask","PreservedInsect","Bag of Marbles","Nunchaku"],"potions_floor_usage":[37,44,50],"damage_taken":[{"damage":4.0,"enemies":"Small Slimes","floor":1.0,"turns":5.0},{"damage":9.0,"enemies":"2 Louse","floor":2.0,"turns":3.0},{"damage":0.0,"enemies":"Cultist","floor":5.0,"turns":3.0},{"damage":21.0,"enemies":"3 Sentries","floor":6.0,"turns":11.0},{"damage":0.0,"enemies":"Lagavulin","floor":13.0,"turns":13.0},{"damage":13.0,"enemies":"Hexaghost","floor":16.0,"turns":16.0},{"damage":9.0,"enemies":"2 Thieves","floor":18.0,"turns":4.0},{"damage":0.0,"enemies":"Chosen","floor":21.0,"turns":7.0},{"damage":2.0,"enemies":"Centurion and Healer","floor":22.0,"turns":9.0},{"damage":6.0,"enemies":"Book of Stabbing","floor":23.0,"turns":6.0},{"damage":0.0,"enemies":"Snecko","floor":27.0,"turns":6.0},{"damage":0.0,"enemies":"Gremlin Leader","floor":29.0,"turns":10.0},{"damage":7.0,"enemies":"3 Cultists","floor":30.0,"turns":6.0},{"damage":0.0,"enemies":"Champ","floor":33.0,"turns":19.0},{"damage":2.0,"enemies":"3 Shapes","floor":35.0,"turns":5.0},{"damage":21.0,"enemies":"Orb Walker","floor":36.0,"turns":4.0},{"damage":0,"enemies":"Maw","floor":37,"turns":9},{"damage":19,"enemies":"Nemesis","floor":41,"turns":9},{"damage":0,"enemies":"Transient","floor":42,"turns":6},{"damage":0,"enemies":"Giant Head","floor":44,"turns":10},{"damage":12,"enemies":"Time Eater","floor":50,"turns":16}],"seed_played":"-7632222520952148696","potions_obtained":[{"floor":1.0,"key":"SpeedPotion"},{"floor":6.0,"key":"Dexterity Potion"},{"floor":21.0,"key":"LiquidBronze"},{"floor":33.0,"key":"Fruit Juice"},{"floor":41,"key":"SteroidPotion"}],"is_trial":false,"path_per_floor":["M","M","$","?","M","E","R","?","T","R","?","R","E","?","R","B",null,"M","$","?","M","M","E","R","$","T","M","R","E","M","?","R","B",null,"M","M","M","$","?","R","E","M","T","E","$","R","?","$","R","B",null],"character_chosen":"THE_SILENT","items_purchased":["Footwork","Dash","Footwork","FearPotion","GhostInAJar","Footwork","DollysMirror","Poison Potion","SkillPotion","Dodge and Roll"],"campfire_rested":2,"item_purchase_floors":[3,3,19,19,25,25,38,45,45,48],"current_hp_per_floor":[55,46,46,46,46,25,25,25,25,25,25,25,25,25,25,12,48,39,39,39,39,37,31,31,31,31,31,31,31,24,24,24,24,51,49,28,28,28,28,46,27,27,27,32,32,32,32,32,50,38],"gold":3,"neow_bonus":"BOSS_RELIC","is_prod":false,"is_daily":false,"chose_seed":false,"campfire_upgraded":4,"win_rate":0,"timestamp":1564620952,"path_taken":["M","M","$","?","M","E","R","?","T","R","?","R","E","?","R","BOSS","M","$","?","M","?","E","R","$","T","M","R","E","M","?","R","BOSS","M","M","?","$","?","R","E","M","T","E","$","R","?","?","R","BOSS"],"build_version":"2019-07-17","purchased_purges":2,"victory":true,"max_hp_per_floor":[66,66,66,60,60,60,60,60,60,60,60,60,60,60,60,60,60,60,60,60,60,60,60,60,60,60,60,60,60,60,60,60,60,60,60,60,60,60,60,60,60,60,60,65,65,65,62,62,62,62],"card_choices":[{"not_picked":["Leg Sweep","Cloak And Dagger"],"picked":"Dash","floor":1.0},{"not_picked":["Deflect","Dagger Spray"],"picked":"Predator","floor":2.0},{"not_picked":["Blade Dance","Prepared"],"picked":"Dodge and Roll","floor":5.0},{"not_picked":["Outmaneuver","Accuracy","Acrobatics"],"picked":"SKIP","floor":6.0},{"not_picked":["Expertise","Flying Knee","Cloak And Dagger"],"picked":"SKIP","floor":13.0},{"not_picked":["Phantasmal Killer","Envenom"],"picked":"Wraith Form v2","floor":16.0},{"not_picked":["Dodge and Roll","Bouncing Flask"],"picked":"Quick Slash+1","floor":18.0},{"not_picked":["Slice+1","Blade Dance+1"],"picked":"Acrobatics","floor":21.0},{"not_picked":["Flying Knee","Acrobatics"],"picked":"Bouncing Flask","floor":22.0},{"not_picked":["Accuracy","Masterful Stab","Concentrate"],"picked":"SKIP","floor":23.0},{"not_picked":["PiercingWail","Endless Agony"],"picked":"Backflip","floor":27.0},{"not_picked":["Bane","Reflex"],"picked":"Die Die Die","floor":29.0},{"not_picked":["Underhanded Strike","Flechettes+1","Quick Slash"],"picked":"SKIP","floor":30.0},{"not_picked":["Unload","Doppelganger"],"picked":"Die Die Die","floor":33.0},{"not_picked":["Outmaneuver","Bane","Finisher+1"],"picked":"SKIP","floor":35.0},{"not_picked":["Poisoned Stab","Reflex"],"picked":"Dagger Throw+1","floor":36.0},{"not_picked":["Dash","Sucker Punch"],"picked":"Bane+1","floor":37},{"not_picked":["Dash","Dodge and Roll"],"picked":"Blur","floor":41},{"not_picked":["Flying Knee","Choke+1"],"picked":"Well Laid Plans+1","floor":42},{"not_picked":["Infinite Blades","Cloak And Dagger+1"],"picked":"Noxious Fumes","floor":44}],"player_experience":928418,"relics_obtained":[{"floor":6.0,"key":"Oddly Smooth Stone"},{"floor":9.0,"key":"MawBank"},{"floor":13.0,"key":"Ornamental Fan"},{"floor":23.0,"key":"Mummified Hand"},{"floor":29.0,"key":"Lantern"},{"floor":41,"key":"PreservedInsect"},{"floor":43,"key":"Bag of Marbles"},{"floor":44,"key":"Nunchaku"}],"event_choices":[{"damage_healed":0.0,"max_hp_gain":0.0,"max_hp_loss":6.0,"gold_gain":0.0,"event_name":"Golden Idol","player_choice":"Lose Max HP","floor":4.0,"gold_loss":0.0,"damage_taken":0.0,"relics_obtained":["Golden Idol"]},{"damage_healed":0.0,"max_hp_gain":0.0,"max_hp_loss":0.0,"gold_gain":0.0,"event_name":"Scrap Ooze","player_choice":"Fled","floor":8.0,"gold_loss":0.0,"damage_taken":0.0},{"damage_healed":0.0,"max_hp_gain":0.0,"max_hp_loss":0.0,"gold_gain":150.0,"event_name":"Liars Game","player_choice":"AGREE","floor":11.0,"gold_loss":0.0,"damage_taken":0.0,"cards_obtained":["Doubt"]},{"damage_healed":0.0,"max_hp_gain":0.0,"max_hp_loss":0.0,"gold_gain":0.0,"event_name":"WeMeetAgain","player_choice":"Gave Potion","floor":14.0,"gold_loss":0.0,"damage_taken":0.0,"relics_obtained":["Peace Pipe"]},{"damage_healed":0.0,"max_hp_gain":0.0,"max_hp_loss":0.0,"gold_gain":0.0,"event_name":"Duplicator","player_choice":"Copied","floor":20.0,"gold_loss":0.0,"damage_taken":0.0,"cards_obtained":["Footwork"]},{"cards_removed":["Defend_G"],"damage_healed":0.0,"max_hp_gain":0.0,"max_hp_loss":0.0,"gold_gain":0.0,"event_name":"Designer","player_choice":"Upgrade and Remove","floor":31.0,"gold_loss":110.0,"damage_taken":0.0,"cards_upgraded":["Die Die Die"]},{"damage_healed":0,"gold_gain":0,"player_choice":"Paid","damage_taken":0,"relics_obtained":["Red Mask"],"max_hp_gain":0,"max_hp_loss":0,"event_name":"Tomb of Lord Red Mask","floor":39,"gold_loss":6},{"damage_healed":0,"gold_gain":0,"player_choice":"Max HP","damage_taken":0,"max_hp_gain":0,"max_hp_loss":3,"event_name":"Winding Halls","floor":47,"gold_loss":0}],"is_beta":false,"boss_relics":[{"not_picked":["Runic Dome","Lizard Tail"],"picked":"Cursed Key"},{"not_picked":["Philosopher\u0027s Stone","Coffee Dripper"],"picked":"Fusion Hammer"}],"items_purged_floors":[19,25],"is_endless":false,"potions_floor_spawned":[1,6,21,33,41],"ascension_level":19}