{"gold_per_floor":[111,61,61,79,92,92,108,108,108,182,205,205,228,228],"floor_reached":14,"playtime":523,"items_purged":[],"score":86,"play_id":"110fe2d1-3d79-4a33-bc09-59aba741c49f","local_time":"20190122030804","is_ascension_mode":true,"campfire_choices":[{"data":"Dualcast","floor":6.0,"key":"SMITH"},{"data":"Darkness","floor":8,"key":"SMITH"}],"neow_cost":"NONE","seed_source_timestamp":0,"circlet_count":0,"master_deck":["Strike_B","Strike_B","Strike_B","Defend_B","Defend_B","Defend_B","Defend_B","Zap+1","Dualcast+1","Turbo","Injury","Darkness+1","FTL","Ball Lightning","Pain","Gash"],"special_seed":0,"relics":["Cracked Core","Golden Idol","Bottled Lightning","Strawberry","WarpedTongs"],"potions_floor_usage":[7,14],"damage_taken":[{"damage":3.0,"enemies":"Jaw Worm","floor":1.0,"turns":3.0},{"damage":0.0,"enemies":"Small Slimes","floor":4.0,"turns":3.0},{"damage":4.0,"enemies":"Cultist","floor":5.0,"turns":4.0},{"damage":18,"enemies":"Lots of Slimes","floor":7,"turns":5},{"damage":35,"enemies":"3 Sentries","floor":10,"turns":8},{"damage":8,"enemies":"Red Slaver","floor":11,"turns":3},{"damage":11,"enemies":"2 Fungi Beasts","floor":13,"turns":3},{"damage":3,"enemies":"Lagavulin","floor":14,"turns":2}],"seed_played":"6705334432096948418","potions_obtained":[{"floor":1.0,"key":"EssenceOfSteel"},{"floor":13,"key":"Explosive Potion"}],"is_trial":false,"path_per_floor":["?","?","?","?"],"character_chosen":"DEFECT","items_purchased":[],"campfire_rested":0,"item_purchase_floors":[],"current_hp_per_floor":[72,72,72,72,68,68,50,50,50,22,14,14,3,0],"gold":228,"neow_bonus":"UPGRADE_CARD","is_prod":false,"is_daily":false,"chose_seed":false,"campfire_upgraded":2,"win_rate":0,"timestamp":1548113884,"path_taken":["M","?","?","M","M","R","M","R","T","?","M","?","M","E"],"build_version":"2019-01-20","purchased_purges":0,"victory":false,"max_hp_per_floor":[75,75,75,75,75,75,75,75,75,82,82,82,82,82],"card_choices":[{"not_picked":["Consume","Scrape"],"picked":"Turbo","floor":1.0},{"not_picked":["Turbo","Beam Cell","Scrape"],"picked":"SKIP","floor":4.0},{"not_picked":["Rebound","Lockon"],"picked":"Darkness","floor":5.0},{"not_picked":["Barrage","Turbo"],"picked":"FTL","floor":7},{"not_picked":["Undo","Compile Driver"],"picked":"Ball Lightning","floor":10},{"not_picked":["Barrage","Consume","Recycle"],"picked":"SKIP","floor":11},{"not_picked":["Lockon","Rebound"],"picked":"Gash","floor":13}],"player_experience":472839,"relics_obtained":[{"floor":9,"key":"Bottled Lightning"},{"floor":10,"key":"Strawberry"}],"event_choices":[{"cards_removed":["Strike_B"],"damage_healed":0.0,"max_hp_gain":0.0,"max_hp_loss":0.0,"gold_gain":0.0,"event_name":"The Cleric","player_choice":"Card Removal","floor":2.0,"gold_loss":50.0,"damage_taken":0.0},{"damage_healed":0.0,"max_hp_gain":0.0,"max_hp_loss":0.0,"gold_gain":0.0,"event_name":"Golden Idol","player_choice":"Take Wound","floor":3.0,"gold_loss":0.0,"damage_taken":0.0,"relics_obtained":["Golden Idol"],"cards_obtained":["Injury"]},{"damage_healed":0,"gold_gain":30,"player_choice":"Searched \u00272\u0027 times","damage_taken":0,"max_hp_gain":0,"max_hp_loss":0,"event_name":"Dead Adventurer","floor":10,"gold_loss":0},{"damage_healed":0,"gold_gain":0,"player_choice":"Rummage","damage_taken":0,"relics_obtained":["WarpedTongs"],"max_hp_gain":0,"max_hp_loss":0,"event_name":"Accursed Blacksmith","floor":12,"gold_loss":0,"cards_obtained":["Pain"]}],"is_beta":true,"boss_relics":[],"items_purged_floors":[],"is_endless":false,"potions_floor_spawned":[1,13],"killed_by":"Lagavulin","ascension_level":1}