{"gold_per_floor":[12,29,29,29,29,29,43,58,58,58,69,69,69,95,95,95],"floor_reached":16,"playtime":913,"items_purged":[],"score":110,"play_id":"5dd17604-55ba-4246-a03c-8fbcd8450147","local_time":"20181225173018","is_ascension_mode":true,"campfire_choices":[{"data":"Neutralize","floor":6,"key":"SMITH"},{"data":"Blade Dance","floor":10,"key":"SMITH"},{"floor":12,"key":"REST"},{"data":"1","floor":15,"key":"LIFT"}],"neow_cost":"NO_GOLD","seed_source_timestamp":93167175789256,"circlet_count":0,"master_deck":["Defend_G","Defend_G","Defend_G","Defend_G","Defend_G","Strike_G","Strike_G","Strike_G","Strike_G","Strike_G","Survivor","Neutralize+1","Calculated Gamble","Blade Dance+1","Slice","Poisoned Stab","Blade Dance","Prepared","Deflect","Outmaneuver","Noxious Fumes"],"relics":["Ring of the Snake","Mango","Prayer Wheel","Question Card","Girya"],"potions_floor_usage":[14,14,14],"damage_taken":[{"damage":3,"enemies":"Jaw Worm","floor":1,"turns":5},{"damage":9,"enemies":"Small Slimes","floor":2,"turns":3},{"damage":4,"enemies":"2 Louse","floor":7,"turns":3},{"damage":14,"enemies":"Lots of Slimes","floor":8,"turns":5},{"damage":18,"enemies":"Gremlin Gang","floor":11,"turns":6},{"damage":3,"enemies":"Gremlin Nob","floor":14,"turns":3},{"damage":40,"enemies":"The Guardian","floor":16,"turns":12}],"seed_played":"2417428306483267900","potions_obtained":[{"floor":2,"key":"FearPotion"},{"floor":7,"key":"Dexterity Potion"},{"floor":11,"key":"Explosive Potion"},{"floor":14,"key":"Strength Potion"}],"is_trial":false,"path_per_floor":["M","M","?","?","$","R","M","M","T","R","M","R","$","E","R","B"],"character_chosen":"THE_SILENT","items_purchased":[],"campfire_rested":1,"item_purchase_floors":[],"current_hp_per_floor":[81,72,54,54,54,54,50,36,36,36,18,43,43,40,40,0],"gold":95,"neow_bonus":"ONE_RARE_RELIC","is_prod":false,"is_daily":false,"chose_seed":false,"campfire_upgraded":2,"win_rate":0,"timestamp":1545746418,"path_taken":["M","M","?","?","?","R","?","M","T","R","M","R","$","E","R","BOSS"],"build_version":"2018-12-20","purchased_purges":0,"victory":false,"max_hp_per_floor":[84,84,84,84,84,84,84,84,84,84,84,84,84,84,84,84],"card_choices":[{"not_picked":["Dodge and Roll","Terror"],"picked":"Calculated Gamble","floor":1},{"not_picked":["Caltrops","Skewer"],"picked":"Blade Dance","floor":2},{"not_picked":["Dagger Spray","Poisoned Stab"],"picked":"Slice","floor":7},{"not_picked":["Setup","Deadly Poison"],"picked":"Poisoned Stab","floor":7},{"not_picked":["PiercingWail","Dodge and Roll"],"picked":"Blade Dance","floor":8},{"not_picked":["Distraction","Dodge and Roll"],"picked":"Prepared","floor":8},{"not_picked":["PiercingWail","Quick Slash","Eviscerate"],"picked":"Deflect","floor":11},{"not_picked":["Tactician","Backstab","Poisoned Stab"],"picked":"Outmaneuver","floor":11},{"not_picked":["Glass Knife","Bane","Deflect"],"picked":"Noxious Fumes","floor":14}],"player_experience":167161,"relics_obtained":[{"floor":9,"key":"Question Card"},{"floor":14,"key":"Girya"}],"event_choices":[{"damage_healed":0,"gold_gain":0,"player_choice":"Success","damage_taken":18,"relics_obtained":["Prayer Wheel"],"max_hp_gain":0,"max_hp_loss":0,"event_name":"Scrap Ooze","floor":3,"gold_loss":0},{"damage_healed":0,"gold_gain":0,"player_choice":"Leave","damage_taken":0,"max_hp_gain":0,"max_hp_loss":0,"event_name":"The Cleric","floor":4,"gold_loss":0}],"is_beta":true,"boss_relics":[],"items_purged_floors":[],"is_endless":false,"potions_floor_spawned":[2,7,11,14],"killed_by":"The Guardian","ascension_level":2}