{"gold_per_floor":[110,121,131,6,18,18,18,18,18,18,34,34,51,61,61,157,157,138,138,65,83,101,101,101,101,101,101,119,135,0,0,0,97,97,113,127,127],"floor_reached":37,"playtime":1835,"items_purged":[],"score":363,"play_id":"243052aa-af00-496f-b57f-d4c70ba581e0","local_time":"20190111052100","is_ascension_mode":false,"campfire_choices":[{"data":"Well Laid Plans","floor":6,"key":"SMITH"},{"data":"Neutralize","floor":8,"key":"SMITH"},{"data":"Cloak And Dagger","floor":10,"key":"SMITH"},{"data":"Noxious Fumes","floor":15,"key":"SMITH"},{"data":"Bullet Time","floor":23,"key":"SMITH"},{"data":"Acrobatics","floor":25,"key":"SMITH"},{"data":"Concentrate","floor":27,"key":"SMITH"},{"floor":32,"key":"REST"}],"neow_cost":"NONE","seed_source_timestamp":92894228250728,"circlet_count":0,"master_deck":["Defend_G","Defend_G","Defend_G","Defend_G","Defend_G","Strike_G","Strike_G","Strike_G","Strike_G","Strike_G","Survivor","Neutralize+1","Backstab","Cloak And Dagger","Cloak And Dagger+1","Noxious Fumes+1","Backflip","Well Laid Plans+1","PiercingWail","Night Terror","Trip","Backflip","Bullet Time+1","Sucker Punch+1","Footwork","Concentrate+1","Acrobatics+1","Leg Sweep+1","Malaise","Reflex+1","Calculated Gamble+1"],"relics":["Ring of the Snake","Omamori","Sundial","Mercury Hourglass","Lizard Tail","Cursed Key"],"potions_floor_usage":[14,18,28,33,33,37],"damage_taken":[{"damage":1,"enemies":"Cultist","floor":1,"turns":4},{"damage":1,"enemies":"Small Slimes","floor":2,"turns":4},{"damage":1,"enemies":"Jaw Worm","floor":3,"turns":3},{"damage":1,"enemies":"2 Fungi Beasts","floor":5,"turns":4},{"damage":3,"enemies":"Exordium Thugs","floor":11,"turns":4},{"damage":0,"enemies":"3 Louse","floor":13,"turns":3},{"damage":4,"enemies":"Gremlin Gang","floor":14,"turns":2},{"damage":20,"enemies":"Slime Boss","floor":16,"turns":11},{"damage":5,"enemies":"2 Thieves","floor":18,"turns":4},{"damage":5,"enemies":"Shell Parasite","floor":21,"turns":5},{"damage":21,"enemies":"Shelled Parasite and Fungi","floor":22,"turns":8},{"damage":31,"enemies":"Chosen and Byrds","floor":28,"turns":7},{"damage":0,"enemies":"Cultist and Chosen","floor":29,"turns":5},{"damage":49,"enemies":"Collector","floor":33,"turns":11},{"damage":17,"enemies":"Orb Walker","floor":35,"turns":5},{"damage":31,"enemies":"3 Shapes","floor":36,"turns":6},{"damage":28,"enemies":"Transient","floor":37,"turns":5}],"seed_played":"6611258376667772784","potions_obtained":[{"floor":1,"key":"Regen Potion"},{"floor":3,"key":"SpeedPotion"},{"floor":5,"key":"Fire Potion"},{"floor":13,"key":"Block Potion"},{"floor":22,"key":"Energy Potion"},{"floor":28,"key":"Poison Potion"},{"floor":33,"key":"SpeedPotion"},{"floor":36,"key":"Fire Potion"}],"is_trial":false,"path_per_floor":["M","M","M","$","M","R","?","R","T","R","M","?","M","M","R","B",null,"M","?","$","M","M","R","?","R","T","R","M","M","?","$","R","B",null,"M","M","M"],"character_chosen":"THE_SILENT","items_purchased":["Noxious Fumes","Backflip","Footwork"],"campfire_rested":1,"item_purchase_floors":[4,4,20],"current_hp_per_floor":[69,68,67,67,66,66,66,66,66,66,63,63,63,59,59,39,70,65,65,65,60,39,39,39,39,39,39,8,8,8,8,29,35,70,53,22,0],"gold":127,"neow_bonus":"RANDOM_COMMON_RELIC","is_prod":false,"is_daily":false,"chose_seed":false,"campfire_upgraded":7,"win_rate":0,"timestamp":1547171460,"path_taken":["M","M","M","$","M","R","?","R","T","R","M","?","M","?","R","BOSS","M","?","$","M","M","R","?","R","T","R","M","M","?","$","R","BOSS","M","M","M"],"build_version":"2019-01-09","purchased_purges":0,"victory":false,"max_hp_per_floor":[70,70,70,70,70,70,70,70,70,70,70,70,70,70,70,70,70,70,70,70,70,70,70,70,70,70,70,70,70,70,70,70,70,70,70,70,70],"card_choices":[{"not_picked":["Bouncing Flask","Predator"],"picked":"Backstab","floor":1},{"not_picked":["Prepared","Blade Dance"],"picked":"Cloak And Dagger","floor":2},{"not_picked":["Eviscerate","Setup"],"picked":"Cloak And Dagger","floor":3},{"not_picked":["Underhanded Strike","Infinite Blades"],"picked":"Well Laid Plans","floor":5},{"not_picked":["Setup","Cloak And Dagger"],"picked":"PiercingWail","floor":11},{"not_picked":["PiercingWail","Well Laid Plans"],"picked":"Backflip","floor":13},{"not_picked":["Cloak And Dagger","Deflect","Flechettes"],"picked":"SKIP","floor":14},{"not_picked":["Malaise","Glass Knife"],"picked":"Bullet Time","floor":16},{"not_picked":["Dagger Throw+1","Quick Slash"],"picked":"Sucker Punch+1","floor":18},{"not_picked":["Slice","Masterful Stab"],"picked":"Concentrate","floor":21},{"not_picked":["Backflip","Prepared"],"picked":"Acrobatics","floor":22},{"not_picked":["Sucker Punch","Flechettes","Quick Slash"],"picked":"SKIP","floor":28},{"not_picked":["Predator+1","Crippling Poison+1"],"picked":"Leg Sweep+1","floor":29},{"not_picked":["Doppelganger","Night Terror"],"picked":"Malaise","floor":33},{"not_picked":["Deflect+1","Quick Slash"],"picked":"Reflex+1","floor":35},{"not_picked":["Catalyst+1","Eviscerate"],"picked":"Calculated Gamble+1","floor":36}],"player_experience":354009,"relics_obtained":[{"floor":9,"key":"Mercury Hourglass"}],"event_choices":[{"damage_healed":0,"gold_gain":0,"player_choice":"Box","damage_taken":0,"relics_obtained":["Sundial"],"max_hp_gain":0,"max_hp_loss":0,"event_name":"Big Fish","floor":7,"gold_loss":0,"cards_obtained":["Regret"]},{"damage_healed":0,"gold_gain":0,"player_choice":"2 cards matched","damage_taken":0,"max_hp_gain":0,"max_hp_loss":0,"event_name":"Match and Keep!","floor":12,"gold_loss":0,"cards_obtained":["Night Terror","Trip"]},{"damage_healed":0,"gold_gain":0,"player_choice":"Ignored","damage_taken":0,"max_hp_gain":0,"max_hp_loss":0,"event_name":"Vampires","floor":19,"gold_loss":0},{"damage_healed":0,"gold_gain":0,"player_choice":"Smashed Altar","damage_taken":0,"max_hp_gain":0,"max_hp_loss":0,"event_name":"Forgotten Altar","floor":24,"gold_loss":0,"cards_obtained":["Decay"]},{"damage_healed":0,"gold_gain":0,"player_choice":"Paid Fearfully","damage_taken":0,"max_hp_gain":0,"max_hp_loss":0,"event_name":"Masked Bandits","floor":30,"gold_loss":135}],"is_beta":true,"boss_relics":[{"not_picked":["Pandora\u0027s Box","Tiny House"],"picked":"Lizard Tail"},{"not_picked":["Fusion Hammer","WristBlade"],"picked":"Cursed Key"}],"items_purged_floors":[],"is_endless":false,"potions_floor_spawned":[1,3,5,13,22,28,33,36],"killed_by":"Transient","ascension_level":0}