{"gold_per_floor":[117,137,152,164,11,11,186,186,186,186,203,37,66,82,82,180,180,195,95,95,1,13,13,28,54,80,100,100,114,114,129,129,234,234,234],"floor_reached":35,"playtime":2064,"items_purged":["Strike_B","Strike_B"],"score":379,"play_id":"55d2bd9c-793b-4048-9e00-dce274559cee","local_time":"20190729183755","is_ascension_mode":false,"campfire_choices":[{"data":"Defragment","floor":6,"key":"SMITH"},{"data":"Redo","floor":8,"key":"SMITH"},{"data":"White Noise","floor":15,"key":"SMITH"},{"data":"Electrodynamics","floor":23,"key":"SMITH"},{"floor":32,"key":"REST"}],"neow_cost":"NONE","seed_source_timestamp":577131122932400,"circlet_count":0,"master_deck":["Defend_B","Defend_B","Defend_B","Defend_B","Zap+1","Dualcast","Defragment+1","Redo","Glacier","Redo+1","Glacier","Self Repair","Doubt","Impatience","Capacitor","White Noise+1","Electrodynamics+1","Lockon+1","Finesse","Chill","Fission","Capacitor+1"],"relics":["Cracked Core","Happy Flower","Gremlin Horn","Question Card","Empty Cage","MutagenicStrength","Shovel","Nuclear Battery"],"potions_floor_usage":[13,16,16,16],"damage_taken":[{"damage":0,"enemies":"2 Louse","floor":1,"turns":2},{"damage":1,"enemies":"Jaw Worm","floor":2,"turns":3},{"damage":5,"enemies":"Small Slimes","floor":3,"turns":2},{"damage":4,"enemies":"Blue Slaver","floor":4,"turns":3},{"damage":0,"enemies":"Looter","floor":11,"turns":4},{"damage":48,"enemies":"Gremlin Nob","floor":13,"turns":6},{"damage":2,"enemies":"3 Louse","floor":14,"turns":5},{"damage":9,"enemies":"The Guardian","floor":16,"turns":15},{"damage":0,"enemies":"Spheric Guardian","floor":18,"turns":6},{"damage":12,"enemies":"Shell Parasite","floor":22,"turns":4},{"damage":21,"enemies":"Snake Plant","floor":24,"turns":4},{"damage":15,"enemies":"Slavers","floor":25,"turns":2},{"damage":9,"enemies":"Snecko","floor":27,"turns":17},{"damage":0,"enemies":"Centurion and Healer","floor":29,"turns":7},{"damage":3,"enemies":"Cultist and Chosen","floor":31,"turns":6},{"damage":43,"enemies":"Automaton","floor":33,"turns":12},{"damage":54,"enemies":"3 Shapes","floor":35,"turns":3}],"seed_played":"571502085434651976","potions_obtained":[{"floor":1,"key":"FocusPotion"},{"floor":11,"key":"AttackPotion"},{"floor":13,"key":"FocusPotion"},{"floor":14,"key":"GamblersBrew"},{"floor":27,"key":"SpeedPotion"},{"floor":29,"key":"SpeedPotion"},{"floor":31,"key":"SkillPotion"}],"is_trial":false,"path_per_floor":["M","M","M","M","$","R","?","R","T","T","M","$","E","M","R","B",null,"M","$","?","$","M","R","M","E","T","M","?","M","?","M","R","B",null,"M"],"character_chosen":"DEFECT","items_purchased":["Glacier","Self Repair","Impatience","Finesse"],"campfire_rested":1,"item_purchase_floors":[5,5,12,21],"current_hp_per_floor":[75,74,69,65,65,65,65,65,65,65,72,72,31,36,36,34,75,75,75,75,75,70,70,56,41,41,39,25,32,32,36,60,24,80,26],"gold":234,"neow_bonus":"UPGRADE_CARD","is_prod":false,"is_daily":false,"chose_seed":false,"campfire_upgraded":4,"win_rate":0,"timestamp":1564407475,"path_taken":["M","M","M","M","$","R","?","R","T","?","M","$","E","M","R","BOSS","M","$","?","$","M","R","M","E","T","M","?","M","?","M","R","BOSS","M"],"build_version":"2019-07-17","purchased_purges":2,"victory":false,"max_hp_per_floor":[75,75,75,75,75,75,75,75,75,75,75,75,75,75,75,75,75,75,75,75,75,75,75,75,75,75,75,80,80,80,80,80,80,80,80],"card_choices":[{"not_picked":["Turbo","Sweeping Beam"],"picked":"Defragment","floor":1},{"not_picked":["Stack","Steam"],"picked":"Redo","floor":2},{"not_picked":["Aggregate","Hello World"],"picked":"Glacier","floor":3},{"not_picked":["Rebound","Sweeping Beam"],"picked":"Redo","floor":4},{"not_picked":["Steam","Beam Cell","Storm"],"picked":"SKIP","floor":11},{"not_picked":["Redo","Compile Driver"],"picked":"Capacitor","floor":13},{"not_picked":["Doom and Gloom","Ball Lightning","Chaos"],"picked":"White Noise","floor":14},{"not_picked":["Hyperbeam","Rainbow","Multi-Cast"],"picked":"Electrodynamics","floor":16},{"not_picked":["Hologram","Gash","Barrage"],"picked":"Lockon+1","floor":18},{"not_picked":["Hologram","Leap","Cold Snap","Go for the Eyes"],"picked":"SKIP","floor":22},{"not_picked":["Turbo","BootSequence+1","Undo"],"picked":"Chill","floor":24},{"not_picked":["Reinforced Body","Lockon","Machine Learning"],"picked":"Fission","floor":25},{"not_picked":["Sunder","Steam","Compile Driver","Ball Lightning"],"picked":"SKIP","floor":27},{"not_picked":["Auto Shields","Undo+1","Glacier"],"picked":"Capacitor+1","floor":29},{"not_picked":["Cold Snap","Force Field","Conserve Battery","Consume"],"picked":"SKIP","floor":31}],"player_experience":167824,"relics_obtained":[{"floor":9,"key":"Happy Flower"},{"floor":10,"key":"Gremlin Horn"},{"floor":13,"key":"Question Card"},{"floor":25,"key":"Shovel"}],"event_choices":[{"damage_healed":0,"gold_gain":175,"player_choice":"AGREE","damage_taken":0,"max_hp_gain":0,"max_hp_loss":0,"event_name":"Liars Game","floor":7,"gold_loss":0,"cards_obtained":["Doubt"]},{"damage_healed":0,"gold_gain":0,"player_choice":"Inject Mutagens","damage_taken":0,"relics_obtained":["MutagenicStrength"],"max_hp_gain":0,"max_hp_loss":0,"event_name":"Drug Dealer","floor":20,"gold_loss":0},{"damage_healed":0,"gold_gain":0,"player_choice":"Shed Blood","damage_taken":19,"max_hp_gain":5,"max_hp_loss":0,"event_name":"Forgotten Altar","floor":28,"gold_loss":0},{"damage_healed":0,"gold_gain":0,"player_choice":"Ignored","damage_taken":0,"max_hp_gain":0,"max_hp_loss":0,"event_name":"The Mausoleum","floor":30,"gold_loss":0}],"is_beta":false,"boss_relics":[{"not_picked":["Runic Pyramid","Velvet Choker"],"picked":"Empty Cage"},{"not_picked":["Eternal Feather","Runic Dome"],"picked":"Nuclear Battery"}],"items_purged_floors":[12,19],"is_endless":false,"potions_floor_spawned":[1,11,13,14,27,29,31,33],"killed_by":"3 Shapes","ascension_level":0}