{"gold_per_floor":[110,122,122,197,213,213,247,247,274,274,234,252,268,285,285,383,433,450,375,474,182,198,216,216,216,285,301,301,31,31,31,31,133,133,151,111,125,142,71,71,71],"floor_reached":41,"playtime":50284,"items_purged":["Strike_G","Defend_G"],"score":416,"play_id":"8003e930-b2bd-437a-9d91-7c063ce80fef","local_time":"20190112220137","is_ascension_mode":false,"campfire_choices":[{"data":"Neutralize","floor":6,"key":"SMITH"},{"floor":8,"key":"REST"},{"data":"Noxious Fumes","floor":10,"key":"SMITH"},{"data":"Cloak And Dagger","floor":15,"key":"SMITH"},{"data":"Noxious Fumes","floor":24,"key":"SMITH"},{"data":"Backflip","floor":28,"key":"SMITH"},{"data":"Footwork","floor":32,"key":"SMITH"},{"floor":40,"key":"REST"}],"neow_cost":"CURSE","seed_source_timestamp":193864453144195,"circlet_count":0,"master_deck":["Defend_G","Defend_G","Defend_G","Survivor","Neutralize+1","Quick Slash","Unload+1","Dash","Sucker Punch+1","Noxious Fumes+1","Tactician","Cloak And Dagger+1","Backflip+1","Heel Hook+1","Bullet Time+1","Outmaneuver","Deflect+1","Noxious Fumes+1","Dark Shackles","Leg Sweep","Calculated Gamble","Footwork+1","Flash of Steel","Bite","Bite","Bite","Bite","Bite","Envenom","Escape Plan+1","Footwork"],"relics":["Ring of the Snake","Vajra","Tiny House","Bottled Flame","Busted Crown"],"potions_floor_usage":[12,16,16,16,22,22,33],"damage_taken":[{"damage":0,"enemies":"2 Louse","floor":1,"turns":2},{"damage":0,"enemies":"Jaw Worm","floor":2,"turns":3},{"damage":0,"enemies":"Small Slimes","floor":5,"turns":2},{"damage":27,"enemies":"Lagavulin","floor":7,"turns":7},{"damage":0,"enemies":"Blue Slaver","floor":12,"turns":2},{"damage":0,"enemies":"3 Louse","floor":13,"turns":3},{"damage":2,"enemies":"2 Fungi Beasts","floor":14,"turns":2},{"damage":19,"enemies":"The Guardian","floor":16,"turns":8},{"damage":8,"enemies":"Shell Parasite","floor":18,"turns":5},{"damage":3,"enemies":"Spheric Guardian","floor":22,"turns":4},{"damage":7,"enemies":"Snake Plant","floor":23,"turns":6},{"damage":9,"enemies":"Shelled Parasite and Fungi","floor":27,"turns":8},{"damage":52,"enemies":"Automaton","floor":33,"turns":11},{"damage":2,"enemies":"3 Shapes","floor":35,"turns":6},{"damage":32,"enemies":"Orb Walker","floor":37,"turns":5},{"damage":18,"enemies":"3 Darklings","floor":38,"turns":5},{"damage":40,"enemies":"Spire Growth","floor":41,"turns":5}],"seed_played":"307583319990476546","potions_obtained":[{"floor":11,"key":"Energy Potion"},{"floor":11,"key":"Block Potion"},{"floor":11,"key":"Dexterity Potion"},{"floor":12,"key":"Block Potion"},{"floor":14,"key":"Block Potion"},{"floor":17,"key":"Dexterity Potion"},{"floor":27,"key":"Explosive Potion"},{"floor":33,"key":"Regen Potion"},{"floor":35,"key":"SteroidPotion"},{"floor":37,"key":"FearPotion"}],"is_trial":false,"path_per_floor":["M","M","?","?","M","R","E","R","T","R","?","M","M","M","R","B",null,"M","?","?","$","M","M","R","?","T","M","R","$","?","?","R","B",null,"M","?","M","M","$","R","M"],"character_chosen":"THE_SILENT","items_purchased":["Noxious Fumes","Dark Shackles","AttackPotion","Footwork","Flash of Steel","Footwork"],"campfire_rested":2,"item_purchase_floors":[21,21,21,29,29,39],"current_hp_per_floor":[70,70,56,45,45,45,18,39,39,39,39,39,39,37,37,18,75,67,67,67,67,64,57,57,57,57,48,48,48,48,48,48,14,52,52,52,26,16,16,31,0],"gold":71,"neow_bonus":"TRANSFORM_TWO_CARDS","is_prod":false,"is_daily":false,"chose_seed":false,"campfire_upgraded":6,"win_rate":0,"timestamp":1547317897,"path_taken":["M","M","?","?","M","R","E","R","T","R","?","M","?","M","R","BOSS","M","?","?","$","M","M","R","?","T","M","R","?","?","?","R","BOSS","M","?","M","?","$","R","M"],"build_version":"2019-01-10","purchased_purges":2,"victory":false,"max_hp_per_floor":[70,70,70,70,70,70,70,70,70,70,70,70,70,70,70,70,75,75,75,75,75,75,75,75,75,75,75,75,75,52,52,52,52,52,52,52,52,52,52,52,52],"card_choices":[{"not_picked":["Bane","Sucker Punch"],"picked":"Dash","floor":1},{"not_picked":["Finisher","Grand Finale"],"picked":"Sucker Punch","floor":2},{"not_picked":["Acrobatics","Dodge and Roll"],"picked":"Noxious Fumes","floor":5},{"not_picked":["Poisoned Stab","Dagger Spray"],"picked":"Tactician","floor":7},{"not_picked":["Backstab","Underhanded Strike"],"picked":"Cloak And Dagger","floor":12},{"not_picked":["Setup","Riddle With Holes"],"picked":"Backflip","floor":13},{"not_picked":["Deflect","Backflip"],"picked":"Heel Hook","floor":14},{"not_picked":["Wraith Form v2","Doppelganger"],"picked":"Bullet Time","floor":16},{"not_picked":["Bane","Underhanded Strike"],"picked":"Outmaneuver","floor":17},{"not_picked":["Dodge and Roll","Quick Slash"],"picked":"Deflect+1","floor":18},{"not_picked":["Bane","Backstab+1"],"picked":"Leg Sweep","floor":22},{"not_picked":["Leg Sweep","Dagger Spray"],"picked":"Calculated Gamble","floor":23},{"not_picked":["Flechettes","Outmaneuver","Dagger Throw"],"picked":"SKIP","floor":27},{"not_picked":["Venomology","Storm of Steel"],"picked":"Envenom","floor":33},{"not_picked":[],"picked":"Escape Plan+1","floor":35},{"not_picked":["Dodge and Roll+1"],"picked":"SKIP","floor":37},{"not_picked":["Flechettes+1"],"picked":"SKIP","floor":38}],"player_experience":369475,"relics_obtained":[{"floor":7,"key":"Vajra"},{"floor":26,"key":"Bottled Flame"}],"event_choices":[{"damage_healed":0,"gold_gain":0,"player_choice":"Entered Light","damage_taken":14,"max_hp_gain":0,"max_hp_loss":0,"event_name":"Shining Light","floor":3,"gold_loss":0,"cards_upgraded":["Strike_G","Unload"]},{"damage_healed":0,"gold_gain":75,"player_choice":"Gather Gold","damage_taken":11,"max_hp_gain":0,"max_hp_loss":0,"event_name":"World of Goop","floor":4,"gold_loss":0},{"damage_healed":0,"gold_gain":0,"player_choice":"Bought 3 Potions","damage_taken":0,"max_hp_gain":0,"max_hp_loss":0,"event_name":"The Woman in Blue","floor":11,"gold_loss":0},{"cards_removed":["Shame"],"damage_healed":0,"gold_gain":0,"player_choice":"Gave Gold","damage_taken":0,"max_hp_gain":0,"max_hp_loss":0,"event_name":"Beggar","floor":19,"gold_loss":75},{"damage_healed":0,"gold_gain":99,"player_choice":"Stole From Cult","damage_taken":0,"max_hp_gain":0,"max_hp_loss":0,"event_name":"Nest","floor":20,"gold_loss":0},{"damage_healed":0,"gold_gain":0,"player_choice":"Ignored","damage_taken":0,"max_hp_gain":0,"max_hp_loss":0,"event_name":"Ghosts","floor":25,"gold_loss":0},{"damage_healed":0,"gold_gain":0,"player_choice":"Became a vampire","damage_taken":0,"max_hp_gain":0,"max_hp_loss":23,"event_name":"Vampires","floor":30,"gold_loss":0,"cards_obtained":["Bite","Bite","Bite","Bite","Bite"]},{"damage_healed":0,"gold_gain":0,"player_choice":"Ignored","damage_taken":0,"max_hp_gain":0,"max_hp_loss":0,"event_name":"NoteForYourself","floor":31,"gold_loss":0},{"damage_healed":0,"gold_gain":0,"player_choice":"Upgraded Two","damage_taken":0,"max_hp_gain":0,"max_hp_loss":0,"event_name":"Designer","floor":36,"gold_loss":40,"cards_upgraded":["Sucker Punch","Heel Hook"]}],"is_beta":true,"boss_relics":[{"not_picked":["HoveringKite","Eternal Feather"],"picked":"Tiny House"},{"not_picked":["WristBlade","Snecko Eye"],"picked":"Busted Crown"}],"items_purged_floors":[21,29],"is_endless":false,"potions_floor_spawned":[12,13,14,27,33,35,37],"killed_by":"Spire Growth","ascension_level":0}