{"path_per_floor":["M","M","M","$","M","R","?","M","T","M","R","?","T","M","R","B",null,"M","?","M","$","M","R","?","M","T","M","?","R","M","M","R"],"character_chosen":"THE_SILENT","items_purchased":["Flash of Steel","Panacea"],"gold_per_floor":[110,121,133,40,57,57,57,77,77,97,97,97,124,140,140,244,244,225,225,239,76,89,89,69,83,83,100,100,100,113,128,128],"floor_reached":33,"campfire_rested":1,"playtime":2069,"current_hp_per_floor":[70,70,69,69,69,69,74,67,67,67,67,67,67,65,65,53,75,66,66,62,62,62,62,62,57,57,26,26,26,36,27,42],"items_purged":["Underhanded Strike"],"gold":128,"play_id":"a45f38ce-b281-4f37-8237-37ff820ee0dc","is_prod":false,"is_daily":false,"campfire_rituals":0,"campfire_upgraded":5,"is_hardmode":false,"path_taken":["M","M","M","$","M","R","?","M","T","M","R","?","?","?","R","BOSS","M","?","M","$","M","R","?","?","T","M","?","R","M","?","R","BOSS"],"build_version":"2018-01-18-PROD4","purchased_purges":1,"victory":false,"master_deck":["Defend_G","Defend_G","Defend_G","Defend_G","Survivor","Neutralize","Noxious Fumes","Deflect","Heel Hook","Flash of Steel","Leg Sweep","Cloak And Dagger","Backflip","Deadly Poison","Doppelganger","Calculated Gamble","Flying Knee","Accuracy","Malaise","Panacea","Slice","Finisher","Dash","Bite_G","Bite_G","Bite_G","Bite_G","Bite_G","Catalyst","Heel Hook"],"max_hp_per_floor":[70,70,70,70,70,70,75,75,75,75,75,75,75,75,75,75,75,75,75,75,75,75,75,75,75,75,75,52,52,52,52,52],"relics":["Ring of the Snake","Unceasing Top","Oddly Smooth Stone","Astrolabe","Ginger"],"campfire_meditates":0,"card_choices":[{"not_picked":["Cloak And Dagger","Choke"],"picked":"Noxious Fumes"},{"not_picked":["Backstab","Sucker Punch"],"picked":"Deflect"},{"not_picked":["Deadly Poison","Prepared"],"picked":"Heel Hook"},{"not_picked":["Dagger Spray","Tactician"],"picked":"Leg Sweep"},{"not_picked":["Flying Knee","Calculated Gamble"],"picked":"Cloak And Dagger"},{"not_picked":["Dodge and Roll","PiercingWail"],"picked":"Backflip"},{"not_picked":["Endless Agony","Cloak And Dagger"],"picked":"Deadly Poison"},{"not_picked":["Phantasmal Killer","Night Terror"],"picked":"Doppelganger"},{"not_picked":["Prepared","Deadly Poison"],"picked":"Accuracy"},{"not_picked":["Terror","Dagger Spray"],"picked":"Malaise"},{"not_picked":["Choke","Dodge and Roll"],"picked":"Slice"},{"not_picked":["Underhanded Strike","Prepared"],"picked":"Finisher"},{"not_picked":["Bane","Sucker Punch"],"picked":"Dash"},{"not_picked":["Dagger Spray","Sucker Punch"],"picked":"Catalyst"},{"not_picked":["Accuracy","PiercingWail"],"picked":"Heel Hook"}],"player_experience":53681,"potions_floor_usage":[10,20,22,27,30,31],"damage_taken":[{"damage":0,"enemies":"Small Slimes","floor":1,"turns":6},{"damage":0,"enemies":"Jaw Worm","floor":2,"turns":6},{"damage":1,"enemies":"2 Louse","floor":3,"turns":3},{"damage":0,"enemies":"Looter","floor":5,"turns":4},{"damage":7,"enemies":"Exordium Thugs","floor":8,"turns":5},{"damage":0,"enemies":"Gremlin Gang","floor":10,"turns":3},{"damage":2,"enemies":"3 Louse","floor":14,"turns":4},{"damage":12,"enemies":"Hexaghost","floor":16,"turns":11},{"damage":9,"enemies":"2 Thieves","floor":18,"turns":5},{"damage":4,"enemies":"3 Byrds","floor":20,"turns":5},{"damage":0,"enemies":"Centurion and Healer","floor":22,"turns":7},{"damage":5,"enemies":"Sentry and Sphere","floor":25,"turns":10},{"damage":31,"enemies":"3 Cultists","floor":27,"turns":7},{"damage":4,"enemies":"Snake Plant","floor":30,"turns":7},{"damage":29,"enemies":"Centurion and Healer","floor":31,"turns":9},{"damage":68,"enemies":"Champ","floor":33,"turns":13}],"event_choices":[{"event_name":"Big Fish","player_choice":"Donut","floor":7,"damage_taken":0},{"event_name":"Liars Game","player_choice":"disagreed","floor":12,"damage_taken":0},{"event_name":"Back to Basics","player_choice":"Simplicity","floor":19,"damage_taken":0},{"event_name":"The Woman in Blue","player_choice":"Bought 1 Potion","floor":24,"damage_taken":0},{"event_name":"Vampires","player_choice":"Became a vampire","floor":28,"damage_taken":0}],"boss_relics":[{"not_picked":["Tiny House","Snecko Eye"],"picked":"Astrolabe"}],"potions_floor_spawned":[3,8,10,20,22,25],"seed_played":"7047522549683075190","killed_by":"Champ","is_trial":false}