{"gold_per_floor":[15,15,27,45,55,82,82,109,109,124,57,57],"floor_reached":12,"playtime":503,"items_purged":[],"score":95,"play_id":"7dc30ae8-8b5c-42bb-b2dd-8d90f5d0148d","local_time":"20180928140445","is_ascension_mode":true,"campfire_choices":[{"data":"Backflip","floor":7,"key":"SMITH"}],"neow_cost":"NO_GOLD","seed_source_timestamp":2515043305579,"circlet_count":0,"master_deck":["Defend_G+1","Defend_G","Defend_G","Defend_G","Defend_G","Strike_G","Strike_G","Strike_G","Strike_G","Strike_G","Survivor","Neutralize","A Thousand Cuts+1","Acrobatics","Backflip+1","Crippling Poison","Deflect","Poisoned Stab","Bullet Time","Quick Slash","Concentrate+1"],"relics":["Ring of the Snake","Lantern","Sundial","Toxic Egg 2"],"potions_floor_usage":[6,6],"damage_taken":[{"damage":4,"enemies":"Cultist","floor":1,"turns":5},{"damage":2,"enemies":"Jaw Worm","floor":3,"turns":5},{"damage":7,"enemies":"Small Slimes","floor":4,"turns":3},{"damage":14,"enemies":"Exordium Wildlife","floor":5,"turns":5},{"damage":1,"enemies":"Lagavulin","floor":6,"turns":9},{"damage":16,"enemies":"Gremlin Nob","floor":8,"turns":5},{"damage":7,"enemies":"Looter","floor":10,"turns":3},{"damage":9,"enemies":"Blue Slaver","floor":12,"turns":2}],"seed_played":"-8341067394392303653","potions_obtained":[{"floor":3,"key":"Dexterity Potion"},{"floor":5,"key":"Strength Potion"}],"is_trial":false,"path_per_floor":["M","?","M","M","M","E","R","E","T","M","$"],"character_chosen":"THE_SILENT","items_purchased":["Concentrate+1"],"campfire_rested":0,"item_purchase_floors":[11],"current_hp_per_floor":[66,52,50,43,29,28,28,12,12,5,5,0],"gold":57,"neow_bonus":"THREE_RARE_CARDS","is_prod":false,"is_daily":false,"chose_seed":false,"campfire_upgraded":1,"win_rate":0,"timestamp":1538168685,"path_taken":["M","?","M","M","M","E","R","E","T","M","?","?"],"build_version":"2018-09-27","purchased_purges":0,"victory":false,"max_hp_per_floor":[70,70,70,70,70,70,70,70,70,70,70,70],"card_choices":[{"not_picked":["Unload","Bullet Time"],"picked":"A Thousand Cuts","floor":0},{"not_picked":["Prepared","Bane"],"picked":"Acrobatics","floor":1},{"not_picked":["Dash","Deflect"],"picked":"Backflip","floor":3},{"not_picked":["Dagger Spray","Dash"],"picked":"Crippling Poison","floor":4},{"not_picked":["Cloak And Dagger","Backstab"],"picked":"Deflect","floor":5},{"not_picked":["Crippling Poison","Setup"],"picked":"Poisoned Stab","floor":6},{"not_picked":["Deflect","Quick Slash"],"picked":"Bullet Time","floor":8},{"not_picked":["Acrobatics+1","Dagger Throw"],"picked":"Quick Slash","floor":10}],"player_experience":134333,"relics_obtained":[{"floor":6,"key":"Lantern"},{"floor":8,"key":"Sundial"},{"floor":9,"key":"Toxic Egg 2"}],"event_choices":[{"event_name":"Shining Light","player_choice":"Entered Light","floor":2,"damage_taken":0}],"is_beta":true,"boss_relics":[],"items_purged_floors":[],"is_endless":false,"potions_floor_spawned":[3,5],"killed_by":"Blue Slaver","ascension_level":1}