{"gold_per_floor":[111,121,71,71,84,115,125,125,125,154,171,201,376,376,376,376],"floor_reached":16,"playtime":782,"items_purged":[],"score":126,"play_id":"73168d73-8d07-435e-9fd7-31d28e255397","local_time":"20190725230944","is_ascension_mode":true,"campfire_choices":[{"data":"Deflect","floor":8,"key":"SMITH"},{"floor":15,"key":"REST"}],"neow_cost":"NONE","seed_source_timestamp":3112060894894000,"circlet_count":0,"master_deck":["Strike_G","Strike_G+1","Strike_G+1","Defend_G","Defend_G","Defend_G","Defend_G","Defend_G","Survivor","Neutralize","Envenom","Skewer","Deflect+1","Outmaneuver","Deadly Poison","Poisoned Stab","Distraction","Dodge and Roll","Deflect","Doubt"],"relics":["Ring of the Snake","PreservedInsect","Matryoshka","Whetstone","Ornamental Fan","Frozen Egg 2","Vajra","Golden Idol"],"potions_floor_usage":[6,10,11],"damage_taken":[{"damage":5,"enemies":"Jaw Worm","floor":1,"turns":6},{"damage":6,"enemies":"2 Louse","floor":2,"turns":3},{"damage":0,"enemies":"Small Slimes","floor":5,"turns":4},{"damage":11,"enemies":"Lagavulin","floor":6,"turns":8},{"damage":0,"enemies":"2 Fungi Beasts","floor":7,"turns":5},{"damage":4,"enemies":"3 Sentries","floor":10,"turns":6},{"damage":5,"enemies":"Exordium Wildlife","floor":11,"turns":5},{"damage":8,"enemies":"Lagavulin","floor":12,"turns":6},{"damage":34,"enemies":"Slime Boss","floor":16,"turns":7}],"seed_played":"1951191349120724654","potions_obtained":[{"floor":1,"key":"PowerPotion"},{"floor":5,"key":"Weak Potion"},{"floor":6,"key":"AttackPotion"}],"is_trial":false,"path_per_floor":["M","M","?","?","M","E","M","R","T","E","M","E","?","?","R","B"],"character_chosen":"THE_SILENT","items_purchased":[],"campfire_rested":1,"item_purchase_floors":[],"current_hp_per_floor":[65,59,59,56,56,45,45,45,45,41,36,28,28,11,32,0],"gold":376,"neow_bonus":"TRANSFORM_CARD","is_prod":false,"is_daily":false,"chose_seed":false,"campfire_upgraded":1,"win_rate":0,"timestamp":1564121384,"path_taken":["M","M","?","?","M","E","M","R","T","E","M","E","?","?","R","BOSS"],"build_version":"2019-07-17","purchased_purges":0,"victory":false,"max_hp_per_floor":[70,70,70,70,70,70,70,70,70,70,70,70,70,70,70,70],"card_choices":[{"not_picked":["Caltrops","Concentrate"],"picked":"Skewer","floor":1},{"not_picked":["Eviscerate","Underhanded Strike"],"picked":"Deflect","floor":2},{"not_picked":["Acrobatics","Escape Plan"],"picked":"Outmaneuver","floor":5},{"not_picked":["Flechettes","Escape Plan"],"picked":"Deadly Poison","floor":6},{"not_picked":["Underhanded Strike","Distraction"],"picked":"Poisoned Stab","floor":7},{"not_picked":["Sucker Punch","Infinite Blades"],"picked":"Distraction","floor":10},{"not_picked":["Infinite Blades+1","Setup"],"picked":"Dodge and Roll","floor":11},{"not_picked":["Backstab","Blade Dance"],"picked":"Deflect","floor":12}],"player_experience":90888,"relics_obtained":[{"floor":6,"key":"Matryoshka"},{"floor":9,"key":"Whetstone"},{"floor":9,"key":"Ornamental Fan"},{"floor":10,"key":"Frozen Egg 2"},{"floor":12,"key":"Vajra"}],"event_choices":[{"cards_removed":["Strike_G"],"damage_healed":0,"gold_gain":0,"player_choice":"Card Removal","damage_taken":0,"max_hp_gain":0,"max_hp_loss":0,"event_name":"The Cleric","floor":3,"gold_loss":50},{"damage_healed":0,"gold_gain":0,"player_choice":"Success","damage_taken":3,"relics_obtained":["PreservedInsect"],"max_hp_gain":0,"max_hp_loss":0,"event_name":"Scrap Ooze","floor":4,"gold_loss":0},{"damage_healed":0,"gold_gain":175,"player_choice":"AGREE","damage_taken":0,"max_hp_gain":0,"max_hp_loss":0,"event_name":"Liars Game","floor":13,"gold_loss":0,"cards_obtained":["Doubt"]},{"damage_healed":0,"gold_gain":0,"player_choice":"Take Damage","damage_taken":17,"relics_obtained":["Golden Idol"],"max_hp_gain":0,"max_hp_loss":0,"event_name":"Golden Idol","floor":14,"gold_loss":0}],"is_beta":false,"boss_relics":[],"items_purged_floors":[],"is_endless":false,"potions_floor_spawned":[1,5,6],"killed_by":"Slime Boss","ascension_level":1}