{"gold_per_floor":[109,128,145,145,162,188,200,38,38,38,113,132,132,159,159,238,238,252,272,272,285,65,91,110,110,110,127,145,145,157,18,18,18],"floor_reached":33,"playtime":4450,"items_purged":["Strike_B"],"score":548,"play_id":"6694ab8b-a0a3-4874-ac1d-42eb523d3017","local_time":"20190801115409","is_ascension_mode":true,"campfire_choices":[{"data":"Sunder","floor":10.0,"key":"SMITH"},{"data":"Defragment","floor":13.0,"key":"SMITH"},{"floor":15.0,"key":"REST"},{"data":"Reinforced Body","floor":25.0,"key":"SMITH"},{"data":"Buffer","floor":29.0,"key":"SMITH"},{"floor":32.0,"key":"REST"}],"neow_cost":"NONE","seed_source_timestamp":0,"circlet_count":0,"master_deck":["AscendersBane","Zap+1","Dualcast","Compile Driver","Sunder+1","BootSequence+1","Ball Lightning","Ball Lightning","Barrage","Reinforced Body+1","Defragment+1","Go for the Eyes","Buffer+1","Undo","Skim","Double Energy","Go for the Eyes","Compile Driver","Capacitor","Turbo","Steam","Doom and Gloom","Static Discharge+1","Undo","Recycle+1","Coolheaded","Coolheaded","Stack","Loop"],"special_seed":0,"relics":["Cracked Core","Calipers","Bag of Preparation","Pandora\u0027s Box","Nloth\u0027s Gift","Lee\u0027s Waffle","Kunai","Dodecahedron"],"potions_floor_usage":[33],"damage_taken":[{"damage":0.0,"enemies":"Cultist","floor":1.0,"turns":3.0},{"damage":0.0,"enemies":"Small Slimes","floor":2.0,"turns":3.0},{"damage":2.0,"enemies":"Jaw Worm","floor":3.0,"turns":2.0},{"damage":0.0,"enemies":"Red Slaver","floor":5.0,"turns":3.0},{"damage":20.0,"enemies":"Lagavulin","floor":6.0,"turns":6.0},{"damage":0.0,"enemies":"Lots of Slimes","floor":7.0,"turns":3.0},{"damage":0.0,"enemies":"2 Fungi Beasts","floor":12.0,"turns":1.0},{"damage":20.0,"enemies":"3 Sentries","floor":14.0,"turns":5.0},{"damage":5.0,"enemies":"The Guardian","floor":16.0,"turns":9.0},{"damage":0.0,"enemies":"Spheric Guardian","floor":18.0,"turns":3.0},{"damage":12.0,"enemies":"Shell Parasite","floor":19.0,"turns":4.0},{"damage":18.0,"enemies":"Snecko","floor":21.0,"turns":5.0},{"damage":20.0,"enemies":"Slavers","floor":23.0,"turns":3.0},{"damage":18.0,"enemies":"Snake Plant","floor":24.0,"turns":5.0},{"damage":2.0,"enemies":"3 Cultists","floor":27.0,"turns":5.0},{"damage":13.0,"enemies":"Centurion and Healer","floor":28.0,"turns":5.0},{"damage":15.0,"enemies":"Snake Plant","floor":30.0,"turns":5.0},{"damage":53,"enemies":"Collector","floor":33,"turns":5}],"seed_played":"5561303619021756247","potions_obtained":[{"floor":1.0,"key":"Swift Potion"},{"floor":2.0,"key":"Swift Potion"},{"floor":6.0,"key":"Dexterity Potion"},{"floor":14.0,"key":"SkillPotion"},{"floor":16.0,"key":"FocusPotion"},{"floor":19.0,"key":"Explosive Potion"},{"floor":28.0,"key":"SkillPotion"},{"floor":30.0,"key":"SteroidPotion"}],"is_trial":false,"path_per_floor":["M","M","M","?","M","E","M","$","T","R","?","M","R","E","R","B",null,"M","M","?","M","$","E","M","R","T","M","M","R","M","$","R","B"],"character_chosen":"DEFECT","items_purchased":["Reinforced Body","Lee\u0027s Waffle","Stack","Loop"],"campfire_rested":2,"item_purchase_floors":[8,22,31,31],"current_hp_per_floor":[64,64,62,55,55,35,35,35,35,35,24,24,24,4,25,20,58,58,46,46,28,78,58,40,40,40,38,25,25,10,10,33,0],"gold":18,"neow_bonus":"UPGRADE_CARD","is_prod":false,"is_daily":false,"chose_seed":false,"campfire_upgraded":4,"win_rate":0,"timestamp":1564674849,"path_taken":["M","?","?","?","M","E","M","$","T","R","?","M","R","E","R","BOSS","M","M","?","M","$","E","?","R","T","?","M","R","M","$","R","BOSS"],"build_version":"2019-07-17","purchased_purges":1,"victory":false,"max_hp_per_floor":[71,71,71,71,71,71,71,71,71,71,71,71,71,71,71,71,71,71,71,71,71,78,78,78,78,78,78,78,78,78,78,78,78],"card_choices":[{"not_picked":["Turbo","Leap"],"picked":"Compile Driver","floor":1.0},{"not_picked":["Fusion","Stack"],"picked":"Sunder","floor":2.0},{"not_picked":["Turbo","Aggregate"],"picked":"BootSequence","floor":3.0},{"not_picked":["Stack","Chill"],"picked":"Ball Lightning","floor":5.0},{"not_picked":["Leap","Capacitor"],"picked":"Ball Lightning","floor":6.0},{"not_picked":["Leap","Lockon"],"picked":"Barrage","floor":7.0},{"not_picked":["Redo","White Noise"],"picked":"Defragment","floor":12.0},{"not_picked":["Skim","Blizzard"],"picked":"Go for the Eyes","floor":14.0},{"not_picked":["All For One","Rainbow"],"picked":"Buffer","floor":16.0},{"not_picked":["Scrape+1","Leap"],"picked":"Turbo","floor":18.0},{"not_picked":["Barrage","Go for the Eyes"],"picked":"Steam","floor":19.0},{"not_picked":["Barrage","Compile Driver"],"picked":"Doom and Gloom","floor":21.0},{"not_picked":["Biased Cognition","Doom and Gloom"],"picked":"Static Discharge+1","floor":23.0},{"not_picked":["Beam Cell","Rebound"],"picked":"Undo","floor":24.0},{"not_picked":["Self Repair","Redo"],"picked":"Recycle+1","floor":27.0},{"not_picked":["Beam Cell","Redo"],"picked":"Coolheaded","floor":28.0},{"not_picked":["Turbo","Double Energy"],"picked":"Coolheaded","floor":30.0}],"player_experience":935090,"relics_obtained":[{"floor":6.0,"key":"Calipers"},{"floor":9.0,"key":"Bag of Preparation"},{"floor":14.0,"key":"War Paint"},{"floor":23.0,"key":"Kunai"},{"floor":26.0,"key":"Dodecahedron"}],"event_choices":[{"cards_removed":["Strike_B"],"damage_healed":0.0,"max_hp_gain":0.0,"max_hp_loss":0.0,"gold_gain":0.0,"event_name":"Golden Wing","player_choice":"Card Removal","floor":4.0,"gold_loss":0.0,"damage_taken":7.0},{"damage_healed":0.0,"max_hp_gain":0.0,"max_hp_loss":0.0,"gold_gain":75.0,"event_name":"World of Goop","player_choice":"Gather Gold","floor":11.0,"gold_loss":0.0,"damage_taken":11.0},{"damage_healed":0.0,"max_hp_gain":0.0,"max_hp_loss":0.0,"gold_gain":0.0,"event_name":"N\u0027loth","player_choice":"Traded Relic","floor":20.0,"relics_lost":["War Paint"],"gold_loss":0.0,"damage_taken":0.0,"relics_obtained":["Nloth\u0027s Gift"]}],"is_beta":false,"boss_relics":[{"not_picked":["Tiny House","Nuclear Battery"],"picked":"Pandora\u0027s Box"}],"items_purged_floors":[8],"is_endless":false,"potions_floor_spawned":[1,2,6,14,16,19,28,30],"killed_by":"Collector","ascension_level":19}