{"path_per_floor":["M","$","?","?","?","E","M","M","T","?","M","M","M","M","R","B",null,"M","$","M","M","$","R","M"],"character_chosen":"THE_SILENT","items_purchased":["Deflect","Slice","Blur","Catalyst"],"gold_per_floor":[111,21,21,21,21,55,71,86,156,156,181,204,220,239,239,369,369,388,388,403,424,199,199,217],"floor_reached":25,"campfire_rested":2,"playtime":4277,"current_hp_per_floor":[70,70,70,53,53,23,23,23,23,23,21,11,1,1,22,5,70,44,44,37,11,11,32,17],"items_purged":["Defend_G"],"gold":217,"play_id":"8dcd2a4f-e9bc-4517-98e2-058e6fc6236a","is_prod":false,"is_daily":false,"is_ascension_mode":false,"campfire_upgraded":0,"path_taken":["M","$","?","?","?","E","M","M","T","?","M","M","?","M","R","BOSS","M","$","M","M","$","R","M","M"],"build_version":"2018-01-25-PROD3","purchased_purges":1,"victory":false,"master_deck":["Defend_G","Defend_G","Defend_G","Strike_G","Strike_G","Strike_G","Strike_G","Survivor","Neutralize+1","Deflect+1","Deflect","Slice","Dagger Spray","Backflip","Terror","Choke","Quick Slash","Noxious Fumes","Caltrops","Tools of the Trade","Reflex+1","Escape Plan+1","Eviscerate+1","Prepared","Dash","Slice","Blur","Catalyst","PiercingWail"],"max_hp_per_floor":[70,70,70,70,70,70,70,70,70,70,70,70,70,70,70,70,70,70,70,70,70,70,70,70],"relics":["Ring of the Snake","Golden Idol","Prayer Wheel","Letter Opener","Astrolabe"],"card_choices":[{"not_picked":["Blade Dance","Prepared"],"picked":"Deflect"},{"not_picked":["Blade Dance","Cloak And Dagger"],"picked":"Dagger Spray"},{"not_picked":["Glass Knife","Footwork"],"picked":"Backflip"},{"not_picked":["Eviscerate","Flechettes"],"picked":"Terror"},{"not_picked":["Terror","Sucker Punch"],"picked":"Choke"},{"not_picked":["Underhanded Strike","Reflex"],"picked":"Quick Slash"},{"not_picked":["Reflex","Calculated Gamble"],"picked":"Noxious Fumes"},{"not_picked":["Underhanded Strike","Riddle With Holes"],"picked":"Caltrops"},{"not_picked":["Slice","Catalyst"],"picked":"Caltrops"},{"not_picked":["Tactician","Phantasmal Killer"],"picked":"Tools of the Trade"},{"not_picked":["Dagger Throw","Bane"],"picked":"Prepared"},{"not_picked":["Flying Knee","Backflip"],"picked":"Dash"},{"not_picked":["Infinite Blades","Sucker Punch"],"picked":"Slice"},{"not_picked":["Dodge and Roll","Quick Slash"],"picked":"PiercingWail"}],"player_experience":56660,"potions_floor_usage":[12,12,13,14,16],"damage_taken":[{"damage":0,"enemies":"2 Louse","floor":1,"turns":3},{"damage":30,"enemies":"3 Sentries","floor":6,"turns":15},{"damage":0,"enemies":"Blue Slaver","floor":7,"turns":4},{"damage":0,"enemies":"Small Slimes","floor":8,"turns":5},{"damage":2,"enemies":"Exordium Wildlife","floor":11,"turns":3},{"damage":10,"enemies":"Exordium Thugs","floor":12,"turns":3},{"damage":10,"enemies":"3 Louse","floor":13,"turns":4},{"damage":0,"enemies":"Looter","floor":14,"turns":3},{"damage":17,"enemies":"Hexaghost","floor":16,"turns":8},{"damage":26,"enemies":"3 Byrds","floor":18,"turns":5},{"damage":7,"enemies":"Shell Parasite","floor":20,"turns":5},{"damage":26,"enemies":"Centurion and Healer","floor":21,"turns":8},{"damage":15,"enemies":"Snake Plant","floor":24,"turns":5},{"damage":20,"enemies":"Sentry and Sphere","floor":25,"turns":3}],"event_choices":[{"event_name":"Upgrade Shrine","player_choice":"Upgraded","floor":3,"damage_taken":0},{"event_name":"Golden Idol","player_choice":"Take Damage","floor":4,"damage_taken":0},{"event_name":"Living Wall","player_choice":"Grow","floor":5,"damage_taken":0},{"event_name":"The Lab","player_choice":"Got Potions","floor":10,"damage_taken":0}],"boss_relics":[{"not_picked":["Black Star","Velvet Choker"],"picked":"Astrolabe"}],"potions_floor_spawned":[7,12,13],"seed_played":"-2081891224780801778","killed_by":"Sentry and Sphere","ascension_level":0,"is_trial":false}