{"gold_per_floor":[109,109,109,59,59,59,90,15,15,45,57,57,6,18,18,91,91,111,26,26,0,20,20,36,36,59,459,494,513,532,550,550,623,623,634,649,665,80,95,95,95,45,45,45,58,68,121,141,141,141],"floor_reached":51,"playtime":3004,"items_purged":["Strike_B"],"score":1286,"play_id":"f1b4a93c-1cf7-47fb-b118-88c4e3650707","local_time":"20190801021814","is_ascension_mode":true,"campfire_choices":[{"data":"Zap","floor":6,"key":"SMITH"},{"data":"Defragment","floor":12,"key":"SMITH"},{"data":"Self Repair","floor":15,"key":"SMITH"},{"data":"Buffer","floor":23,"key":"SMITH"},{"data":"Stack","floor":25,"key":"SMITH"},{"data":"Darkness","floor":32,"key":"SMITH"},{"data":"Loop","floor":40,"key":"SMITH"},{"data":"Loop","floor":44,"key":"SMITH"},{"floor":49,"key":"REST"}],"neow_cost":"NONE","seed_source_timestamp":825522305895736,"circlet_count":0,"master_deck":["AscendersBane","Strike_B","Defend_B","Defend_B","Defend_B","Defend_B","Zap+1","Dualcast+1","Cold Snap","Self Repair+1","Defragment+1","Conserve Battery","Ball Lightning","Leap","Sweeping Beam","Buffer+1","Compile Driver+1","Stack+1","Ball Lightning","Leap","Recycle","Chill","Coolheaded","Darkness+1","Buffer","Loop+1","Leap+1","Leap+1","Loop+1","Core Surge","Capacitor+1","Glacier+1","Go for the Eyes+1","Consume+1"],"relics":["Cracked Core","NeowsBlessing","Ice Cream","Boot","Meat on the Bone","Blood Vial","Sozu","Unceasing Top","Dream Catcher","Old Coin","Symbiotic Virus","Lantern","Nuclear Battery","FossilizedHelix","Strawberry","Toxic Egg 2","Torii"],"potions_floor_usage":[16,27,27],"damage_taken":[{"damage":0,"enemies":"Small Slimes","floor":1,"turns":1},{"damage":0,"enemies":"Gremlin Nob","floor":7,"turns":1},{"damage":0,"enemies":"Lagavulin","floor":10,"turns":1},{"damage":0,"enemies":"2 Louse","floor":11,"turns":2},{"damage":5,"enemies":"Jaw Worm","floor":14,"turns":4},{"damage":26,"enemies":"The Guardian","floor":16,"turns":11},{"damage":0,"enemies":"Shell Parasite","floor":18,"turns":6},{"damage":24,"enemies":"2 Thieves","floor":22,"turns":5},{"damage":3,"enemies":"Cultist and Chosen","floor":24,"turns":7},{"damage":6,"enemies":"Colosseum Slavers","floor":27,"turns":4},{"damage":8,"enemies":"Colosseum Nobs","floor":27,"turns":5},{"damage":0,"enemies":"Gremlin Leader","floor":28,"turns":7},{"damage":0,"enemies":"Sentry and Sphere","floor":29,"turns":5},{"damage":0,"enemies":"3 Cultists","floor":30,"turns":6},{"damage":0,"enemies":"Centurion and Healer","floor":31,"turns":8},{"damage":42,"enemies":"Collector","floor":33,"turns":13},{"damage":0,"enemies":"Orb Walker","floor":35,"turns":4},{"damage":0,"enemies":"3 Shapes","floor":36,"turns":7},{"damage":14,"enemies":"3 Darklings","floor":37,"turns":6},{"damage":0,"enemies":"Maw","floor":39,"turns":8},{"damage":0,"enemies":"Sphere and 2 Shapes","floor":45,"turns":7},{"damage":0,"enemies":"Jaw Worm Horde","floor":46,"turns":5},{"damage":71,"enemies":"2 Orb Walkers","floor":47,"turns":9},{"damage":0,"enemies":"4 Shapes","floor":48,"turns":5},{"damage":33,"enemies":"Awakened One","floor":50,"turns":18}],"seed_played":"-5904485334628186431","potions_obtained":[{"floor":7,"key":"FocusPotion"},{"floor":10,"key":"FearPotion"},{"floor":16,"key":"Dexterity Potion"}],"is_trial":false,"path_per_floor":["M","?","?","?","?","R","E","$","T","E","M","R","$","M","R","B",null,"M","?","?","?","M","R","M","R","T","?","E","M","M","M","R","B",null,"M","M","M","$","M","R","?","?","T","R","M","M","?","M","R","B",null],"character_chosen":"DEFECT","items_purchased":["Defragment","Leap","Loop","Core Surge","FossilizedHelix"],"campfire_rested":1,"item_purchase_floors":[8,13,38,38,38],"current_hp_per_floor":[64,57,57,57,50,50,50,50,50,50,59,59,59,63,63,49,66,71,71,58,58,58,58,67,67,67,76,76,76,76,76,76,56,71,76,76,72,72,76,76,76,83,83,83,83,83,34,58,82,60],"gold":141,"neow_bonus":"THREE_ENEMY_KILL","is_prod":false,"is_daily":false,"chose_seed":false,"campfire_upgraded":8,"win_rate":0,"timestamp":1564651094,"path_taken":["M","?","?","?","?","R","E","$","T","E","M","R","?","M","R","BOSS","M","?","?","?","?","R","M","R","T","?","E","M","M","M","R","BOSS","M","M","M","$","M","R","?","?","T","R","M","?","?","M","R","BOSS"],"build_version":"2019-07-17","purchased_purges":1,"victory":true,"max_hp_per_floor":[71,71,71,71,71,71,71,71,71,71,71,71,71,71,71,71,71,71,71,76,76,76,76,76,76,76,76,76,76,76,76,76,76,76,76,76,76,76,76,76,76,83,83,83,83,83,83,83,83,83],"card_choices":[{"not_picked":["Go for the Eyes","Ball Lightning"],"picked":"Cold Snap","floor":1},{"not_picked":["Blizzard","Leap"],"picked":"Self Repair","floor":7},{"not_picked":["FTL","Loop"],"picked":"Conserve Battery","floor":10},{"not_picked":["Steam","Auto Shields"],"picked":"Ball Lightning","floor":11},{"not_picked":["Barrage","Hologram"],"picked":"Sweeping Beam","floor":14},{"not_picked":["Creative AI","Rainbow"],"picked":"Buffer","floor":16},{"not_picked":["Redo","Auto Shields"],"picked":"Compile Driver+1","floor":18},{"not_picked":["Hologram","Sweeping Beam"],"picked":"Stack","floor":22},{"not_picked":["Self Repair+1","Steam"],"picked":"Ball Lightning","floor":24},{"not_picked":["Static Discharge+1","Sweeping Beam"],"picked":"Leap","floor":27},{"not_picked":["Aggregate","Meteor Strike"],"picked":"Recycle","floor":28},{"not_picked":["Beam Cell","Rebound"],"picked":"Chill","floor":29},{"not_picked":["Tempest","Turbo"],"picked":"Coolheaded","floor":30},{"not_picked":["Consume","Recycle"],"picked":"Darkness","floor":31},{"not_picked":["Hyperbeam","Seek"],"picked":"Buffer","floor":33},{"not_picked":["Stack","White Noise+1"],"picked":"Loop","floor":35},{"not_picked":["Fusion","Cold Snap"],"picked":"Leap+1","floor":36},{"not_picked":["Self Repair","Cold Snap"],"picked":"Leap+1","floor":37},{"not_picked":["Cold Snap+1","Hologram"],"picked":"Capacitor+1","floor":39},{"not_picked":["Rebound","Steam+1","Turbo+1"],"picked":"SKIP","floor":45},{"not_picked":["Ball Lightning","Static Discharge"],"picked":"Glacier+1","floor":46},{"not_picked":["Steam+1","Undo+1"],"picked":"Go for the Eyes+1","floor":47},{"not_picked":["Storm","Streamline"],"picked":"Consume+1","floor":48}],"player_experience":526196,"relics_obtained":[{"floor":7,"key":"Boot"},{"floor":9,"key":"Meat on the Bone"},{"floor":10,"key":"Blood Vial"},{"floor":26,"key":"Dream Catcher"},{"floor":27,"key":"Old Coin"},{"floor":27,"key":"Symbiotic Virus"},{"floor":28,"key":"Lantern"},{"floor":43,"key":"Toxic Egg 2"},{"floor":47,"key":"Torii"}],"event_choices":[{"cards_removed":["Strike_B"],"damage_healed":0,"gold_gain":0,"player_choice":"Card Removal","damage_taken":7,"max_hp_gain":0,"max_hp_loss":0,"event_name":"Golden Wing","floor":2,"gold_loss":0},{"damage_healed":0,"gold_gain":0,"player_choice":"Grow","damage_taken":0,"max_hp_gain":0,"max_hp_loss":0,"event_name":"Living Wall","floor":3,"gold_loss":0,"cards_upgraded":["Dualcast"]},{"cards_removed":["Strike_B"],"damage_healed":0,"gold_gain":0,"player_choice":"Card Removal","damage_taken":0,"max_hp_gain":0,"max_hp_loss":0,"event_name":"The Cleric","floor":4,"gold_loss":50},{"damage_healed":0,"gold_gain":0,"player_choice":"Success","damage_taken":7,"relics_obtained":["Ice Cream"],"max_hp_gain":0,"max_hp_loss":0,"event_name":"Scrap Ooze","floor":5,"gold_loss":0},{"damage_healed":0,"gold_gain":0,"player_choice":"Obtained Relic","damage_taken":0,"relics_obtained":["Unceasing Top"],"max_hp_gain":0,"max_hp_loss":0,"event_name":"Addict","floor":19,"gold_loss":85},{"damage_healed":0,"gold_gain":0,"player_choice":"Shed Blood","damage_taken":18,"max_hp_gain":5,"max_hp_loss":0,"event_name":"Forgotten Altar","floor":20,"gold_loss":0},{"damage_healed":0,"gold_gain":0,"player_choice":"Paid Fearfully","damage_taken":0,"max_hp_gain":0,"max_hp_loss":0,"event_name":"Masked Bandits","floor":21,"gold_loss":26},{"damage_healed":0,"gold_gain":0,"player_choice":"Fight","damage_taken":0,"max_hp_gain":0,"max_hp_loss":0,"event_name":"Colosseum","floor":27,"gold_loss":0},{"damage_healed":0,"gold_gain":0,"player_choice":"Fought Nobs","damage_taken":0,"max_hp_gain":0,"max_hp_loss":0,"event_name":"Colosseum","floor":27,"gold_loss":0},{"damage_healed":0,"gold_gain":0,"player_choice":"Memory 1","damage_taken":0,"max_hp_gain":0,"max_hp_loss":0,"event_name":"SensoryStone","floor":41,"gold_loss":0},{"damage_healed":0,"gold_gain":0,"player_choice":"Paid Gold","damage_taken":0,"relics_obtained":["Strawberry"],"max_hp_gain":0,"max_hp_loss":0,"event_name":"WeMeetAgain","floor":42,"gold_loss":50},{"damage_healed":0,"gold_gain":0,"player_choice":"Fight","damage_taken":0,"max_hp_gain":0,"max_hp_loss":0,"event_name":"Mysterious Sphere","floor":47,"gold_loss":0}],"is_beta":false,"boss_relics":[{"not_picked":["Cursed Key","Black Star"],"picked":"Sozu"},{"not_picked":["Orrery","Snecko Eye"],"picked":"Nuclear Battery"}],"items_purged_floors":[38],"is_endless":false,"potions_floor_spawned":[7,10,16,24,27,29,31,33,35,36,45,48],"ascension_level":14}