{"gold_per_floor":[110,123,123,143,143,143,154,154,154,173,173,188,74,92,92,92],"floor_reached":16,"playtime":400,"items_purged":["Strike_G"],"score":188,"play_id":"098de8f9-ecc4-4ceb-8072-53220cabe23d","local_time":"20190713194041","is_ascension_mode":true,"campfire_choices":[{"data":"Deadly Poison","floor":6.0,"key":"SMITH"},{"floor":11.0,"key":"REST"},{"floor":15,"key":"REST"}],"neow_cost":"NONE","seed_source_timestamp":67614946012400,"circlet_count":0,"master_deck":["AscendersBane","Strike_G","Strike_G","Strike_G","Strike_G","Defend_G","Defend_G","Defend_G","Defend_G","Survivor","Neutralize+1","Dodge and Roll","Acrobatics","Deadly Poison+1","Noxious Fumes","Dagger Spray","Dodge and Roll","Noxious Fumes"],"special_seed":0,"relics":["Ring of the Snake","Blue Candle"],"potions_floor_usage":[14,16],"damage_taken":[{"damage":3.0,"enemies":"Jaw Worm","floor":1.0,"turns":6.0},{"damage":0.0,"enemies":"2 Louse","floor":2.0,"turns":3.0},{"damage":2.0,"enemies":"Small Slimes","floor":4.0,"turns":6.0},{"damage":14.0,"enemies":"Exordium Thugs","floor":7.0,"turns":5.0},{"damage":25.0,"enemies":"Large Slime","floor":10.0,"turns":6.0},{"damage":9.0,"enemies":"Blue Slaver","floor":12.0,"turns":4.0},{"damage":4,"enemies":"Exordium Thugs","floor":14,"turns":5},{"damage":42,"enemies":"Slime Boss","floor":16,"turns":6}],"seed_played":"-8484015249184021302","potions_obtained":[{"floor":2.0,"key":"GamblersBrew"},{"floor":4.0,"key":"SkillPotion"},{"floor":10.0,"key":"SpeedPotion"}],"is_trial":false,"path_per_floor":["M","M","?","M","$","R","M","?","T","M","R","M","$","M","R","B"],"character_chosen":"THE_SILENT","items_purchased":["Noxious Fumes"],"campfire_rested":2,"item_purchase_floors":[13],"current_hp_per_floor":[56,56,56,54,54,54,40,33,33,8,27,18,18,14,33,0],"gold":92,"neow_bonus":"UPGRADE_CARD","is_prod":false,"is_daily":false,"chose_seed":false,"campfire_upgraded":1,"win_rate":0,"timestamp":1563018041,"path_taken":["M","M","?","M","$","R","M","?","T","M","R","M","$","M","R","BOSS"],"build_version":"2019-07-05","purchased_purges":1,"victory":false,"max_hp_per_floor":[66,66,66,66,66,66,66,66,66,66,66,66,66,66,66,66],"card_choices":[{"not_picked":["Slice","Dagger Spray"],"picked":"Dodge and Roll","floor":1.0},{"not_picked":["Distraction","Underhanded Strike"],"picked":"Acrobatics","floor":2.0},{"not_picked":["Infinite Blades","Flying Knee"],"picked":"Deadly Poison","floor":4.0},{"not_picked":["Accuracy","Flechettes"],"picked":"Noxious Fumes","floor":7.0},{"not_picked":["Quick Slash","Bane"],"picked":"Dagger Spray","floor":10.0},{"not_picked":["PiercingWail","Deflect"],"picked":"Dodge and Roll","floor":12},{"not_picked":["Terror","Accuracy","Blade Dance"],"picked":"SKIP","floor":14}],"player_experience":764709,"relics_obtained":[{"floor":9.0,"key":"Blue Candle"}],"event_choices":[{"damage_healed":0.0,"max_hp_gain":0.0,"max_hp_loss":0.0,"gold_gain":0.0,"event_name":"Liars Game","player_choice":"Ignored","floor":3.0,"gold_loss":0.0,"damage_taken":0.0},{"cards_removed":["Defend_G"],"damage_healed":0.0,"max_hp_gain":0.0,"max_hp_loss":0.0,"gold_gain":0.0,"event_name":"Golden Wing","player_choice":"Card Removal","floor":8.0,"gold_loss":0.0,"damage_taken":7.0}],"is_beta":false,"boss_relics":[],"items_purged_floors":[13],"is_endless":false,"potions_floor_spawned":[2,4,10,12],"killed_by":"Slime Boss","ascension_level":20}