{"gold_per_floor":[112,124,42,42,56,56,84,84,132,151,151,70,85,115,115,115],"floor_reached":16,"playtime":641,"items_purged":[],"score":105,"play_id":"39a62f27-a94b-46c6-b0ae-3071c3a34779","local_time":"20181116205000","is_ascension_mode":true,"campfire_choices":[{"data":"Backflip","floor":6,"key":"SMITH"},{"floor":11,"key":"REST"},{"data":"Envenom","floor":15,"key":"SMITH"}],"neow_cost":"PERCENT_DAMAGE","seed_source_timestamp":13653220674840,"circlet_count":0,"master_deck":["Defend_G","Defend_G","Defend_G","Defend_G","Defend_G","Strike_G","Strike_G","Strike_G","Strike_G","Strike_G","Survivor","Neutralize","Blade Dance","Backstab","Backflip+1","Footwork","Quick Slash","Deflect","Outmaneuver","Envenom+1","Blur"],"relics":["Ring of the Snake","The Specimen","Orichalcum","Ninja Scroll","NlothsMask"],"potions_floor_usage":[7,7,16],"damage_taken":[{"damage":2,"enemies":"Small Slimes","floor":1,"turns":5},{"damage":0,"enemies":"2 Louse","floor":2,"turns":2},{"damage":0,"enemies":"Cultist","floor":5,"turns":3},{"damage":17,"enemies":"Gremlin Nob","floor":7,"turns":4},{"damage":0,"enemies":"Exordium Thugs","floor":10,"turns":5},{"damage":9,"enemies":"Exordium Wildlife","floor":13,"turns":3},{"damage":24,"enemies":"The Guardian","floor":16,"turns":17}],"seed_played":"2763481875151209550","potions_obtained":[{"floor":1,"key":"PowerPotion"},{"floor":2,"key":"LiquidBronze"},{"floor":5,"key":"LiquidBronze"}],"is_trial":false,"path_per_floor":["M","M","$","?","M","R","E","?","T","M","R","$","M","?","R","B"],"character_chosen":"THE_SILENT","items_purchased":["Backflip","Footwork","Envenom"],"campfire_rested":1,"item_purchase_floors":[3,3,12],"current_hp_per_floor":[47,47,47,29,29,29,12,12,12,12,33,33,24,24,24,0],"gold":115,"neow_bonus":"ONE_RARE_RELIC","is_prod":false,"is_daily":false,"chose_seed":false,"campfire_upgraded":2,"win_rate":0,"timestamp":1542388800,"path_taken":["M","M","$","?","M","R","E","?","T","?","R","?","M","?","R","BOSS"],"build_version":"2018-11-15","purchased_purges":0,"victory":false,"max_hp_per_floor":[70,70,70,70,70,70,70,70,70,70,70,70,70,70,70,70],"card_choices":[{"not_picked":["Escape Plan","Bane"],"picked":"Blade Dance","floor":1},{"not_picked":["Dagger Spray","Dagger Throw"],"picked":"Backstab","floor":2},{"not_picked":["Bouncing Flask","Prepared"],"picked":"Quick Slash","floor":5},{"not_picked":["Bane","Backflip"],"picked":"Deflect","floor":7},{"not_picked":["Endless Agony","Flying Knee"],"picked":"Outmaneuver","floor":10},{"not_picked":["Outmaneuver","Concentrate"],"picked":"Blur","floor":13}],"player_experience":151922,"relics_obtained":[{"floor":7,"key":"Ninja Scroll"}],"event_choices":[{"damage_healed":0,"gold_gain":0,"player_choice":"Success","damage_taken":18,"relics_obtained":["Orichalcum"],"max_hp_gain":0,"max_hp_loss":0,"event_name":"Scrap Ooze","floor":4,"gold_loss":0},{"damage_healed":0,"gold_gain":0,"player_choice":"Trade","damage_taken":0,"relics_obtained":["NlothsMask"],"max_hp_gain":0,"max_hp_loss":0,"event_name":"FaceTrader","floor":8,"gold_loss":0},{"damage_healed":0,"gold_gain":30,"player_choice":"Searched \u00272\u0027 times","damage_taken":0,"max_hp_gain":0,"max_hp_loss":0,"event_name":"Dead Adventurer","floor":14,"gold_loss":0}],"is_beta":true,"boss_relics":[],"items_purged_floors":[],"is_endless":false,"potions_floor_spawned":[1,2,5],"killed_by":"The Guardian","ascension_level":1}