{"gold_per_floor":[117,134,134,6,16,16,43,118,118,293,293,324,341,356,356,461,461,471,671,690,289,323,323,338,338,387,405,103,117,135,135,135,135],"floor_reached":33,"playtime":1516,"items_purged":["Strike_R","Defend_R","Defend_R"],"score":295,"play_id":"2fd9b171-90d6-4eec-b536-33ad09b9c80e","local_time":"20181226053444","is_ascension_mode":true,"campfire_choices":[{"data":"Shrug It Off","floor":6,"key":"SMITH"},{"data":"Demon Form","floor":11,"key":"SMITH"},{"data":"Flex","floor":15,"key":"SMITH"},{"data":"Offering","floor":23,"key":"SMITH"},{"data":"Brutality","floor":25,"key":"SMITH"},{"floor":32,"key":"REST"}],"neow_cost":"NONE","seed_source_timestamp":136031134603602,"circlet_count":0,"master_deck":["Defend_R","Defend_R","Bash","Wild Strike","Spot Weakness","Flex+1","Shrug It Off+1","Demon Form+1","Doubt","Pommel Strike","Uppercut","Heavy Blade","Offering+1","Whirlwind+1","Shockwave+1","Flame Barrier","Inflame","Violence","Flex+1","Brutality+1","Burning Pact","Mayhem","Bite","Bite","Bite","Bite","Bite"],"relics":["Burning Blood","Juzu Bracelet","Kunai","Mango","Sozu","Red Mask","Pen Nib"],"potions_floor_usage":[13,16,18,30],"damage_taken":[{"damage":0,"enemies":"Small Slimes","floor":1,"turns":3},{"damage":1,"enemies":"Cultist","floor":2,"turns":3},{"damage":6,"enemies":"2 Louse","floor":5,"turns":3},{"damage":23,"enemies":"3 Sentries","floor":7,"turns":8},{"damage":22,"enemies":"Gremlin Nob","floor":12,"turns":4},{"damage":2,"enemies":"Blue Slaver","floor":13,"turns":4},{"damage":5,"enemies":"Large Slime","floor":14,"turns":5},{"damage":38,"enemies":"Hexaghost","floor":16,"turns":9},{"damage":6,"enemies":"Spheric Guardian","floor":18,"turns":3},{"damage":19,"enemies":"Shell Parasite","floor":20,"turns":4},{"damage":35,"enemies":"Masked Bandits","floor":22,"turns":4},{"damage":6,"enemies":"3 Cultists","floor":24,"turns":2},{"damage":18,"enemies":"Centurion and Healer","floor":27,"turns":4},{"damage":26,"enemies":"Snake Plant","floor":29,"turns":3},{"damage":26,"enemies":"Shelled Parasite and Fungi","floor":30,"turns":4},{"damage":39,"enemies":"Collector","floor":33,"turns":3}],"seed_played":"2354361369157497932","potions_obtained":[{"floor":1,"key":"GamblersBrew"},{"floor":12,"key":"Block Potion"},{"floor":14,"key":"Swift Potion"},{"floor":16,"key":"BloodPotion"}],"is_trial":false,"path_per_floor":["M","M","?","$","M","R","E","?","T","?","R","E","M","M","R","B",null,"M","?","M","$","?","R","M","R","T","M","$","M","M","?","R","B"],"character_chosen":"IRONCLAD","items_purchased":["Flex","Flame Barrier","Inflame","Violence","Mayhem"],"campfire_rested":1,"item_purchase_floors":[4,21,21,21,28],"current_hp_per_floor":[80,80,73,73,73,73,56,45,45,45,45,43,47,48,48,16,94,94,94,81,81,52,52,52,52,52,40,40,20,9,9,28,0],"gold":135,"neow_bonus":"THREE_CARDS","is_prod":false,"is_daily":false,"chose_seed":false,"campfire_upgraded":5,"win_rate":0,"timestamp":1545789884,"path_taken":["M","M","?","$","M","R","E","?","T","?","R","E","M","M","R","BOSS","M","?","M","$","?","R","M","R","T","M","$","M","M","?","R","BOSS"],"build_version":"2018-12-20","purchased_purges":3,"victory":false,"max_hp_per_floor":[80,80,80,80,80,80,80,80,80,80,80,94,94,94,94,94,94,94,94,94,94,94,94,94,94,94,94,94,94,94,65,65,65],"card_choices":[{"not_picked":["Twin Strike","Clash"],"picked":"Wild Strike","floor":0},{"not_picked":["Blood for Blood","Feel No Pain"],"picked":"Flex","floor":1},{"not_picked":["Twin Strike","Pummel"],"picked":"Spot Weakness","floor":2},{"not_picked":["Sentinel","Sever Soul"],"picked":"Shrug It Off","floor":5},{"not_picked":["Pummel","Pommel Strike"],"picked":"Demon Form","floor":7},{"not_picked":["Headbutt","Juggernaut"],"picked":"Pommel Strike","floor":12},{"not_picked":["Twin Strike","Pommel Strike"],"picked":"Uppercut","floor":13},{"not_picked":["Intimidate","Twin Strike"],"picked":"Heavy Blade","floor":14},{"not_picked":["Reaper","Immolate"],"picked":"Offering","floor":16},{"not_picked":["Sword Boomerang","Evolve"],"picked":"Whirlwind+1","floor":18},{"not_picked":["Headbutt","Pommel Strike"],"picked":"Shockwave+1","floor":20},{"not_picked":["True Grit","Thunderclap"],"picked":"Flex+1","floor":22},{"not_picked":["Pummel","Perfected Strike"],"picked":"Brutality","floor":24},{"not_picked":["Metallicize","Wild Strike"],"picked":"Burning Pact","floor":27},{"not_picked":["Body Slam","Pummel","Headbutt"],"picked":"SKIP","floor":29},{"not_picked":["Armaments","Thunderclap","Clash"],"picked":"SKIP","floor":30}],"player_experience":200697,"relics_obtained":[{"floor":7,"key":"Juzu Bracelet"},{"floor":9,"key":"Kunai"},{"floor":12,"key":"Mango"},{"floor":22,"key":"Red Mask"},{"floor":26,"key":"Pen Nib"}],"event_choices":[{"cards_removed":["Flex"],"damage_healed":0,"gold_gain":0,"player_choice":"Card Removal","damage_taken":7,"max_hp_gain":0,"max_hp_loss":0,"event_name":"Golden Wing","floor":3,"gold_loss":0},{"damage_healed":0,"gold_gain":75,"player_choice":"Gather Gold","damage_taken":11,"max_hp_gain":0,"max_hp_loss":0,"event_name":"World of Goop","floor":8,"gold_loss":0},{"damage_healed":0,"gold_gain":175,"player_choice":"AGREE","damage_taken":0,"max_hp_gain":0,"max_hp_loss":0,"event_name":"Liars Game","floor":10,"gold_loss":0,"cards_obtained":["Doubt"]},{"damage_healed":0,"gold_gain":250,"player_choice":"Bet on Owner","damage_taken":0,"max_hp_gain":0,"max_hp_loss":0,"event_name":"The Joust","floor":19,"gold_loss":50},{"damage_healed":0,"gold_gain":0,"player_choice":"Fought Bandits","damage_taken":0,"max_hp_gain":0,"max_hp_loss":0,"event_name":"Masked Bandits","floor":22,"gold_loss":0},{"damage_healed":0,"gold_gain":0,"player_choice":"Became a vampire","damage_taken":0,"max_hp_gain":0,"max_hp_loss":29,"event_name":"Vampires","floor":31,"gold_loss":0,"cards_obtained":["Bite","Bite","Bite","Bite","Bite"]}],"is_beta":true,"boss_relics":[{"not_picked":["Tiny House","Snecko Eye"],"picked":"Sozu"}],"items_purged_floors":[4,21,28],"is_endless":false,"potions_floor_spawned":[1,12,14,16,18,20,27],"killed_by":"Collector","ascension_level":1}