{"gold_per_floor":[109,134,150,150,173,173,192,192,192,226,75,113,133,156,156,279,279,295,295,311,311,311,311,345,345,345,369,369,385,385,406,406,525,525,540,500,514,360,693,693,704,704],"floor_reached":42,"playtime":1534,"items_purged":["Injury"],"score":449,"play_id":"46c3e8d9-c83f-41c0-ad7b-bcbf29d2e702","local_time":"20181110205009","is_ascension_mode":true,"campfire_choices":[{"data":"Blood for Blood","floor":6,"key":"SMITH"},{"data":"Whirlwind","floor":8,"key":"SMITH"},{"data":"Rage","floor":15,"key":"SMITH"},{"data":"Bloodletting","floor":23,"key":"SMITH"},{"data":"Shockwave","floor":28,"key":"SMITH"},{"data":"Offering","floor":30,"key":"SMITH"},{"data":"Fire Breathing","floor":32,"key":"SMITH"},{"data":"Demon Form","floor":40,"key":"SMITH"}],"neow_cost":"NONE","seed_source_timestamp":4184279685146,"circlet_count":0,"master_deck":["Strike_R","Strike_R+1","Strike_R","Strike_R+1","Defend_R","Defend_R","Defend_R","Bash","Whirlwind+1","Blood for Blood+1","Spot Weakness","Intimidate","Immolate","Bloodletting+1","Rage+1","Disarm","Battle Trance","Double Tap","Seeing Red+1","Intimidate","Offering+1","Flex+1","Necronomicurse","Shockwave+1","Juggernaut","Shrug It Off","Power Through+1","Fire Breathing+1","Brutality","Seeing Red","Warcry","Demon Form+1","Blood for Blood"],"relics":["Burning Blood","Bronze Scales","Pantograph","Potion Belt","Whetstone","Sozu","Necronomicon","Regal Pillow","Vajra","Cursed Key"],"potions_floor_usage":[7,10,12,16],"damage_taken":[{"damage":0,"enemies":"Cultist","floor":1,"turns":4},{"damage":2,"enemies":"2 Louse","floor":3,"turns":2},{"damage":0,"enemies":"Small Slimes","floor":5,"turns":3},{"damage":0,"enemies":"3 Louse","floor":7,"turns":1},{"damage":9,"enemies":"3 Sentries","floor":10,"turns":3},{"damage":16,"enemies":"Gremlin Nob","floor":12,"turns":3},{"damage":0,"enemies":"Lots of Slimes","floor":13,"turns":1},{"damage":14,"enemies":"Blue Slaver","floor":14,"turns":3},{"damage":56,"enemies":"The Guardian","floor":16,"turns":7},{"damage":4,"enemies":"Shell Parasite","floor":18,"turns":2},{"damage":9,"enemies":"Chosen","floor":20,"turns":2},{"damage":12,"enemies":"Book of Stabbing","floor":24,"turns":3},{"damage":1,"enemies":"Shelled Parasite and Fungi","floor":27,"turns":2},{"damage":13,"enemies":"Snake Plant","floor":29,"turns":2},{"damage":0,"enemies":"Centurion and Healer","floor":31,"turns":1},{"damage":30,"enemies":"Automaton","floor":33,"turns":6},{"damage":2,"enemies":"Orb Walker","floor":35,"turns":2},{"damage":14,"enemies":"3 Shapes","floor":37,"turns":4},{"damage":45,"enemies":"Jaw Worm Horde","floor":41,"turns":5},{"damage":47,"enemies":"Reptomancer","floor":42,"turns":2}],"seed_played":"6112308963231283263","potions_obtained":[{"floor":3,"key":"Poison Potion"},{"floor":5,"key":"Strength Potion"},{"floor":7,"key":"GamblersBrew"},{"floor":12,"key":"EssenceOfSteel"}],"is_trial":false,"path_per_floor":["M","T","M","?","M","R","M","R","T","E","$","E","M","M","R","B",null,"M","?","M","?","?","R","E","?","T","M","R","M","R","M","R","B",null,"M","?","M","$","?","R","M","E"],"character_chosen":"IRONCLAD","items_purchased":["Bloodletting","Demon Form"],"campfire_rested":0,"item_purchase_floors":[11,38],"current_hp_per_floor":[88,88,88,88,88,88,88,88,88,85,85,75,81,73,73,38,88,88,88,85,69,69,69,63,63,63,68,68,61,61,67,67,64,88,88,88,80,80,80,80,41,0],"gold":704,"neow_bonus":"TEN_PERCENT_HP_BONUS","is_prod":false,"is_daily":false,"chose_seed":false,"campfire_upgraded":8,"win_rate":0,"timestamp":1541870409,"path_taken":["M","?","M","?","M","R","M","R","T","E","$","E","M","M","R","BOSS","M","?","M","?","?","R","E","?","T","M","R","?","R","M","R","BOSS","M","?","M","?","?","R","?","E"],"build_version":"2018-11-08","purchased_purges":1,"victory":false,"max_hp_per_floor":[88,88,88,88,88,88,88,88,88,88,88,88,88,88,88,88,88,88,88,88,88,88,88,88,88,88,88,88,88,88,88,88,88,88,88,88,88,88,88,88,88,88],"card_choices":[{"not_picked":["Pommel Strike","Intimidate"],"picked":"Whirlwind","floor":1},{"not_picked":["Body Slam","Headbutt"],"picked":"Blood for Blood","floor":3},{"not_picked":["Infernal Blade","Sword Boomerang"],"picked":"Spot Weakness","floor":5},{"not_picked":["Dual Wield","Sever Soul"],"picked":"Intimidate","floor":7},{"not_picked":["Iron Wave","Carnage"],"picked":"Immolate","floor":10},{"not_picked":["Immolate","Iron Wave"],"picked":"Rage","floor":12},{"not_picked":["Armaments","Perfected Strike"],"picked":"Disarm","floor":13},{"not_picked":["Wild Strike","Sever Soul"],"picked":"Battle Trance","floor":14},{"not_picked":["Juggernaut","Immolate"],"picked":"Double Tap","floor":16},{"not_picked":["Iron Wave+1","Sword Boomerang+1"],"picked":"Seeing Red+1","floor":18},{"not_picked":["Warcry","Hemokinesis"],"picked":"Flex+1","floor":20},{"not_picked":["Dark Embrace","Warcry"],"picked":"Shockwave","floor":24},{"not_picked":["Armaments","Cleave"],"picked":"Shrug It Off","floor":27},{"not_picked":["Metallicize","Searing Blow+1"],"picked":"Power Through+1","floor":29},{"not_picked":["True Grit","Anger"],"picked":"Fire Breathing","floor":31},{"not_picked":["Double Tap","Offering"],"picked":"Brutality","floor":33},{"not_picked":["Heavy Blade","Armaments"],"picked":"Seeing Red","floor":35},{"not_picked":["Iron Wave+1","Thunderclap"],"picked":"Warcry","floor":37},{"not_picked":["Feel No Pain","Power Through+1"],"picked":"Blood for Blood","floor":41}],"player_experience":148018,"relics_obtained":[{"floor":2,"key":"Bronze Scales"},{"floor":9,"key":"Pantograph"},{"floor":10,"key":"Potion Belt"},{"floor":12,"key":"Whetstone"},{"floor":21,"key":"Necronomicon"},{"floor":24,"key":"Regal Pillow"},{"floor":26,"key":"Vajra"}],"event_choices":[{"damage_healed":0,"gold_gain":0,"player_choice":"Take Wound","damage_taken":0,"relics_obtained":["Golden Idol"],"max_hp_gain":0,"max_hp_loss":0,"event_name":"Golden Idol","floor":4,"gold_loss":0,"cards_obtained":["Injury"]},{"damage_healed":0,"gold_gain":0,"cards_transformed":["Strike_R","Defend_R"],"player_choice":"Became Test Subject","damage_taken":0,"max_hp_gain":0,"max_hp_loss":0,"event_name":"Drug Dealer","floor":19,"gold_loss":0,"cards_obtained":["Intimidate","Offering"]},{"damage_healed":0,"gold_gain":0,"player_choice":"Obtained Book","damage_taken":16,"max_hp_gain":0,"max_hp_loss":0,"event_name":"Cursed Tome","floor":21,"gold_loss":0},{"damage_healed":0,"gold_gain":0,"player_choice":"Ignored","damage_taken":0,"max_hp_gain":0,"max_hp_loss":0,"event_name":"Ghosts","floor":22,"gold_loss":0},{"damage_healed":0,"gold_gain":0,"player_choice":"1 cards matched","damage_taken":0,"max_hp_gain":0,"max_hp_loss":0,"event_name":"Match and Keep!","floor":25,"gold_loss":0,"cards_obtained":["Juggernaut"]},{"damage_healed":0,"gold_gain":0,"player_choice":"Bought 3 Potions","damage_taken":0,"max_hp_gain":0,"max_hp_loss":0,"event_name":"The Woman in Blue","floor":36,"gold_loss":0},{"damage_healed":0,"gold_gain":333,"player_choice":"Gave Idol","damage_taken":0,"max_hp_gain":0,"max_hp_loss":0,"event_name":"The Moai Head","floor":39,"relics_lost":["Golden Idol"],"gold_loss":0}],"is_beta":true,"boss_relics":[{"not_picked":["Velvet Choker","Busted Crown"],"picked":"Sozu"},{"not_picked":["Tiny House","Black Blood"],"picked":"Cursed Key"}],"items_purged_floors":[11],"is_endless":false,"potions_floor_spawned":[3,5,7,12,18,20,24,31,35,37],"killed_by":"Reptomancer","ascension_level":1}