{"gold_per_floor":[110,110,56,56,72,107,107,117,117,134,144,319,70,84,84,188,188,198,198,12,12,26,56,43,56,56,72,72],"floor_reached":28,"playtime":1055,"items_purged":["Defend_B","Strike_B"],"score":265,"play_id":"7bd1b273-5432-4891-a1d3-c6e67bd3f365","local_time":"20190610203515","is_ascension_mode":false,"campfire_choices":[{"data":"Coolheaded","floor":7.0,"key":"SMITH"},{"data":"Defragment","floor":15.0,"key":"SMITH"}],"neow_cost":"NONE","seed_source_timestamp":96454708904774,"circlet_count":0,"master_deck":["Strike_B","Strike_B","Defend_B","Defend_B","Defend_B","Zap+1","Dualcast","Fusion","Coolheaded+1","Leap","Cold Snap","Steam Power","Conserve Battery","Defragment+1","Redo","Electrodynamics","Turbo","Gash","Gash","Echo Form","Ball Lightning","Loop","Sweeping Beam","Auto Shields","Static Discharge","Turbo","Gash"],"special_seed":0,"relics":["Cracked Core","NeowsBlessing","Matryoshka","Happy Flower","Omamori","Membership Card","Orrery","Enchiridion","Bronze Scales","Du-Vu Doll","Art of War","Frozen Egg 2"],"potions_floor_usage":[27,28],"damage_taken":[{"damage":0.0,"enemies":"2 Louse","floor":1.0,"turns":1.0},{"damage":0.0,"enemies":"Jaw Worm","floor":5.0,"turns":1.0},{"damage":0.0,"enemies":"Lagavulin","floor":6.0,"turns":1.0},{"damage":0.0,"enemies":"Small Slimes","floor":8.0,"turns":3.0},{"damage":0.0,"enemies":"3 Louse","floor":10.0,"turns":3.0},{"damage":0.0,"enemies":"Blue Slaver","floor":11.0,"turns":3.0},{"damage":27.0,"enemies":"Gremlin Gang","floor":14.0,"turns":5.0},{"damage":33.0,"enemies":"Slime Boss","floor":16.0,"turns":16.0},{"damage":19.0,"enemies":"2 Thieves","floor":18.0,"turns":3.0},{"damage":9.0,"enemies":"Spheric Guardian","floor":22.0,"turns":4.0},{"damage":18.0,"enemies":"Book of Stabbing","floor":23.0,"turns":6.0},{"damage":8.0,"enemies":"Snecko","floor":25.0,"turns":4.0},{"damage":8,"enemies":"Chosen and Byrds","floor":27,"turns":4},{"damage":10,"enemies":"Centurion and Healer","floor":28,"turns":2}],"seed_played":"-4685141005405955990","potions_obtained":[{"floor":1.0,"key":"Weak Potion"},{"floor":6.0,"key":"SpeedPotion"},{"floor":10.0,"key":"SkillPotion"},{"floor":16.0,"key":"Poison Potion"},{"floor":22.0,"key":"Dexterity Potion"},{"floor":25.0,"key":"Weak Potion"},{"floor":27,"key":"Weak Potion"}],"is_trial":false,"path_per_floor":["M","?","$","?","M","E","R","M","T","M","M","?","$","M","R","B",null,"M","?","$","?","M","E","$","M","T","M","M"],"character_chosen":"DEFECT","items_purchased":["Coolheaded","Membership Card","Defragment","Ball Lightning","Bronze Scales","Loop","Turbo"],"campfire_rested":0,"item_purchase_floors":[3,13,13,20,20,20,24],"current_hp_per_floor":[75,75,75,80,80,80,80,80,80,80,80,80,80,53,53,20,80,61,45,45,45,36,18,18,10,10,2,0],"gold":72,"neow_bonus":"THREE_ENEMY_KILL","is_prod":false,"is_daily":false,"chose_seed":false,"campfire_upgraded":2,"win_rate":0,"timestamp":1560186315,"path_taken":["M","?","$","?","M","E","R","M","T","M","M","?","$","M","R","BOSS","M","?","$","?","?","E","$","M","T","M","M"],"build_version":"2019-06-07","purchased_purges":2,"victory":false,"max_hp_per_floor":[75,75,75,80,80,80,80,80,80,80,80,80,80,80,80,80,80,80,80,80,80,80,80,80,80,80,80,80],"card_choices":[{"not_picked":["Skim","Force Field"],"picked":"Fusion","floor":1.0},{"not_picked":["Redo","White Noise"],"picked":"Leap","floor":5.0},{"not_picked":["Skim","Compile Driver"],"picked":"Cold Snap","floor":6.0},{"not_picked":["Streamline","Force Field"],"picked":"Steam Power","floor":8.0},{"not_picked":["Aggregate","Reinforced Body","Recycle"],"picked":"SKIP","floor":10.0},{"not_picked":["Leap","Tempest"],"picked":"Conserve Battery","floor":11.0},{"not_picked":["Hologram","Go for the Eyes"],"picked":"Redo","floor":14.0},{"not_picked":["Multi-Cast","Core Surge"],"picked":"Electrodynamics","floor":16.0},{"not_picked":["Cold Snap","Recycle"],"picked":"Turbo","floor":17.0},{"not_picked":["Cold Snap","Aggregate"],"picked":"Gash","floor":17.0},{"not_picked":["Go for the Eyes","Genetic Algorithm"],"picked":"Gash","floor":17.0},{"not_picked":["Doom and Gloom","Redo"],"picked":"Echo Form","floor":18.0},{"not_picked":["Hologram","Sweeping Beam+1"],"picked":"Auto Shields","floor":22.0},{"not_picked":["Sweeping Beam","Coolheaded+1"],"picked":"Static Discharge","floor":23.0},{"not_picked":["Barrage+1","Leap+1","Reinforced Body"],"picked":"SKIP","floor":25.0},{"not_picked":["Conserve Battery+1","Darkness"],"picked":"Gash","floor":27}],"player_experience":690900,"relics_obtained":[{"floor":6.0,"key":"Matryoshka"},{"floor":9.0,"key":"Happy Flower"},{"floor":9.0,"key":"Omamori"},{"floor":19.0,"key":"Enchiridion"},{"floor":23.0,"key":"Du-Vu Doll"},{"floor":26.0,"key":"Art of War"},{"floor":26.0,"key":"Frozen Egg 2"}],"event_choices":[{"damage_healed":0.0,"max_hp_gain":0.0,"max_hp_loss":0.0,"gold_gain":0.0,"event_name":"Living Wall","player_choice":"Grow","floor":2.0,"gold_loss":0.0,"damage_taken":0.0,"cards_upgraded":["Zap"]},{"damage_healed":0.0,"max_hp_gain":5.0,"max_hp_loss":0.0,"gold_gain":0.0,"event_name":"Big Fish","player_choice":"Donut","floor":4.0,"gold_loss":0.0,"damage_taken":0.0},{"damage_healed":0.0,"max_hp_gain":0.0,"max_hp_loss":0.0,"gold_gain":175.0,"event_name":"Liars Game","player_choice":"AGREE","floor":12.0,"gold_loss":0.0,"damage_taken":0.0,"cards_obtained":["Doubt"]},{"damage_healed":0.0,"max_hp_gain":0.0,"max_hp_loss":0.0,"gold_gain":0.0,"event_name":"Cursed Tome","player_choice":"Obtained Book","floor":19.0,"gold_loss":0.0,"damage_taken":16.0},{"damage_healed":0.0,"max_hp_gain":0.0,"max_hp_loss":0.0,"gold_gain":0.0,"cards_transformed":["Strike_B"],"event_name":"Transmorgrifier","player_choice":"Transformed","floor":21.0,"gold_loss":0.0,"damage_taken":0.0,"cards_obtained":["Sweeping Beam"]}],"is_beta":true,"boss_relics":[{"not_picked":["Black Star","Tiny House"],"picked":"Orrery"}],"items_purged_floors":[13,20],"is_endless":false,"potions_floor_spawned":[1,6,10,16,22,25,27],"killed_by":"Centurion and Healer","ascension_level":0}