{"gold_per_floor":[119,136,149,160,175,175,175,193,193,206,206,224,240,93,93,224,224,164],"floor_reached":18,"playtime":727,"items_purged":["Strike_R"],"score":158,"play_id":"4709a7e0-8d14-4d23-8ce5-f7bf5fbd7d96","local_time":"20190502014258","is_ascension_mode":false,"campfire_choices":[{"floor":6.0,"key":"REST"},{"data":"Barricade","floor":11.0,"key":"SMITH"},{"data":"Second Wind","floor":15.0,"key":"SMITH"}],"neow_cost":"PERCENT_DAMAGE","seed_source_timestamp":6527500277942,"circlet_count":0,"master_deck":["Strike_R","Strike_R","Strike_R","Strike_R","Defend_R","Defend_R","Defend_R","Defend_R","Bash","Limit Break","Thunderclap","Pommel Strike","Barricade+1","Body Slam","Uppercut","Power Through","Power Through","Second Wind+1","Demon Form"],"special_seed":0,"relics":["Burning Blood","Golden Idol","Question Card","Runic Pyramid"],"potions_floor_usage":[18],"damage_taken":[{"damage":3.0,"enemies":"Small Slimes","floor":1.0,"turns":4.0},{"damage":15.0,"enemies":"Jaw Worm","floor":2.0,"turns":4.0},{"damage":1.0,"enemies":"Cultist","floor":3.0,"turns":3.0},{"damage":24.0,"enemies":"Large Slime","floor":4.0,"turns":7.0},{"damage":4.0,"enemies":"Blue Slaver","floor":5.0,"turns":3.0},{"damage":15.0,"enemies":"Gremlin Gang","floor":8.0,"turns":4.0},{"damage":5.0,"enemies":"Looter","floor":10.0,"turns":4.0},{"damage":6.0,"enemies":"Large Slime","floor":12.0,"turns":8.0},{"damage":9.0,"enemies":"Red Slaver","floor":13.0,"turns":5.0},{"damage":23.0,"enemies":"The Guardian","floor":16.0,"turns":16.0},{"damage":10,"enemies":"2 Thieves","floor":18,"turns":5}],"seed_played":"4672744923291766270","potions_obtained":[{"floor":2.0,"key":"Strength Potion"},{"floor":4.0,"key":"Explosive Potion"},{"floor":10.0,"key":"Block Potion"},{"floor":13.0,"key":"SpeedPotion"},{"floor":16.0,"key":"Poison Potion"}],"is_trial":false,"path_per_floor":["M","M","M","M","M","R","?","M","T","M","R","M","M","$","R","B",null,"M"],"character_chosen":"IRONCLAD","items_purchased":["Second Wind"],"campfire_rested":1,"item_purchase_floors":[14],"current_hp_per_floor":[59,50,55,37,39,63,63,54,54,55,55,55,52,52,52,35,74,64],"gold":164,"neow_bonus":"THREE_RARE_CARDS","is_prod":false,"is_daily":false,"chose_seed":false,"campfire_upgraded":2,"win_rate":0,"timestamp":1556748778,"path_taken":["M","M","M","M","M","R","?","M","T","M","R","M","M","$","R","BOSS","M"],"build_version":"2019-04-21","purchased_purges":1,"victory":false,"max_hp_per_floor":[80,80,80,80,80,80,74,74,74,74,74,74,74,74,74,74,74,74],"card_choices":[{"not_picked":["Exhume","Bludgeon"],"picked":"Limit Break","floor":0.0},{"not_picked":["Warcry","Perfected Strike","Wild Strike"],"picked":"SKIP","floor":1.0},{"not_picked":["Wild Strike","True Grit"],"picked":"Thunderclap","floor":2.0},{"not_picked":["Warcry","Body Slam"],"picked":"Pommel Strike","floor":3.0},{"not_picked":["Entrench","Flex","Body Slam"],"picked":"SKIP","floor":4.0},{"not_picked":["Flex","Sword Boomerang"],"picked":"Barricade","floor":5.0},{"not_picked":["Anger","Reckless Charge"],"picked":"Body Slam","floor":8.0},{"not_picked":["Second Wind","Twin Strike","Fire Breathing"],"picked":"Uppercut","floor":10.0},{"not_picked":["Twin Strike","Disarm","Perfected Strike"],"picked":"Power Through","floor":12.0},{"not_picked":["Blood for Blood","Fire Breathing","Warcry"],"picked":"Power Through","floor":13.0},{"not_picked":["Brutality","Juggernaut","Dark Embrace"],"picked":"Demon Form","floor":16.0}],"player_experience":673412,"relics_obtained":[{"floor":9.0,"key":"Question Card"}],"event_choices":[{"damage_healed":0.0,"max_hp_gain":0.0,"max_hp_loss":6.0,"gold_gain":0.0,"event_name":"Golden Idol","player_choice":"Lose Max HP","floor":7.0,"gold_loss":0.0,"damage_taken":0.0,"relics_obtained":["Golden Idol"]}],"is_beta":true,"boss_relics":[{"not_picked":["Calling Bell","Runic Dome"],"picked":"Runic Pyramid"}],"items_purged_floors":[14],"is_endless":false,"potions_floor_spawned":[2,4,10,13,16],"killed_by":"2 Thieves","ascension_level":0}