{"gold_per_floor":[114,129,129,145,145,145,170,170,170,170,186,221,221,221],"floor_reached":14,"playtime":608,"items_purged":[],"score":123,"play_id":"e461038a-c722-41bd-a11b-83bbf8b103c3","local_time":"20190728181727","is_ascension_mode":false,"campfire_choices":[{"data":"Chill","floor":6,"key":"SMITH"},{"floor":8,"key":"REST"},{"data":"Auto Shields","floor":13,"key":"SMITH"}],"neow_cost":"NONE","seed_source_timestamp":490958894980800,"circlet_count":0,"master_deck":["Strike_B","Strike_B","Strike_B","Strike_B","Defend_B","Defend_B","Defend_B","Defend_B","Zap","Dualcast","Forethought","Steam","Chill+1","Auto Shields+1"],"relics":["Cracked Core","Pear","Shuriken","Potion Belt"],"potions_floor_usage":[],"damage_taken":[{"damage":1,"enemies":"2 Louse","floor":1,"turns":2},{"damage":0,"enemies":"Small Slimes","floor":2,"turns":3},{"damage":0,"enemies":"Cultist","floor":4,"turns":4},{"damage":50,"enemies":"Gremlin Nob","floor":7,"turns":6},{"damage":2,"enemies":"Exordium Thugs","floor":11,"turns":7},{"damage":16,"enemies":"Lagavulin","floor":12,"turns":10},{"damage":49,"enemies":"Gremlin Nob","floor":14,"turns":5}],"seed_played":"1803729906754691221","potions_obtained":[{"floor":4,"key":"Weak Potion"},{"floor":7,"key":"SpeedPotion"},{"floor":10,"key":"EssenceOfSteel"}],"is_trial":false,"path_per_floor":["M","M","?","M","?","R","E","R","T","?","M","E","R","E"],"character_chosen":"DEFECT","items_purchased":[],"campfire_rested":1,"item_purchase_floors":[],"current_hp_per_floor":[74,74,74,74,79,79,39,66,66,66,64,48,48,0],"gold":221,"neow_bonus":"RANDOM_COLORLESS","is_prod":false,"is_daily":false,"chose_seed":false,"campfire_upgraded":2,"win_rate":0,"timestamp":1564319847,"path_taken":["M","M","?","M","?","R","E","R","T","?","M","E","R","E"],"build_version":"2019-07-17","purchased_purges":0,"victory":false,"max_hp_per_floor":[75,75,75,75,80,80,90,90,90,90,90,90,90,90],"card_choices":[{"not_picked":["Barrage","Lockon"],"picked":"Steam","floor":1},{"not_picked":["Streamline","Turbo","Rebound"],"picked":"SKIP","floor":2},{"not_picked":["Rebound","Darkness"],"picked":"Chill","floor":4},{"not_picked":["Redo","Chill","Compile Driver"],"picked":"SKIP","floor":7},{"not_picked":["Blizzard","Skim"],"picked":"Auto Shields","floor":11},{"not_picked":["Loop","Chill","Gash"],"picked":"SKIP","floor":12}],"player_experience":163589,"relics_obtained":[{"floor":7,"key":"Pear"},{"floor":9,"key":"Shuriken"},{"floor":12,"key":"Potion Belt"}],"event_choices":[{"damage_healed":0,"gold_gain":0,"player_choice":"Ignored","damage_taken":0,"max_hp_gain":0,"max_hp_loss":0,"event_name":"Liars Game","floor":3,"gold_loss":0},{"damage_healed":0,"gold_gain":0,"player_choice":"Donut","damage_taken":0,"max_hp_gain":5,"max_hp_loss":0,"event_name":"Big Fish","floor":5,"gold_loss":0},{"damage_healed":0,"gold_gain":0,"player_choice":"Got Potions","damage_taken":0,"max_hp_gain":0,"max_hp_loss":0,"event_name":"Lab","floor":10,"gold_loss":0}],"is_beta":false,"boss_relics":[],"items_purged_floors":[],"is_endless":false,"potions_floor_spawned":[4,7],"killed_by":"Gremlin Nob","ascension_level":0}