{"gold_per_floor":[115,127,97,113,127,127,155,167,167,167,167],"floor_reached":11,"playtime":471,"items_purged":[],"score":150,"play_id":"6e880c72-d3f7-423e-a11a-57ec32dc38ae","local_time":"20190801162946","is_ascension_mode":true,"campfire_choices":[{"floor":6.0,"key":"REST"},{"floor":10.0,"key":"REST"}],"neow_cost":"PERCENT_DAMAGE","seed_source_timestamp":11876077151800,"circlet_count":0,"master_deck":["AscendersBane","Strike_G","Strike_G","Strike_G","Strike_G","Strike_G","Defend_G","Defend_G","Defend_G","Defend_G","Defend_G","Survivor","Neutralize","Catalyst","Dodge and Roll","PiercingWail","Backflip","Acrobatics"],"special_seed":0,"relics":["Ring of the Snake","Dead Branch","Matryoshka"],"potions_floor_usage":[11],"damage_taken":[{"damage":11.0,"enemies":"Cultist","floor":1.0,"turns":5.0},{"damage":2.0,"enemies":"Small Slimes","floor":2.0,"turns":4.0},{"damage":2.0,"enemies":"Jaw Worm","floor":4.0,"turns":8.0},{"damage":30.0,"enemies":"Large Slime","floor":5.0,"turns":10.0},{"damage":27.0,"enemies":"3 Sentries","floor":7.0,"turns":9.0},{"damage":0.0,"enemies":"Exordium Wildlife","floor":8.0,"turns":5.0},{"damage":32,"enemies":"Lagavulin","floor":11,"turns":5}],"seed_played":"-6763619881957661131","potions_obtained":[{"floor":3.0,"key":"PowerPotion"},{"floor":3.0,"key":"SkillPotion"},{"floor":5.0,"key":"SneckoOil"},{"floor":7.0,"key":"EssenceOfSteel"},{"floor":8.0,"key":"FearPotion"}],"is_trial":false,"path_per_floor":["M","M","?","M","M","R","E","M","T","R","E"],"character_chosen":"THE_SILENT","items_purchased":[],"campfire_rested":2,"item_purchase_floors":[],"current_hp_per_floor":[45,43,43,41,11,34,7,7,7,30,0],"gold":167,"neow_bonus":"TWENTY_PERCENT_HP_BONUS","is_prod":false,"is_daily":false,"chose_seed":false,"campfire_upgraded":0,"win_rate":0,"timestamp":1564648186,"path_taken":["M","M","?","M","M","R","E","M","T","R","E"],"build_version":"2019-07-17","purchased_purges":0,"victory":false,"max_hp_per_floor":[78,78,78,78,78,78,78,78,78,78,78],"card_choices":[{"not_picked":["Underhanded Strike","Flechettes"],"picked":"Catalyst","floor":1.0},{"not_picked":["Tactician","Deflect"],"picked":"Dodge and Roll","floor":2.0},{"not_picked":["Accuracy","Terror"],"picked":"PiercingWail","floor":4.0},{"not_picked":["Heel Hook","Concentrate"],"picked":"Backflip","floor":5.0},{"not_picked":["Reflex","Choke"],"picked":"Acrobatics","floor":7.0},{"not_picked":["Bane","Backstab","Acrobatics"],"picked":"SKIP","floor":8.0}],"player_experience":768543,"relics_obtained":[{"floor":7.0,"key":"Dead Branch"},{"floor":9.0,"key":"Matryoshka"}],"event_choices":[{"damage_healed":0.0,"max_hp_gain":0.0,"max_hp_loss":0.0,"gold_gain":0.0,"event_name":"The Woman in Blue","player_choice":"Bought 2 Potions","floor":3.0,"gold_loss":0.0,"damage_taken":0.0}],"is_beta":false,"boss_relics":[],"items_purged_floors":[],"is_endless":false,"potions_floor_spawned":[4,5,7,8],"killed_by":"Lagavulin","ascension_level":20}