{"gold_per_floor":[110,22,22,22,22,22,52,52,52,63,63,77,141,174,174,275,275,275,275,275,76,46,46,46,46,46,46,46,46,46,46,46,46,46,46,46,46,46,46,46,46,46,46,46,46,46,46,46,46,46],"floor_reached":50,"playtime":2189,"items_purged":["Strike_R"],"score":553,"play_id":"65d54e74-8d4d-438d-9637-b1d399cee683","local_time":"20190526194027","is_ascension_mode":false,"campfire_choices":[{"data":"Metallicize","floor":6.0,"key":"SMITH"},{"data":"Seeing Red","floor":8.0,"key":"SMITH"},{"data":"Pommel Strike","floor":11.0,"key":"SMITH"},{"data":"Carnage","floor":15.0,"key":"SMITH"},{"data":"Berserk","floor":23.0,"key":"SMITH"},{"floor":29.0,"key":"REST"},{"floor":32,"key":"REST"},{"floor":40,"key":"REST"},{"data":"Offering","floor":42,"key":"SMITH"},{"floor":49,"key":"REST"}],"neow_cost":"NONE","seed_source_timestamp":3279129467756,"circlet_count":0,"master_deck":["Strike_R","Strike_R","Strike_R+1","Defend_R+1","Defend_R","Defend_R","Defend_R","Bash","Carnage+1","Metallicize+1","Clothesline","Seeing Red+1","Pommel Strike+1","Hemokinesis","Berserk+1","Shrug It Off","Pommel Strike+1","Metallicize","Shrug It Off+1","Inflame","Entrench","Offering+1","Armaments+1","Blood for Blood+1","Parasite","Headbutt","Fire Breathing"],"special_seed":0,"relics":["Burning Blood","NeowsBlessing","Self Forming Clay","Smiling Mask","Calipers","Red Skull","Champion Belt","Ectoplasm","Oddly Smooth Stone","Paper Frog","Du-Vu Doll","Busted Crown","Centennial Puzzle"],"potions_floor_usage":[31,33,37,47,48,50,50],"damage_taken":[{"damage":0.0,"enemies":"2 Louse","floor":1.0,"turns":1.0},{"damage":2.0,"enemies":"3 Sentries","floor":7.0,"turns":2.0},{"damage":0.0,"enemies":"Jaw Worm","floor":10.0,"turns":1.0},{"damage":0.0,"enemies":"Small Slimes","floor":12.0,"turns":2.0},{"damage":14.0,"enemies":"3 Sentries","floor":13.0,"turns":7.0},{"damage":14.0,"enemies":"Lagavulin","floor":14.0,"turns":5.0},{"damage":25.0,"enemies":"Slime Boss","floor":16.0,"turns":9.0},{"damage":15.0,"enemies":"Chosen","floor":18.0,"turns":6.0},{"damage":4.0,"enemies":"2 Thieves","floor":22.0,"turns":3.0},{"damage":3.0,"enemies":"Cultist and Chosen","floor":24.0,"turns":4.0},{"damage":22.0,"enemies":"3 Cultists","floor":25.0,"turns":6.0},{"damage":11.0,"enemies":"Snake Plant","floor":27.0,"turns":3.0},{"damage":29.0,"enemies":"Sentry and Sphere","floor":28.0,"turns":5.0},{"damage":27,"enemies":"Slavers","floor":30,"turns":5},{"damage":8,"enemies":"Shelled Parasite and Fungi","floor":31,"turns":4},{"damage":15,"enemies":"Automaton","floor":33,"turns":14},{"damage":20,"enemies":"3 Darklings","floor":35,"turns":4},{"damage":0,"enemies":"3 Shapes","floor":36,"turns":7},{"damage":32,"enemies":"Jaw Worm Horde","floor":37,"turns":5},{"damage":9,"enemies":"3 Darklings","floor":38,"turns":6},{"damage":9,"enemies":"Writhing Mass","floor":39,"turns":5},{"damage":15,"enemies":"Spire Growth","floor":45,"turns":4},{"damage":9,"enemies":"Transient","floor":46,"turns":5},{"damage":16,"enemies":"3 Darklings","floor":47,"turns":4},{"damage":10,"enemies":"Writhing Mass","floor":48,"turns":4},{"damage":78,"enemies":"Awakened One","floor":50,"turns":9}],"seed_played":"6777005977179191114","potions_obtained":[{"floor":10.0,"key":"SteroidPotion"},{"floor":14.0,"key":"Strength Potion"},{"floor":16.0,"key":"FearPotion"},{"floor":22.0,"key":"Strength Potion"},{"floor":25.0,"key":"Explosive Potion"},{"floor":30,"key":"Strength Potion"},{"floor":31,"key":"EssenceOfSteel"},{"floor":33,"key":"LiquidBronze"},{"floor":38,"key":"BloodPotion"},{"floor":39,"key":"Explosive Potion"},{"floor":44,"key":"LiquidBronze"},{"floor":46,"key":"Energy Potion"},{"floor":47,"key":"Block Potion"}],"is_trial":false,"path_per_floor":["M","$","?","?","?","R","E","R","T","M","R","M","?","E","R","B",null,"M","?","?","$","M","R","M","M","T","M","M","R","E","M","R","B",null,"M","M","M","M","M","R","?","R","T","?","M","M","M","M","R","B"],"character_chosen":"IRONCLAD","items_purchased":["Metallicize","Clothesline","Oddly Smooth Stone"],"campfire_rested":4,"item_purchase_floors":[2,2,21],"current_hp_per_floor":[80,80,80,62,46,46,50,50,50,56,56,62,54,46,46,27,80,71,71,71,71,73,73,76,60,60,55,32,56,35,33,57,48,80,66,72,46,43,40,64,64,64,64,64,55,52,42,38,62,0],"gold":46,"neow_bonus":"THREE_ENEMY_KILL","is_prod":false,"is_daily":false,"chose_seed":false,"campfire_upgraded":6,"win_rate":0,"timestamp":1558887027,"path_taken":["M","$","?","?","?","R","E","R","T","M","R","M","?","E","R","BOSS","M","?","?","$","?","R","M","M","T","M","M","R","E","M","R","BOSS","M","M","M","M","M","R","?","R","T","?","M","?","M","M","R","BOSS"],"build_version":"2019-05-24v2","purchased_purges":1,"victory":false,"max_hp_per_floor":[80,80,80,80,80,80,80,80,80,80,80,80,80,80,80,80,80,80,80,80,80,80,80,80,80,80,80,80,80,80,80,80,80,80,80,80,80,80,80,80,80,80,80,80,80,80,80,80,80,80],"card_choices":[{"not_picked":["Flex","Iron Wave"],"picked":"Carnage","floor":1.0},{"not_picked":["Shrug It Off","Heavy Blade"],"picked":"Seeing Red","floor":7.0},{"not_picked":["Ghostly Armor","Twin Strike"],"picked":"Pommel Strike","floor":10.0},{"not_picked":["Barricade","Armaments"],"picked":"Hemokinesis","floor":12.0},{"not_picked":["Clothesline","Perfected Strike","Dual Wield"],"picked":"SKIP","floor":14.0},{"not_picked":["Bludgeon","Fiend Fire"],"picked":"Berserk","floor":16.0},{"not_picked":["Clash","Pummel"],"picked":"Shrug It Off","floor":18.0},{"not_picked":["Flex","Whirlwind","Perfected Strike"],"picked":"SKIP","floor":22.0},{"not_picked":["Perfected Strike+1","Twin Strike"],"picked":"Pommel Strike+1","floor":24.0},{"not_picked":["Flex+1","True Grit+1"],"picked":"Metallicize","floor":25.0},{"not_picked":["True Grit","Reckless Charge","Feel No Pain+1"],"picked":"SKIP","floor":27.0},{"not_picked":["Wild Strike","Thunderclap"],"picked":"Shrug It Off+1","floor":28.0},{"not_picked":["Thunderclap","Berserk"],"picked":"Inflame","floor":30},{"not_picked":["Heavy Blade","Clash"],"picked":"Entrench","floor":31},{"not_picked":["Fiend Fire","Feed"],"picked":"Offering","floor":33},{"not_picked":[],"picked":"Armaments+1","floor":35},{"not_picked":["Sentinel"],"picked":"SKIP","floor":36},{"not_picked":["Pommel Strike+1"],"picked":"SKIP","floor":37},{"not_picked":[],"picked":"Blood for Blood+1","floor":38},{"not_picked":["Flex"],"picked":"SKIP","floor":39},{"not_picked":["Anger"],"picked":"SKIP","floor":45},{"not_picked":[],"picked":"Headbutt","floor":46},{"not_picked":[],"picked":"Fire Breathing","floor":47},{"not_picked":["Evolve"],"picked":"SKIP","floor":48}],"player_experience":683826,"relics_obtained":[{"floor":7.0,"key":"Calipers"},{"floor":13.0,"key":"Red Skull"},{"floor":14.0,"key":"Champion Belt"},{"floor":26.0,"key":"Paper Frog"},{"floor":30,"key":"Du-Vu Doll"},{"floor":43,"key":"Centennial Puzzle"}],"event_choices":[{"damage_healed":0.0,"max_hp_gain":0.0,"max_hp_loss":0.0,"gold_gain":0.0,"event_name":"Big Fish","player_choice":"Box","floor":3.0,"gold_loss":0.0,"damage_taken":0.0,"relics_obtained":["Self Forming Clay"],"cards_obtained":["Regret"]},{"damage_healed":0.0,"max_hp_gain":0.0,"max_hp_loss":0.0,"gold_gain":0.0,"event_name":"Scrap Ooze","player_choice":"Success","floor":4.0,"gold_loss":0.0,"damage_taken":18.0,"relics_obtained":["Smiling Mask"]},{"damage_healed":0.0,"max_hp_gain":0.0,"max_hp_loss":0.0,"gold_gain":0.0,"event_name":"Shining Light","player_choice":"Entered Light","floor":5.0,"gold_loss":0.0,"damage_taken":16.0,"cards_upgraded":["Defend_R","Strike_R"]},{"damage_healed":0.0,"max_hp_gain":0.0,"max_hp_loss":0.0,"gold_gain":0.0,"event_name":"Dead Adventurer","player_choice":"Searched \u00272\u0027 times","floor":13.0,"gold_loss":0.0,"damage_taken":0.0},{"damage_healed":0.0,"max_hp_gain":0.0,"max_hp_loss":0.0,"gold_gain":0.0,"event_name":"Ghosts","player_choice":"Ignored","floor":19.0,"gold_loss":0.0,"damage_taken":0.0},{"cards_removed":["Regret"],"damage_healed":0.0,"max_hp_gain":0.0,"max_hp_loss":0.0,"gold_gain":0.0,"event_name":"Purifier","player_choice":"Purged","floor":20.0,"gold_loss":0.0,"damage_taken":0.0},{"cards_removed":["Strike_R"],"damage_healed":0,"gold_gain":0,"player_choice":"Removed Attack","damage_taken":0,"max_hp_gain":0,"max_hp_loss":0,"event_name":"Falling","floor":41,"gold_loss":0},{"damage_healed":0,"gold_gain":0,"player_choice":"Got Potions","damage_taken":0,"max_hp_gain":0,"max_hp_loss":0,"event_name":"Lab","floor":44,"gold_loss":0}],"is_beta":true,"boss_relics":[{"not_picked":["Cursed Key","Snecko Eye"],"picked":"Ectoplasm"},{"not_picked":["Black Star","Mark of Pain"],"picked":"Busted Crown"}],"items_purged_floors":[21],"is_endless":false,"potions_floor_spawned":[10,14,16,22,25,30,31,33,38,39,46,47],"killed_by":"Awakened One","ascension_level":0}