{"gold_per_floor":[369,167,184,259,277,277,294,294,294,294,323,342,361,361,361,361],"floor_reached":16,"playtime":660,"items_purged":["Writhe"],"score":102,"play_id":"8c624c99-2b23-43ca-b46d-953d8b775121","local_time":"20190112012433","is_ascension_mode":false,"campfire_choices":[{"data":"Well Laid Plans","floor":6,"key":"SMITH"},{"data":"Neutralize","floor":10,"key":"SMITH"},{"floor":15,"key":"REST"}],"neow_cost":"CURSE","seed_source_timestamp":166281866780672,"circlet_count":0,"master_deck":["Defend_G","Defend_G","Defend_G","Defend_G","Strike_G","Strike_G","Strike_G","Strike_G","Strike_G","Survivor","Neutralize+1","Well Laid Plans+1","Caltrops+1","Blade Dance","Flying Knee","Quick Slash","Finisher","Dodge and Roll","Tactician","Acrobatics","Grand Finale"],"relics":["Ring of the Snake","Gambling Chip","Torii"],"potions_floor_usage":[11,16],"damage_taken":[{"damage":0,"enemies":"Cultist","floor":1,"turns":4},{"damage":1,"enemies":"Jaw Worm","floor":3,"turns":5},{"damage":0,"enemies":"Small Slimes","floor":5,"turns":4},{"damage":7,"enemies":"Blue Slaver","floor":7,"turns":4},{"damage":18,"enemies":"3 Sentries","floor":11,"turns":8},{"damage":8,"enemies":"2 Fungi Beasts","floor":12,"turns":3},{"damage":4,"enemies":"Lots of Slimes","floor":13,"turns":3},{"damage":57,"enemies":"Slime Boss","floor":16,"turns":5}],"seed_played":"-950404331732257877","potions_obtained":[{"floor":7,"key":"SpeedPotion"},{"floor":12,"key":"Swift Potion"}],"is_trial":false,"path_per_floor":["M","$","M","?","M","R","M","?","T","R","E","M","M","?","R","B"],"character_chosen":"THE_SILENT","items_purchased":["Caltrops","Blade Dance","Flying Knee"],"campfire_rested":1,"item_purchase_floors":[2,2,2],"current_hp_per_floor":[70,70,69,58,58,58,51,51,51,51,33,25,21,21,42,0],"gold":361,"neow_bonus":"TWO_FIFTY_GOLD","is_prod":false,"is_daily":false,"chose_seed":false,"campfire_upgraded":2,"win_rate":0,"timestamp":1547243673,"path_taken":["M","$","M","?","M","R","M","?","T","R","E","?","M","?","R","BOSS"],"build_version":"2019-01-10","purchased_purges":1,"victory":false,"max_hp_per_floor":[70,70,70,70,70,70,70,70,70,70,70,70,70,70,70,70],"card_choices":[{"not_picked":["PiercingWail","Underhanded Strike"],"picked":"Well Laid Plans","floor":1},{"not_picked":["Deadly Poison","Bouncing Flask"],"picked":"Quick Slash","floor":3},{"not_picked":["Deadly Poison","Slice"],"picked":"Finisher","floor":5},{"not_picked":["Skewer","Riddle With Holes"],"picked":"Dodge and Roll","floor":7},{"not_picked":["Predator","Unload"],"picked":"Tactician","floor":11},{"not_picked":["Underhanded Strike","Quick Slash"],"picked":"Acrobatics","floor":12},{"not_picked":["Dagger Spray","Deadly Poison","Acrobatics"],"picked":"SKIP","floor":13}],"player_experience":366165,"relics_obtained":[{"floor":9,"key":"Gambling Chip"},{"floor":11,"key":"Torii"}],"event_choices":[{"damage_healed":0,"gold_gain":75,"player_choice":"Gather Gold","damage_taken":11,"max_hp_gain":0,"max_hp_loss":0,"event_name":"World of Goop","floor":4,"gold_loss":0},{"damage_healed":0,"gold_gain":0,"player_choice":"Upgraded","damage_taken":0,"max_hp_gain":0,"max_hp_loss":0,"event_name":"Upgrade Shrine","floor":8,"gold_loss":0,"cards_upgraded":["Caltrops"]},{"damage_healed":0,"gold_gain":0,"cards_transformed":["Defend_G"],"player_choice":"Transformed","damage_taken":0,"max_hp_gain":0,"max_hp_loss":0,"event_name":"Transmorgrifier","floor":14,"gold_loss":0,"cards_obtained":["Grand Finale"]}],"is_beta":true,"boss_relics":[],"items_purged_floors":[2],"is_endless":false,"potions_floor_spawned":[7,12],"killed_by":"Slime Boss","ascension_level":0}