{"gold_per_floor":[116,191,201,214,214,214,240,240,240,240,260,277,293,306,306,306],"floor_reached":16,"playtime":1308,"items_purged":[],"score":114,"play_id":"9233eacf-7bc1-4676-beb1-72399267555b","local_time":"20181225175217","is_ascension_mode":true,"campfire_choices":[{"data":"Crippling Poison","floor":6,"key":"SMITH"},{"data":"Deflect","floor":8,"key":"SMITH"},{"data":"Neutralize","floor":10,"key":"SMITH"},{"floor":15,"key":"REST"}],"neow_cost":"NONE","seed_source_timestamp":94092062788878,"circlet_count":0,"master_deck":["Defend_G","Defend_G","Defend_G","Defend_G","Strike_G","Strike_G","Strike_G","Strike_G","Survivor","Neutralize+1","Slice","Crippling Poison+1","Deflect+1","Flying Knee","Backflip","Outmaneuver","Sucker Punch","Deflect"],"relics":["Empty Cage","Question Card","Strawberry"],"potions_floor_usage":[11,16,16,16],"damage_taken":[{"damage":1,"enemies":"Small Slimes","floor":1,"turns":4},{"damage":4,"enemies":"Jaw Worm","floor":3,"turns":3},{"damage":2,"enemies":"Cultist","floor":4,"turns":4},{"damage":29,"enemies":"3 Sentries","floor":7,"turns":16},{"damage":0,"enemies":"Large Slime","floor":11,"turns":5},{"damage":0,"enemies":"Exordium Thugs","floor":12,"turns":6},{"damage":1,"enemies":"Blue Slaver","floor":13,"turns":4},{"damage":3,"enemies":"Looter","floor":14,"turns":4},{"damage":51,"enemies":"Hexaghost","floor":16,"turns":16}],"seed_played":"-5093722047647586230","potions_obtained":[{"floor":3,"key":"Weak Potion"},{"floor":5,"key":"Energy Potion"},{"floor":5,"key":"GhostInAJar"},{"floor":11,"key":"SmokeBomb"},{"floor":12,"key":"GhostInAJar"},{"floor":13,"key":"Block Potion"}],"is_trial":false,"path_per_floor":["M","?","M","M","?","R","E","R","T","R","M","M","M","M","R","B"],"character_chosen":"THE_SILENT","items_purchased":[],"campfire_rested":1,"item_purchase_floors":[],"current_hp_per_floor":[69,58,54,52,52,52,23,23,30,30,30,30,29,26,49,0],"gold":306,"neow_bonus":"BOSS_RELIC","is_prod":false,"is_daily":false,"chose_seed":false,"campfire_upgraded":3,"win_rate":0,"timestamp":1545747737,"path_taken":["M","?","M","M","?","R","E","R","T","R","M","M","?","M","R","BOSS"],"build_version":"2018-12-20","purchased_purges":0,"victory":false,"max_hp_per_floor":[70,70,70,70,70,70,70,70,77,77,77,77,77,77,77,77],"card_choices":[{"not_picked":["Bane","Setup"],"picked":"Slice","floor":1},{"not_picked":["Flying Knee","Prepared"],"picked":"Crippling Poison","floor":3},{"not_picked":["Underhanded Strike","Predator"],"picked":"Deflect","floor":4},{"not_picked":["All Out Attack","Grand Finale"],"picked":"Flying Knee","floor":7},{"not_picked":["Predator","Masterful Stab","Underhanded Strike"],"picked":"Backflip","floor":11},{"not_picked":["Cloak And Dagger","Setup","Underhanded Strike"],"picked":"Outmaneuver","floor":12},{"not_picked":["Backflip","Dagger Throw","Flechettes"],"picked":"Sucker Punch","floor":13},{"not_picked":["Bane","Acrobatics","Backstab"],"picked":"Deflect","floor":14}],"player_experience":168074,"relics_obtained":[{"floor":7,"key":"Question Card"},{"floor":9,"key":"Strawberry"}],"event_choices":[{"damage_healed":0,"gold_gain":75,"player_choice":"Gather Gold","damage_taken":11,"max_hp_gain":0,"max_hp_loss":0,"event_name":"World of Goop","floor":2,"gold_loss":0},{"damage_healed":0,"gold_gain":0,"player_choice":"Got Potions","damage_taken":0,"max_hp_gain":0,"max_hp_loss":0,"event_name":"Lab","floor":5,"gold_loss":0}],"is_beta":true,"boss_relics":[],"items_purged_floors":[],"is_endless":false,"potions_floor_spawned":[3,11,12,13],"killed_by":"Hexaghost","ascension_level":2}