{"gold_per_floor":[112,112,0,0,13,40,51,66,66,100,112,130,82,96,96,193,193,133],"floor_reached":18,"playtime":1349,"items_purged":["Strike_G"],"score":183,"play_id":"3d2d2a13-c4b7-4350-a7e5-c96a4c0cabdd","local_time":"20190704210244","is_ascension_mode":true,"campfire_choices":[{"floor":15,"key":"REST"}],"neow_cost":"NONE","seed_source_timestamp":620532316200200,"circlet_count":0,"master_deck":["Strike_G","Strike_G","Strike_G","Strike_G","Defend_G","Defend_G","Defend_G","Defend_G+1","Defend_G","Survivor","Neutralize+1","Escape Plan","Well Laid Plans","Backflip","Backflip+1","Prepared+1","Backflip+1","Deflect+1","After Image"],"relics":["Ring of the Snake","Boot","Toxic Egg 2","Unceasing Top","Black Star"],"potions_floor_usage":[10],"damage_taken":[{"damage":0,"enemies":"2 Louse","floor":1,"turns":4},{"damage":0,"enemies":"Jaw Worm","floor":5,"turns":5},{"damage":42,"enemies":"Gremlin Nob","floor":6,"turns":7},{"damage":0,"enemies":"Cultist","floor":7,"turns":4},{"damage":1,"enemies":"Red Slaver","floor":8,"turns":7},{"damage":24,"enemies":"Lagavulin","floor":10,"turns":10},{"damage":0,"enemies":"Blue Slaver","floor":11,"turns":6},{"damage":0,"enemies":"3 Louse","floor":12,"turns":4},{"damage":0,"enemies":"2 Fungi Beasts","floor":14,"turns":6},{"damage":7,"enemies":"The Guardian","floor":16,"turns":29},{"damage":1,"enemies":"2 Thieves","floor":18,"turns":3}],"seed_played":"-8306767009564485468","potions_obtained":[{"floor":1,"key":"Explosive Potion"},{"floor":6,"key":"Swift Potion"},{"floor":7,"key":"Regen Potion"},{"floor":10,"key":"AttackPotion"}],"is_trial":false,"path_per_floor":["M","?","$","$","M","E","M","M","T","E","M","M","$","M","R","B",null,"M"],"character_chosen":"THE_SILENT","items_purchased":["Well Laid Plans","Backflip+1"],"campfire_rested":1,"item_purchase_floors":[3,13],"current_hp_per_floor":[77,62,62,62,62,20,20,19,19,10,10,10,10,10,33,26,77,76],"gold":133,"neow_bonus":"TEN_PERCENT_HP_BONUS","is_prod":false,"is_daily":false,"chose_seed":false,"campfire_upgraded":0,"win_rate":0,"timestamp":1562256164,"path_taken":["M","?","?","$","M","E","M","?","T","E","M","M","$","M","R","BOSS","M"],"build_version":"2019-07-01","purchased_purges":1,"victory":false,"max_hp_per_floor":[77,77,77,77,77,77,77,77,77,77,77,77,77,77,77,77,77,77],"card_choices":[{"not_picked":["Predator","Expertise"],"picked":"Escape Plan","floor":1},{"not_picked":["Dagger Throw","Quick Slash","Calculated Gamble"],"picked":"SKIP","floor":5},{"not_picked":["Expertise","Dagger Spray","Choke"],"picked":"SKIP","floor":6},{"not_picked":["Dodge and Roll","Dagger Spray"],"picked":"Backflip","floor":7},{"not_picked":["Distraction","Underhanded Strike","Blade Dance"],"picked":"SKIP","floor":8},{"not_picked":["Blade Dance+1","Choke","Sucker Punch"],"picked":"SKIP","floor":10},{"not_picked":["Heel Hook","Prepared+1"],"picked":"Backflip+1","floor":11},{"not_picked":["PiercingWail+1","Flying Knee"],"picked":"Prepared+1","floor":12},{"not_picked":["PiercingWail+1","Bane"],"picked":"Deflect+1","floor":14},{"not_picked":["Malaise+1","Glass Knife"],"picked":"After Image","floor":16}],"player_experience":90540,"relics_obtained":[{"floor":6,"key":"Boot"},{"floor":9,"key":"Toxic Egg 2"},{"floor":10,"key":"Unceasing Top"}],"event_choices":[{"damage_healed":0,"gold_gain":0,"player_choice":"Entered Light","damage_taken":15,"max_hp_gain":0,"max_hp_loss":0,"event_name":"Shining Light","floor":2,"gold_loss":0,"cards_upgraded":["Neutralize","Defend_G"]}],"is_beta":false,"boss_relics":[{"not_picked":["Empty Cage","White Beast Statue"],"picked":"Black Star"}],"items_purged_floors":[3],"is_endless":false,"potions_floor_spawned":[1,6,7,10,14],"killed_by":"2 Thieves","ascension_level":1}