{"gold_per_floor":[117,130,205,216,216,243,243,243,243,262,262,30,30,30,30,126,126,137,150,218,232,232,232,25,25,103,115,115,47,59,59,59,160,160,177,0,100,114,132,132,132,157,184,184,199,66,66,66,66,66],"floor_reached":50,"playtime":2680,"items_purged":["Strike_G","Defend_G"],"score":525,"play_id":"cde5e71d-a217-412c-a3f2-cc861fd1e124","local_time":"20190114050000","is_ascension_mode":true,"campfire_choices":[{"data":"Neutralize","floor":7.0,"key":"SMITH"},{"floor":11.0,"key":"REST"},{"floor":15.0,"key":"REST"},{"floor":23.0,"key":"REST"},{"data":"Malaise","floor":25.0,"key":"SMITH"},{"data":"Accuracy","floor":28.0,"key":"SMITH"},{"data":"Envenom","floor":32.0,"key":"SMITH"},{"data":"Envenom","floor":40.0,"key":"SMITH"},{"floor":44.0,"key":"REST"},{"floor":47,"key":"REST"},{"floor":49,"key":"RECALL"}],"neow_cost":"TEN_PERCENT_HP_LOSS","seed_source_timestamp":0,"circlet_count":0,"master_deck":["Defend_G","Defend_G","Strike_G","Survivor","Neutralize+1","Venomology","Cloak And Dagger","Accuracy","Infinite Blades","Burst","Accuracy","Backflip","Infinite Blades","Heel Hook","Malaise+1","Flying Knee","Cloak And Dagger","Cloak And Dagger","Accuracy+1","Dash","Backstab","Accuracy","Envenom+1","Slice+1","Well Laid Plans+1","Burst+1","Blade Dance+1","Outmaneuver+1","Envenom+1","Accuracy","Footwork+1","Noxious Fumes","Deflect"],"special_seed":0,"relics":["Ring of the Snake","Bottled Flame","Ninja Scroll","Bird Faced Urn","Empty Cage","Paper Crane","Ornamental Fan","Enchiridion","Astrolabe","Red Mask","Ice Cream","FossilizedHelix"],"potions_floor_usage":[45],"damage_taken":[{"damage":3.0,"enemies":"2 Louse","floor":1.0,"turns":6.0},{"damage":0.0,"enemies":"Jaw Worm","floor":2.0,"turns":5.0},{"damage":0.0,"enemies":"Cultist","floor":4.0,"turns":6.0},{"damage":34.0,"enemies":"Gremlin Nob","floor":6.0,"turns":5.0},{"damage":0.0,"enemies":"Looter","floor":10.0,"turns":3.0},{"damage":0.0,"enemies":"3 Sentries","floor":14.0,"turns":1.0},{"damage":17.0,"enemies":"Hexaghost","floor":16.0,"turns":8.0},{"damage":27.0,"enemies":"Spheric Guardian","floor":18.0,"turns":6.0},{"damage":17.0,"enemies":"3 Byrds","floor":19.0,"turns":6.0},{"damage":15.0,"enemies":"Shelled Parasite and Fungi","floor":21.0,"turns":8.0},{"damage":1.0,"enemies":"Snake Plant","floor":27.0,"turns":4.0},{"damage":2.0,"enemies":"Chosen and Byrds","floor":30.0,"turns":7.0},{"damage":3.0,"enemies":"Champ","floor":33.0,"turns":10.0},{"damage":0.0,"enemies":"Orb Walker","floor":35.0,"turns":4.0},{"damage":5.0,"enemies":"Mind Bloom Boss Battle","floor":37.0,"turns":7.0},{"damage":21.0,"enemies":"3 Darklings","floor":38.0,"turns":6.0},{"damage":12.0,"enemies":"Spire Growth","floor":39.0,"turns":6.0},{"damage":80.0,"enemies":"Reptomancer","floor":42.0,"turns":7.0},{"damage":23,"enemies":"4 Shapes","floor":45,"turns":7},{"damage":69,"enemies":"Awakened One","floor":50,"turns":4}],"seed_played":"8666646406459338316","potions_obtained":[{"floor":4.0,"key":"SmokeBomb"},{"floor":10.0,"key":"Strength Potion"},{"floor":18.0,"key":"EssenceOfSteel"},{"floor":33.0,"key":"Fruit Juice"},{"floor":37.0,"key":"FearPotion"},{"floor":39.0,"key":"Poison Potion"}],"is_trial":false,"path_per_floor":["M","M","?","M","?","E","R","?","T","M","R","$","T","E","R","B",null,"M","M","T","M","?","R","$","R","T","M","R","$","M","?","R","B",null,"M","?","?","M","M","R","?","E","T","R","M","$","R","?","R","B"],"character_chosen":"THE_SILENT","items_purchased":["Backflip","Infinite Blades","Heel Hook","Accuracy","Dash","Accuracy","Noxious Fumes","Deflect"],"campfire_rested":5,"item_purchase_floors":[12,12,12,24,24,29,46,46],"current_hp_per_floor":[60,60,49,49,49,15,15,12,12,12,30,30,30,30,48,54,63,40,43,43,36,25,45,45,45,45,52,52,52,60,44,44,62,73,73,73,70,60,66,66,66,15,15,36,31,31,52,52,52,0],"gold":66,"neow_bonus":"THREE_RARE_CARDS","is_prod":false,"is_daily":false,"chose_seed":false,"campfire_upgraded":5,"win_rate":0,"timestamp":1547429400,"path_taken":["M","M","?","M","?","E","R","?","T","M","R","$","?","E","R","BOSS","M","M","?","M","?","R","$","R","T","?","R","$","M","?","R","BOSS","M","?","?","M","M","R","?","E","T","R","M","$","R","?","R","BOSS"],"build_version":"2019-01-10","purchased_purges":2,"victory":false,"max_hp_per_floor":[63,63,63,63,63,63,63,63,63,63,63,63,63,63,63,63,63,63,63,63,63,68,68,68,68,68,68,68,68,68,68,68,73,73,73,73,73,73,73,73,73,73,73,73,73,73,73,73,73,73],"card_choices":[{"not_picked":["Corpse Explosion","Grand Finale"],"picked":"Venomology","floor":0.0},{"not_picked":["Concentrate","Catalyst"],"picked":"Cloak And Dagger","floor":1.0},{"not_picked":["Leg Sweep","Calculated Gamble"],"picked":"Accuracy","floor":2.0},{"not_picked":["Bouncing Flask","PiercingWail"],"picked":"Infinite Blades","floor":4.0},{"not_picked":["Outmaneuver","Tactician"],"picked":"Burst","floor":6.0},{"not_picked":["Blade Dance","Prepared"],"picked":"Accuracy","floor":10.0},{"not_picked":["Burst","Glass Knife"],"picked":"Malaise","floor":16.0},{"not_picked":["Deflect","Underhanded Strike+1"],"picked":"Flying Knee","floor":18.0},{"not_picked":["Concentrate","PiercingWail"],"picked":"Cloak And Dagger","floor":19.0},{"not_picked":["Prepared","Underhanded Strike"],"picked":"Cloak And Dagger","floor":21.0},{"not_picked":["Quick Slash","Escape Plan"],"picked":"Backstab","floor":27.0},{"not_picked":["Blur","Bane+1"],"picked":"Envenom","floor":30.0},{"not_picked":["Tools of the Trade","Grand Finale"],"picked":"Glass Knife","floor":33.0},{"not_picked":["Bane","Dagger Throw+1"],"picked":"Blade Dance+1","floor":35.0},{"not_picked":["Dagger Throw+1","Choke"],"picked":"Outmaneuver+1","floor":37.0},{"not_picked":["Riddle With Holes+1","Poisoned Stab","Quick Slash"],"picked":"SKIP","floor":38.0},{"not_picked":["Dagger Throw","Prepared+1"],"picked":"Envenom","floor":39.0},{"not_picked":["Prepared+1","Dagger Throw+1"],"picked":"Accuracy","floor":42.0},{"not_picked":["PiercingWail","Blade Dance+1"],"picked":"Footwork+1","floor":45}],"player_experience":431560,"relics_obtained":[{"floor":6.0,"key":"Bottled Flame"},{"floor":9.0,"key":"Ninja Scroll"},{"floor":13.0,"key":"Bird Faced Urn"},{"floor":20.0,"key":"Paper Crane"},{"floor":26.0,"key":"Ornamental Fan"},{"floor":31.0,"key":"Enchiridion"},{"floor":37.0,"key":"Ice Cream"},{"floor":42.0,"key":"FossilizedHelix"}],"event_choices":[{"damage_healed":0.0,"max_hp_gain":0.0,"max_hp_loss":0.0,"gold_gain":75.0,"event_name":"World of Goop","player_choice":"Gather Gold","floor":3.0,"gold_loss":0.0,"damage_taken":11.0},{"damage_healed":0.0,"max_hp_gain":0.0,"max_hp_loss":0.0,"gold_gain":0.0,"event_name":"Golden Idol","player_choice":"Ignored","floor":5.0,"gold_loss":0.0,"damage_taken":0.0},{"damage_healed":0.0,"max_hp_gain":0.0,"max_hp_loss":0.0,"gold_gain":0.0,"event_name":"Scrap Ooze","player_choice":"Fled","floor":8.0,"gold_loss":0.0,"damage_taken":3.0},{"damage_healed":0.0,"max_hp_gain":5.0,"max_hp_loss":0.0,"gold_gain":0.0,"event_name":"Forgotten Altar","player_choice":"Shed Blood","floor":22.0,"gold_loss":0.0,"damage_taken":16.0},{"damage_healed":0.0,"max_hp_gain":0.0,"max_hp_loss":0.0,"gold_gain":0.0,"event_name":"Cursed Tome","player_choice":"Obtained Book","floor":31.0,"gold_loss":0.0,"damage_taken":16.0},{"damage_healed":0.0,"max_hp_gain":0.0,"max_hp_loss":0.0,"gold_gain":0.0,"event_name":"Tomb of Lord Red Mask","player_choice":"Paid","floor":36.0,"gold_loss":177.0,"damage_taken":0.0,"relics_obtained":["Red Mask"]},{"damage_healed":0.0,"max_hp_gain":0.0,"max_hp_loss":0.0,"gold_gain":0.0,"event_name":"MindBloom","player_choice":"Fight","floor":37.0,"gold_loss":0.0,"damage_taken":0.0},{"cards_removed":["Strike_G"],"damage_healed":0.0,"max_hp_gain":0.0,"max_hp_loss":0.0,"gold_gain":0.0,"event_name":"Falling","player_choice":"Removed Attack","floor":41.0,"gold_loss":0.0,"damage_taken":0.0},{"damage_healed":0,"gold_gain":0,"player_choice":"Ignored","damage_taken":0,"max_hp_gain":0,"max_hp_loss":0,"event_name":"NoteForYourself","floor":48,"gold_loss":0}],"is_beta":true,"boss_relics":[{"not_picked":["White Beast Statue","Tiny House"],"picked":"Empty Cage"},{"not_picked":["Runic Dome","Coffee Dripper"],"picked":"Astrolabe"}],"items_purged_floors":[12,24],"is_endless":false,"potions_floor_spawned":[4,10,14,18,27,33,37,39],"killed_by":"Awakened One","ascension_level":1}