{"gold_per_floor":[109,24,24,37,53,53,68,81,81,94,94,124,134,163,163,262,262,273,373,383,401,401,104,134,134,134,149,149,168,168,179,179,179],"floor_reached":33,"playtime":9623,"items_purged":["Strike_R"],"score":320,"play_id":"f780741f-99f9-4c34-a583-7464bec6c11c","local_time":"20181225203543","is_ascension_mode":true,"campfire_choices":[{"data":"Heavy Blade","floor":6,"key":"SMITH"},{"data":"Flame Barrier","floor":11,"key":"SMITH"},{"data":"Inflame","floor":15,"key":"SMITH"},{"floor":25,"key":"REST"},{"data":"Offering","floor":30,"key":"SMITH"},{"data":"Rage","floor":32,"key":"SMITH"}],"neow_cost":"NONE","seed_source_timestamp":95416182634564,"circlet_count":0,"master_deck":["Strike_R","Strike_R","Strike_R","Strike_R","Defend_R","Defend_R","Defend_R","Defend_R","Bash","Pommel Strike","Inflame","Shrug It Off","Heavy Blade+1","Hemokinesis","Body Slam","Sword Boomerang","Flame Barrier+1","Inflame+1","Wild Strike","Impervious","Offering","Sword Boomerang+1","Shrug It Off","Anger","Blood for Blood","Flame Barrier","Offering+1","Rage+1","Armaments+1","Twin Strike"],"relics":["Burning Blood","WarpedTongs","Strawberry","Art of War","Bottled Flame","Lizard Tail","Smiling Mask","Mummified Hand","Bird Faced Urn"],"potions_floor_usage":[10,14,33,33,33],"damage_taken":[{"damage":12,"enemies":"Small Slimes","floor":1,"turns":5},{"damage":4,"enemies":"Cultist","floor":4,"turns":3},{"damage":2,"enemies":"2 Louse","floor":5,"turns":2},{"damage":13,"enemies":"Red Slaver","floor":7,"turns":3},{"damage":13,"enemies":"3 Louse","floor":8,"turns":3},{"damage":3,"enemies":"Gremlin Gang","floor":10,"turns":2},{"damage":16,"enemies":"Gremlin Nob","floor":12,"turns":4},{"damage":5,"enemies":"Blue Slaver","floor":13,"turns":2},{"damage":16,"enemies":"Lagavulin","floor":14,"turns":5},{"damage":24,"enemies":"Slime Boss","floor":16,"turns":7},{"damage":32,"enemies":"Shell Parasite","floor":18,"turns":6},{"damage":14,"enemies":"Chosen","floor":20,"turns":3},{"damage":41,"enemies":"Snake Plant","floor":21,"turns":5},{"damage":50,"enemies":"Slavers","floor":24,"turns":7},{"damage":13,"enemies":"Centurion and Healer","floor":27,"turns":4},{"damage":12,"enemies":"Snecko","floor":29,"turns":3},{"damage":32,"enemies":"Cultist and Chosen","floor":31,"turns":6},{"damage":68,"enemies":"Collector","floor":33,"turns":6}],"seed_played":"-7417063782855685038","potions_obtained":[{"floor":8,"key":"Fire Potion"},{"floor":12,"key":"Energy Potion"},{"floor":14,"key":"BloodPotion"},{"floor":18,"key":"SteroidPotion"},{"floor":20,"key":"GamblersBrew"},{"floor":27,"key":"BloodPotion"}],"is_trial":false,"path_per_floor":["M","$","?","M","M","R","M","M","T","M","R","E","M","E","R","B",null,"M","?","M","M","?","$","E","R","T","M","?","M","R","M","R","B"],"character_chosen":"IRONCLAD","items_purchased":["Inflame","Shrug It Off","Blood for Blood","Flame Barrier","Offering"],"campfire_rested":1,"item_purchase_floors":[2,2,23,23,23],"current_hp_per_floor":[82,82,82,84,88,88,81,74,81,84,84,74,75,65,65,47,95,69,69,61,26,26,26,34,62,62,55,55,51,51,29,29,0],"gold":179,"neow_bonus":"TEN_PERCENT_HP_BONUS","is_prod":false,"is_daily":false,"chose_seed":false,"campfire_upgraded":5,"win_rate":0,"timestamp":1545757543,"path_taken":["M","$","?","?","M","R","M","M","T","M","R","E","M","E","R","BOSS","M","?","M","?","?","$","E","R","T","?","?","M","R","M","R","BOSS"],"build_version":"2018-12-20","purchased_purges":1,"victory":false,"max_hp_per_floor":[88,88,88,88,88,88,88,88,95,95,95,95,95,95,95,95,95,95,95,95,95,95,95,95,95,95,95,95,95,95,95,95,95],"card_choices":[{"not_picked":["Thunderclap","Perfected Strike"],"picked":"Pommel Strike","floor":1},{"not_picked":["Armaments","Rampage"],"picked":"Heavy Blade","floor":4},{"not_picked":["Corruption","Pommel Strike"],"picked":"Hemokinesis","floor":5},{"not_picked":["Heavy Blade","Clothesline"],"picked":"Body Slam","floor":7},{"not_picked":["Armaments","Cleave"],"picked":"Sword Boomerang","floor":8},{"not_picked":["Clothesline","Warcry"],"picked":"Flame Barrier","floor":10},{"not_picked":["Sever Soul","Immolate"],"picked":"Inflame","floor":12},{"not_picked":["True Grit","Clothesline"],"picked":"Wild Strike","floor":13},{"not_picked":["True Grit","Uppercut"],"picked":"Impervious","floor":14},{"not_picked":["Barricade","Impervious"],"picked":"Offering","floor":16},{"not_picked":["Body Slam","Thunderclap"],"picked":"Sword Boomerang+1","floor":18},{"not_picked":["Clothesline","Body Slam"],"picked":"Shrug It Off","floor":20},{"not_picked":["Warcry","Body Slam"],"picked":"Anger","floor":21},{"not_picked":["Dual Wield","Clothesline","Feel No Pain"],"picked":"SKIP","floor":24},{"not_picked":["Headbutt+1","Thunderclap+1"],"picked":"Rage","floor":27},{"not_picked":["Anger","True Grit"],"picked":"Armaments+1","floor":29},{"not_picked":["Uppercut","Warcry+1"],"picked":"Twin Strike","floor":31}],"player_experience":169382,"relics_obtained":[{"floor":9,"key":"Strawberry"},{"floor":12,"key":"Art of War"},{"floor":14,"key":"Bottled Flame"},{"floor":24,"key":"Smiling Mask"},{"floor":26,"key":"Mummified Hand"}],"event_choices":[{"damage_healed":0,"gold_gain":0,"player_choice":"Rummage","damage_taken":0,"relics_obtained":["WarpedTongs"],"max_hp_gain":0,"max_hp_loss":0,"event_name":"Accursed Blacksmith","floor":3,"gold_loss":0,"cards_obtained":["Pain"]},{"damage_healed":0,"gold_gain":100,"player_choice":"Pray","damage_taken":0,"max_hp_gain":0,"max_hp_loss":0,"event_name":"Golden Shrine","floor":19,"gold_loss":0},{"cards_removed":["Pain"],"damage_healed":0,"gold_gain":0,"player_choice":"Removed Curses","damage_taken":0,"max_hp_gain":0,"max_hp_loss":0,"event_name":"Fountain of Cleansing","floor":22,"gold_loss":0},{"damage_healed":0,"gold_gain":0,"player_choice":"Opened","damage_taken":0,"relics_obtained":["Bird Faced Urn"],"max_hp_gain":0,"max_hp_loss":0,"event_name":"The Mausoleum","floor":28,"gold_loss":0}],"is_beta":true,"boss_relics":[{"not_picked":["Snecko Eye","White Beast Statue"],"picked":"Lizard Tail"}],"items_purged_floors":[23],"is_endless":false,"potions_floor_spawned":[8,12,14,18,20,27,29],"killed_by":"Collector","ascension_level":1}