{"gold_per_floor":[116,116,135,150,150,150,185,185,208,224,237,237,15,50,50,174,174,199,169,185,209,223,223,254,254,279,279,279,290,73,49,49,146,146,165,265,265,83,83,83,96,96,96,96,96,96,96,123,123,123,123,123,47,47],"floor_reached":54,"playtime":1603,"items_purged":["Parasite","Strike_B"],"score":766,"play_id":"b5378e0a-c97d-4b4e-ab17-316ba6f2a096","local_time":"20190801130630","is_ascension_mode":true,"campfire_choices":[{"data":"Dualcast","floor":6,"key":"SMITH"},{"data":"Sweeping Beam","floor":8,"key":"SMITH"},{"floor":15,"key":"REST"},{"floor":23,"key":"REST"},{"floor":25,"key":"REST"},{"floor":32,"key":"REST"},{"data":"Redo","floor":40,"key":"SMITH"},{"floor":42,"key":"RECALL"},{"floor":44,"key":"REST"},{"floor":47,"key":"REST"},{"floor":49,"key":"REST"},{"data":"Creative AI","floor":52,"key":"SMITH"}],"neow_cost":"NONE","seed_source_timestamp":36794998771900,"circlet_count":0,"master_deck":["Strike_B","Strike_B","Defend_B","Defend_B","Defend_B+1","Defend_B","Zap+1","Dualcast+1","Gash","Sweeping Beam+1","Compile Driver","Machine Learning","Leap+1","Electrodynamics","Gash","FTL","Auto Shields+1","Conserve Battery","Self Repair","Redo+1","Creative AI+1","FTL","White Noise+1","Gash","Static Discharge"],"relics":["FrozenCore","Bloody Idol","Oddly Smooth Stone","Vajra","PreservedInsect","Ice Cream","Busted Crown","Juzu Bracelet","Boot","Bottled Tornado","Orichalcum","Torii","Mercury Hourglass","War Paint"],"potions_floor_usage":[7,18,24,46],"damage_taken":[{"damage":2,"enemies":"Jaw Worm","floor":1,"turns":3},{"damage":0,"enemies":"Small Slimes","floor":3,"turns":2},{"damage":0,"enemies":"Cultist","floor":4,"turns":3},{"damage":15,"enemies":"Gremlin Nob","floor":7,"turns":3},{"damage":0,"enemies":"2 Fungi Beasts","floor":10,"turns":2},{"damage":11,"enemies":"Exordium Thugs","floor":11,"turns":4},{"damage":10,"enemies":"3 Sentries","floor":14,"turns":2},{"damage":24,"enemies":"Hexaghost","floor":16,"turns":8},{"damage":18,"enemies":"3 Byrds","floor":18,"turns":3},{"damage":0,"enemies":"Chosen","floor":20,"turns":4},{"damage":24,"enemies":"Snake Plant","floor":21,"turns":4},{"damage":2,"enemies":"Cultist and Chosen","floor":22,"turns":5},{"damage":27,"enemies":"Book of Stabbing","floor":24,"turns":5},{"damage":9,"enemies":"Centurion and Healer","floor":29,"turns":5},{"damage":35,"enemies":"Automaton","floor":33,"turns":9},{"damage":37,"enemies":"3 Darklings","floor":35,"turns":6},{"damage":17,"enemies":"Mind Bloom Boss Battle","floor":36,"turns":6},{"damage":7,"enemies":"3 Shapes","floor":41,"turns":4},{"damage":27,"enemies":"Spire Growth","floor":46,"turns":4},{"damage":30,"enemies":"Nemesis","floor":48,"turns":6},{"damage":63,"enemies":"Donu and Deca","floor":50,"turns":11},{"damage":87,"enemies":"Shield and Spear","floor":54,"turns":3}],"seed_played":"7399174606291129513","potions_obtained":[{"floor":1,"key":"SneckoOil"},{"floor":4,"key":"SneckoOil"},{"floor":7,"key":"Ancient Potion"},{"floor":19,"key":"FairyPotion"},{"floor":19,"key":"SmokeBomb"},{"floor":22,"key":"PowerPotion"},{"floor":36,"key":"Energy Potion"},{"floor":41,"key":"FocusPotion"}],"is_trial":false,"path_per_floor":["M","?","M","M","?","R","E","R","T","M","M","?","$","E","R","B",null,"M","?","M","M","M","R","E","R","T","?","T","M","$","$","R","B",null,"M","?","?","$","T","R","M","R","T","R","?","M","R","E","R","B",null,"R","$","E"],"character_chosen":"DEFECT","items_purchased":["PreservedInsect","Self Repair","Orichalcum","Redo","FTL","Static Discharge"],"campfire_rested":7,"item_purchase_floors":[13,30,30,31,38,53],"current_hp_per_floor":[73,55,55,55,55,55,40,40,40,40,29,47,47,37,58,34,72,54,54,54,30,28,49,22,43,43,43,43,39,39,39,60,37,72,47,42,42,42,42,42,47,47,47,68,68,48,69,51,72,16,72,72,72,0],"gold":47,"neow_bonus":"UPGRADE_CARD","is_prod":false,"is_daily":false,"chose_seed":false,"campfire_upgraded":4,"win_rate":0,"timestamp":1564682790,"path_taken":["M","?","M","M","?","R","E","R","T","M","?","?","?","E","R","BOSS","M","?","?","M","M","R","E","R","T","?","?","M","?","$","R","BOSS","M","?","?","$","?","R","M","R","T","R","?","M","R","E","R","BOSS","R","$","E"],"build_version":"2019-07-17","purchased_purges":2,"victory":false,"max_hp_per_floor":[75,75,75,75,75,75,75,75,75,75,75,75,72,72,72,72,72,72,72,72,72,72,72,72,72,72,72,72,72,72,72,72,72,72,72,72,72,72,72,72,72,72,72,72,72,72,72,72,72,72,72,72,72,72],"card_choices":[{"not_picked":["Fusion","Hologram"],"picked":"Gash","floor":1},{"not_picked":["Beam Cell","Rebound"],"picked":"Sweeping Beam","floor":3},{"not_picked":["Sunder","Conserve Battery"],"picked":"Compile Driver","floor":4},{"not_picked":["Turbo","Compile Driver"],"picked":"Leap","floor":7},{"not_picked":["Ball Lightning","Conserve Battery"],"picked":"Electrodynamics","floor":10},{"not_picked":["Coolheaded","White Noise"],"picked":"Gash","floor":11},{"not_picked":["Chill","Reprogram"],"picked":"FTL","floor":14},{"not_picked":["Sunder"],"picked":"SKIP","floor":18},{"not_picked":["Recycle"],"picked":"SKIP","floor":20},{"not_picked":[],"picked":"Auto Shields+1","floor":21},{"not_picked":["Ball Lightning"],"picked":"SKIP","floor":22},{"not_picked":[],"picked":"Conserve Battery","floor":24},{"not_picked":["Blizzard"],"picked":"SKIP","floor":29},{"not_picked":[],"picked":"Creative AI","floor":33},{"not_picked":["Conserve Battery"],"picked":"SKIP","floor":35},{"not_picked":[],"picked":"White Noise+1","floor":41},{"not_picked":["Compile Driver+1"],"picked":"SKIP","floor":48}],"player_experience":168462,"relics_obtained":[{"floor":7,"key":"Oddly Smooth Stone"},{"floor":9,"key":"Vajra"},{"floor":14,"key":"Ice Cream"},{"floor":24,"key":"Juzu Bracelet"},{"floor":26,"key":"Boot"},{"floor":28,"key":"Bottled Tornado"},{"floor":36,"key":"Torii"},{"floor":39,"key":"Mercury Hourglass"},{"floor":48,"key":"War Paint"}],"event_choices":[{"damage_healed":0,"gold_gain":0,"player_choice":"Take Damage","damage_taken":18,"relics_obtained":["Golden Idol"],"max_hp_gain":0,"max_hp_loss":0,"event_name":"Golden Idol","floor":2,"gold_loss":0},{"damage_healed":0,"gold_gain":0,"cards_transformed":["Strike_B"],"player_choice":"Transformed","damage_taken":0,"max_hp_gain":0,"max_hp_loss":0,"event_name":"Transmorgrifier","floor":5,"gold_loss":0,"cards_obtained":["Machine Learning"]},{"damage_healed":18,"gold_gain":0,"player_choice":"Healed and dodged fight","damage_taken":0,"max_hp_gain":0,"max_hp_loss":0,"event_name":"Mushrooms","floor":12,"gold_loss":0,"cards_obtained":["Parasite"]},{"damage_healed":0,"gold_gain":0,"player_choice":"Bought 2 Potions","damage_taken":0,"max_hp_gain":0,"max_hp_loss":0,"event_name":"The Woman in Blue","floor":19,"gold_loss":0},{"damage_healed":0,"gold_gain":0,"player_choice":"Gave Idol","damage_taken":0,"relics_obtained":["Bloody Idol"],"max_hp_gain":0,"max_hp_loss":0,"event_name":"Forgotten Altar","floor":27,"relics_lost":["Golden Idol"],"gold_loss":0},{"damage_healed":0,"gold_gain":0,"player_choice":"Fight","damage_taken":0,"max_hp_gain":0,"max_hp_loss":0,"event_name":"MindBloom","floor":36,"gold_loss":0},{"damage_healed":0,"gold_gain":0,"player_choice":"Ignored","damage_taken":0,"max_hp_gain":0,"max_hp_loss":0,"event_name":"Tomb of Lord Red Mask","floor":37,"gold_loss":0},{"damage_healed":0,"gold_gain":0,"player_choice":"Copied","damage_taken":0,"max_hp_gain":0,"max_hp_loss":0,"event_name":"Duplicator","floor":45,"gold_loss":0,"cards_obtained":["Gash"]}],"is_beta":false,"boss_relics":[{"not_picked":["Coffee Dripper","Philosopher\u0027s Stone"],"picked":"Busted Crown"},{"not_picked":["Pandora\u0027s Box","Nuclear Battery"],"picked":"FrozenCore"}],"items_purged_floors":[13,38],"is_endless":false,"potions_floor_spawned":[1,4,7,20,21,22,36,41,46],"killed_by":"Shield and Spear","ascension_level":3}