{"gold_per_floor":[114,114,114,135,214,248,248,287,287,164,164,10,24,43,43,166,166,181,54,70,93,8,8,8,43,43,62,62,80,100,118,118,237,237,253,273,273,148,481,515,437,449,461,486,509,536,562,57,57,57],"floor_reached":51,"playtime":2268,"items_purged":["Strike_B","Strike_B","Strike_B","Dualcast"],"score":880,"play_id":"8530f396-85c0-49c4-b5fd-8ed464fa1c90","local_time":"20190707225416","is_ascension_mode":true,"campfire_choices":[{"data":"Zap","floor":7,"key":"SMITH"},{"floor":11,"key":"REST"},{"data":"Glacier","floor":15,"key":"SMITH"},{"floor":23,"key":"REST"},{"floor":32,"key":"REST"},{"floor":42,"key":"REST"},{"floor":49,"key":"REST"}],"neow_cost":"NONE","seed_source_timestamp":885495927681900,"circlet_count":0,"master_deck":["Defend_B+1","Defend_B","Defend_B","Defend_B","Gash+1","Hologram","Go for the Eyes+1","Scrape+1","Glacier+1","Gash+1","Leap","Reboot","Go for the Eyes+1","Gash+1","Glacier","Hologram","Hologram","Scrape+1","Gash+1","Scrape+1"],"relics":["Cracked Core","NeowsBlessing","Gremlin Horn","Letter Opener","Strawberry","Molten Egg 2","Fusion Hammer","Omamori","Enchiridion","Torii","Meat on the Bone","Inserter","MawBank","Sundial","DataDisk","Ancient Tea Set"],"potions_floor_usage":[40,50],"damage_taken":[{"damage":0,"enemies":"Jaw Worm","floor":1,"turns":1},{"damage":0,"enemies":"Small Slimes","floor":4,"turns":1},{"damage":0,"enemies":"3 Sentries","floor":6,"turns":1},{"damage":27,"enemies":"Lagavulin","floor":8,"turns":8},{"damage":0,"enemies":"Cultist","floor":13,"turns":3},{"damage":3,"enemies":"Exordium Thugs","floor":14,"turns":3},{"damage":11,"enemies":"The Guardian","floor":16,"turns":9},{"damage":17,"enemies":"2 Thieves","floor":18,"turns":4},{"damage":0,"enemies":"3 Byrds","floor":20,"turns":4},{"damage":4,"enemies":"3 Cultists","floor":21,"turns":4},{"damage":0,"enemies":"Book of Stabbing","floor":25,"turns":6},{"damage":7,"enemies":"Snecko","floor":27,"turns":5},{"damage":1,"enemies":"Centurion and Healer","floor":29,"turns":4},{"damage":0,"enemies":"Snake Plant","floor":30,"turns":4},{"damage":1,"enemies":"Sentry and Sphere","floor":31,"turns":4},{"damage":19,"enemies":"Champ","floor":33,"turns":12},{"damage":0,"enemies":"3 Shapes","floor":35,"turns":3},{"damage":2,"enemies":"Orb Walker","floor":36,"turns":3},{"damage":6,"enemies":"Reptomancer","floor":40,"turns":8},{"damage":3,"enemies":"4 Shapes","floor":44,"turns":2},{"damage":0,"enemies":"Spire Growth","floor":45,"turns":5},{"damage":13,"enemies":"Writhing Mass","floor":46,"turns":6},{"damage":20,"enemies":"Sphere and 2 Shapes","floor":47,"turns":4},{"damage":6,"enemies":"Donu and Deca","floor":50,"turns":10}],"seed_played":"2776340674895499140","potions_obtained":[{"floor":1,"key":"GamblersBrew"},{"floor":6,"key":"PowerPotion"},{"floor":8,"key":"FocusPotion"},{"floor":45,"key":"Energy Potion"}],"is_trial":false,"path_per_floor":["M","?","?","M","T","E","R","E","T","$","R","$","M","M","R","B",null,"M","$","M","M","?","R","?","E","T","M","$","M","M","M","R","B",null,"M","M","?","$","?","E","?","R","T","M","M","M","M","$","R","B",null],"character_chosen":"DEFECT","items_purchased":["Go for the Eyes+1","Scrape+1","Glacier","Gash+1","DataDisk","Ancient Tea Set","Scrape+1"],"campfire_rested":5,"item_purchase_floors":[10,12,12,19,48,48,48],"current_hp_per_floor":[75,57,57,57,57,57,57,37,37,37,61,61,61,58,58,47,82,65,65,65,61,61,82,66,66,66,59,59,58,58,57,81,62,82,82,80,80,80,80,74,74,82,82,79,79,66,46,46,70,64],"gold":57,"neow_bonus":"THREE_ENEMY_KILL","is_prod":false,"is_daily":false,"chose_seed":false,"campfire_upgraded":2,"win_rate":0,"timestamp":1562522056,"path_taken":["M","?","?","?","?","E","R","E","T","$","R","$","M","M","R","BOSS","M","$","M","M","?","R","?","E","T","M","$","M","M","M","R","BOSS","M","M","?","$","?","E","?","R","T","M","M","M","M","$","R","BOSS"],"build_version":"2019-07-05","purchased_purges":4,"victory":true,"max_hp_per_floor":[75,75,75,75,75,75,75,82,82,82,82,82,82,82,82,82,82,82,82,82,82,82,82,82,82,82,82,82,82,82,82,82,82,82,82,82,82,82,82,82,82,82,82,82,82,82,82,82,82,82],"card_choices":[{"not_picked":["Chaos","Go for the Eyes"],"picked":"Gash","floor":1},{"not_picked":["Skim","Rebound","Cold Snap"],"picked":"SKIP","floor":4},{"not_picked":["Rebound","Compile Driver","Doom and Gloom"],"picked":"SKIP","floor":6},{"not_picked":["Melter","Defragment"],"picked":"Hologram","floor":8},{"not_picked":["Leap","Coolheaded"],"picked":"Gash+1","floor":13},{"not_picked":["Tempest","Heatsinks"],"picked":"Leap","floor":14},{"not_picked":["Biased Cognition","Amplify"],"picked":"Reboot","floor":16},{"not_picked":["Sweeping Beam+1","Capacitor"],"picked":"Go for the Eyes+1","floor":18},{"not_picked":["Cold Snap+1","Stack+1","Consume+1"],"picked":"SKIP","floor":20},{"not_picked":["Coolheaded","Redo","Go for the Eyes+1"],"picked":"SKIP","floor":21},{"not_picked":["Self Repair","Consume"],"picked":"Glacier","floor":25},{"not_picked":["Aggregate+1","Coolheaded","Undo"],"picked":"SKIP","floor":27},{"not_picked":["Turbo","Heatsinks"],"picked":"Hologram","floor":29},{"not_picked":["Steam","Stack+1","Turbo+1"],"picked":"SKIP","floor":30},{"not_picked":["Capacitor","Reprogram","Force Field"],"picked":"SKIP","floor":31},{"not_picked":["Conserve Battery","Go for the Eyes+1","Sweeping Beam+1"],"picked":"SKIP","floor":35},{"not_picked":["Double Energy","Steam","Turbo+1"],"picked":"SKIP","floor":36},{"not_picked":["Beam Cell+1","BootSequence"],"picked":"Hologram","floor":40},{"not_picked":["Sweeping Beam+1","Chaos+1"],"picked":"Scrape+1","floor":44},{"not_picked":["Storm+1","Compile Driver+1","Stack+1"],"picked":"SKIP","floor":45},{"not_picked":["Heatsinks","Compile Driver+1","Rebound+1"],"picked":"SKIP","floor":46},{"not_picked":["Stack","Cold Snap+1"],"picked":"Gash+1","floor":47}],"player_experience":103879,"relics_obtained":[{"floor":5,"key":"Gremlin Horn"},{"floor":6,"key":"Letter Opener"},{"floor":8,"key":"Strawberry"},{"floor":9,"key":"Molten Egg 2"},{"floor":24,"key":"Enchiridion"},{"floor":25,"key":"Torii"},{"floor":26,"key":"Meat on the Bone"},{"floor":40,"key":"MawBank"},{"floor":43,"key":"Sundial"}],"event_choices":[{"damage_healed":0,"gold_gain":0,"player_choice":"Take Damage","damage_taken":18,"relics_obtained":["Golden Idol"],"max_hp_gain":0,"max_hp_loss":0,"event_name":"Golden Idol","floor":2,"gold_loss":0},{"damage_healed":0,"gold_gain":0,"player_choice":"Forge","damage_taken":0,"max_hp_gain":0,"max_hp_loss":0,"event_name":"Accursed Blacksmith","floor":3,"gold_loss":0,"cards_upgraded":["Gash"]},{"damage_healed":0,"gold_gain":0,"player_choice":"Obtained Relic","damage_taken":0,"relics_obtained":["Omamori"],"max_hp_gain":0,"max_hp_loss":0,"event_name":"Addict","floor":22,"gold_loss":85},{"damage_healed":0,"gold_gain":0,"player_choice":"Obtained Book","damage_taken":16,"max_hp_gain":0,"max_hp_loss":0,"event_name":"Cursed Tome","floor":24,"gold_loss":0},{"cards_removed":["Zap"],"damage_healed":0,"gold_gain":0,"player_choice":"Removed Skill","damage_taken":0,"max_hp_gain":0,"max_hp_loss":0,"event_name":"Falling","floor":37,"gold_loss":0},{"damage_healed":0,"gold_gain":333,"player_choice":"Gave Idol","damage_taken":0,"max_hp_gain":0,"max_hp_loss":0,"event_name":"The Moai Head","floor":39,"relics_lost":["Golden Idol"],"gold_loss":0},{"cards_removed":["Strike_B"],"damage_healed":0,"gold_gain":0,"player_choice":"Upgrade and Remove","damage_taken":0,"max_hp_gain":0,"max_hp_loss":0,"event_name":"Designer","floor":41,"gold_loss":90,"cards_upgraded":["Defend_B"]}],"is_beta":false,"boss_relics":[{"not_picked":["Lizard Tail","Empty Cage"],"picked":"Fusion Hammer"},{"not_picked":["Runic Dome","Eternal Feather"],"picked":"Inserter"}],"items_purged_floors":[10,19,38,48],"is_endless":false,"potions_floor_spawned":[1,6,8,27,30,31,33,35,45,46,47],"ascension_level":2}