{"gold_per_floor":[17,17,192,205,205,238,238,163,163,163,202,202,222,246,246,246],"floor_reached":16,"playtime":519,"items_purged":["Doubt"],"score":113,"play_id":"c7fb1075-348f-4f0a-a0f8-66b89231dea4","local_time":"20181226173123","is_ascension_mode":true,"campfire_choices":[{"floor":7,"key":"REST"},{"floor":10,"key":"REST"},{"data":"Pommel Strike","floor":12,"key":"SMITH"},{"data":"Blood for Blood","floor":15,"key":"SMITH"}],"neow_cost":"NO_GOLD","seed_source_timestamp":180026086032553,"circlet_count":0,"master_deck":["Strike_R","Strike_R","Strike_R","Strike_R","Defend_R","Defend_R","Defend_R+1","Bash","Cleave","Regret","Seeing Red+1","Anger","Pommel Strike+1","Combust","Blood for Blood+1"],"relics":["Burning Blood","Anchor","Golden Idol","War Paint","Letter Opener","Bronze Scales"],"potions_floor_usage":[6],"damage_taken":[{"damage":8,"enemies":"Jaw Worm","floor":1,"turns":4},{"damage":5,"enemies":"Small Slimes","floor":4,"turns":4},{"damage":56,"enemies":"Lagavulin","floor":6,"turns":8},{"damage":32,"enemies":"3 Sentries","floor":11,"turns":9},{"damage":0,"enemies":"2 Louse","floor":13,"turns":2},{"damage":5,"enemies":"Blue Slaver","floor":14,"turns":3},{"damage":40,"enemies":"Slime Boss","floor":16,"turns":3}],"seed_played":"-7513235258207278636","potions_obtained":[{"floor":4,"key":"GamblersBrew"}],"is_trial":false,"path_per_floor":["M","?","?","M","?","E","R","$","T","R","E","R","M","M","R","B"],"character_chosen":"IRONCLAD","items_purchased":[],"campfire_rested":2,"item_purchase_floors":[],"current_hp_per_floor":[78,78,78,79,59,9,33,33,33,57,31,31,37,38,38,0],"gold":246,"neow_bonus":"REMOVE_TWO","is_prod":false,"is_daily":false,"chose_seed":false,"campfire_upgraded":2,"win_rate":0,"timestamp":1545832883,"path_taken":["M","?","?","M","?","E","R","?","T","R","E","R","M","M","R","BOSS"],"build_version":"2018-12-25","purchased_purges":1,"victory":false,"max_hp_per_floor":[80,80,80,80,80,80,80,80,80,80,80,80,80,80,80,80],"card_choices":[{"not_picked":["True Grit","Wild Strike"],"picked":"Cleave","floor":1},{"not_picked":["Flex","Iron Wave"],"picked":"Seeing Red","floor":4},{"not_picked":["Havoc","Sentinel"],"picked":"Anger","floor":6},{"not_picked":["Carnage","Clash"],"picked":"Pommel Strike","floor":11},{"not_picked":["Ghostly Armor","Blood for Blood"],"picked":"Combust","floor":13},{"not_picked":["Body Slam","Havoc"],"picked":"Blood for Blood","floor":14}],"player_experience":245163,"relics_obtained":[{"floor":6,"key":"War Paint"},{"floor":9,"key":"Letter Opener"},{"floor":11,"key":"Bronze Scales"}],"event_choices":[{"damage_healed":0,"gold_gain":0,"player_choice":"Box","damage_taken":0,"relics_obtained":["Anchor"],"max_hp_gain":0,"max_hp_loss":0,"event_name":"Big Fish","floor":2,"gold_loss":0,"cards_obtained":["Regret"]},{"damage_healed":0,"gold_gain":175,"player_choice":"AGREE","damage_taken":0,"max_hp_gain":0,"max_hp_loss":0,"event_name":"Liars Game","floor":3,"gold_loss":0,"cards_obtained":["Doubt"]},{"damage_healed":0,"gold_gain":0,"player_choice":"Take Damage","damage_taken":20,"relics_obtained":["Golden Idol"],"max_hp_gain":0,"max_hp_loss":0,"event_name":"Golden Idol","floor":5,"gold_loss":0}],"is_beta":true,"boss_relics":[],"items_purged_floors":[8],"is_endless":false,"potions_floor_spawned":[4],"killed_by":"Slime Boss","ascension_level":1}