{"gold_per_floor":[116,116,116,135,23,23,42,72,120,49,67,67,86,97,97,195,195,208,208,10,30,48,48,58,78,78,98,98,63,63,63,63,168,168,187,205,14,31,131,131,131,131,131,148,80,97,151,166,166,166],"floor_reached":51,"playtime":2362,"items_purged":["Regret"],"score":676,"play_id":"5b1dfa6b-577c-47b1-9004-3cbf51c1a1b9","local_time":"20190202170347","is_ascension_mode":false,"campfire_choices":[{"data":"Static Discharge","floor":6.0,"key":"SMITH"},{"floor":12.0,"key":"REST"},{"floor":15.0,"key":"REST"},{"data":"Creative AI","floor":23.0,"key":"SMITH"},{"floor":28.0,"key":"REST"},{"floor":30.0,"key":"REST"},{"data":"Tempest","floor":32.0,"key":"SMITH"},{"floor":40,"key":"REST"},{"floor":41,"key":"REST"},{"data":"Fission","floor":42,"key":"SMITH"},{"floor":49,"key":"REST"}],"neow_cost":"PERCENT_DAMAGE","seed_source_timestamp":341071374420488,"circlet_count":0,"master_deck":["Strike_B","Strike_B+1","Strike_B","Strike_B","Defend_B","Defend_B","Defend_B","Defend_B","Zap+1","Dualcast","Stack+1","Go for the Eyes+1","Static Discharge+1","Redo","Tempest+1","Capacitor","Cold Snap","Conserve Battery","Creative AI+1","Coolheaded+1","Leap","BootSequence","Capacitor","Coolheaded","Storm","Loop","Fission+1","Defragment","Parasite","Redo+1"],"special_seed":0,"relics":["FrozenCore","Girya","War Paint","FaceOfCleric","Vajra","Whetstone","Bronze Scales","Bottled Tornado","MutagenicStrength","Busted Crown","Runic Capacitor","WingedGreaves","Bag of Preparation"],"potions_floor_usage":[39,50],"damage_taken":[{"damage":1.0,"enemies":"Jaw Worm","floor":1.0,"turns":3.0},{"damage":2.0,"enemies":"2 Louse","floor":4.0,"turns":2.0},{"damage":1.0,"enemies":"Cultist","floor":7.0,"turns":3.0},{"damage":20.0,"enemies":"Lagavulin","floor":8.0,"turns":5.0},{"damage":10.0,"enemies":"Looter","floor":11.0,"turns":3.0},{"damage":13.0,"enemies":"Exordium Wildlife","floor":13.0,"turns":3.0},{"damage":6.0,"enemies":"Red Slaver","floor":14.0,"turns":4.0},{"damage":19.0,"enemies":"Slime Boss","floor":16.0,"turns":8.0},{"damage":12.0,"enemies":"Spheric Guardian","floor":18.0,"turns":6.0},{"damage":22.0,"enemies":"2 Thieves","floor":21.0,"turns":5.0},{"damage":7.0,"enemies":"Snecko","floor":22.0,"turns":6.0},{"damage":0.0,"enemies":"Chosen and Byrds","floor":24.0,"turns":7.0},{"damage":12.0,"enemies":"Snake Plant","floor":25.0,"turns":4.0},{"damage":25.0,"enemies":"3 Cultists","floor":27.0,"turns":4.0},{"damage":57.0,"enemies":"Automaton","floor":33.0,"turns":14.0},{"damage":0.0,"enemies":"3 Shapes","floor":35.0,"turns":6.0},{"damage":28.0,"enemies":"3 Darklings","floor":36.0,"turns":4.0},{"damage":55,"enemies":"Jaw Worm Horde","floor":38,"turns":7},{"damage":4,"enemies":"Mind Bloom Boss Battle","floor":39,"turns":7},{"damage":20,"enemies":"Transient","floor":44,"turns":5},{"damage":17,"enemies":"Spire Growth","floor":46,"turns":5},{"damage":0,"enemies":"Writhing Mass","floor":48,"turns":7},{"damage":46,"enemies":"Time Eater","floor":50,"turns":14}],"seed_played":"-343028438776869170","potions_obtained":[{"floor":4.0,"key":"SteroidPotion"},{"floor":7.0,"key":"PowerPotion"},{"floor":14.0,"key":"Dexterity Potion"},{"floor":16.0,"key":"Fruit Juice"},{"floor":21.0,"key":"Energy Potion"},{"floor":24.0,"key":"AttackPotion"},{"floor":25.0,"key":"LiquidBronze"},{"floor":33.0,"key":"Poison Potion"},{"floor":38,"key":"Energy Potion"},{"floor":39,"key":"Ancient Potion"},{"floor":46,"key":"Energy Potion"}],"is_trial":false,"path_per_floor":["M","?","?","M","$","R","M","E","T","$","M","R","M","M","R","B",null,"M","?","$","M","M","R","M","M","T","M","R","$","R","?","R","B",null,"M","M","$","M","?","R","R","R","T","M","$","M","T","M","R","B",null],"character_chosen":"DEFECT","items_purchased":["Static Discharge","Capacitor","Bronze Scales","Leap","Loop","Runic Capacitor","Defragment"],"campfire_rested":7,"item_purchase_floors":[5,10,20,20,29,37,45],"current_hp_per_floor":[53,53,53,52,52,52,52,33,33,33,24,47,35,30,54,36,82,76,76,76,55,49,49,50,39,39,15,42,42,69,69,69,13,94,95,68,68,14,11,40,69,69,69,50,50,34,34,35,65,20],"gold":166,"neow_bonus":"ONE_RARE_RELIC","is_prod":false,"is_daily":false,"chose_seed":false,"campfire_upgraded":4,"win_rate":0,"timestamp":1549114427,"path_taken":["M","?","?","M","$","R","M","E","T","$","M","R","M","?","R","BOSS","M","?","$","M","M","R","M","M","T","M","R","$","R","?","R","BOSS","M","M","$","M","?","R","R","R","T","M","$","M","?","M","R","BOSS"],"build_version":"2019-01-23","purchased_purges":1,"victory":true,"max_hp_per_floor":[75,75,75,76,76,76,77,78,78,78,79,79,80,81,81,82,82,88,88,88,89,90,90,91,92,92,93,93,93,93,93,93,94,94,95,96,96,97,98,98,98,98,98,99,99,100,100,101,101,102],"card_choices":[{"not_picked":["Compile Driver","Lockon"],"picked":"Stack","floor":1.0},{"not_picked":["Lockon","Compile Driver"],"picked":"Go for the Eyes","floor":4.0},{"not_picked":["Hologram","Compile Driver"],"picked":"Redo","floor":7.0},{"not_picked":["Biased Cognition","Force Field"],"picked":"Tempest","floor":8.0},{"not_picked":["Beam Cell","Static Discharge","Hologram"],"picked":"SKIP","floor":11.0},{"not_picked":["Darkness","Fusion"],"picked":"Cold Snap","floor":13.0},{"not_picked":["Hologram","Leap"],"picked":"Conserve Battery","floor":14.0},{"not_picked":["Fission","Rainbow"],"picked":"Creative AI","floor":16.0},{"not_picked":["Redo+1","Ball Lightning"],"picked":"Coolheaded+1","floor":18.0},{"not_picked":["Stack","Rebound","Machine Learning"],"picked":"SKIP","floor":21.0},{"not_picked":["Go for the Eyes","Streamline+1"],"picked":"BootSequence","floor":22.0},{"not_picked":["Steam","Sunder"],"picked":"Capacitor","floor":24.0},{"not_picked":["Darkness","Sweeping Beam"],"picked":"Coolheaded","floor":25.0},{"not_picked":["Stack+1","Rebound+1"],"picked":"Storm","floor":27.0},{"not_picked":["Amplify","Creative AI"],"picked":"Fission","floor":33.0},{"not_picked":["Recycle"],"picked":"SKIP","floor":35.0},{"not_picked":["Barrage+1"],"picked":"SKIP","floor":36.0},{"not_picked":["Sweeping Beam+1"],"picked":"SKIP","floor":38},{"not_picked":["Aggregate"],"picked":"SKIP","floor":44},{"not_picked":["Blizzard"],"picked":"SKIP","floor":46},{"not_picked":[],"picked":"Redo+1","floor":48}],"player_experience":509474,"relics_obtained":[{"floor":8.0,"key":"Vajra"},{"floor":9.0,"key":"Whetstone"},{"floor":26.0,"key":"Bottled Tornado"},{"floor":39,"key":"WingedGreaves"},{"floor":47,"key":"Bag of Preparation"}],"event_choices":[{"damage_healed":0.0,"max_hp_gain":0.0,"max_hp_loss":0.0,"gold_gain":0.0,"event_name":"Big Fish","player_choice":"Box","floor":2.0,"gold_loss":0.0,"damage_taken":0.0,"relics_obtained":["War Paint"],"cards_obtained":["Regret"]},{"damage_healed":0.0,"max_hp_gain":0.0,"max_hp_loss":0.0,"gold_gain":0.0,"event_name":"FaceTrader","player_choice":"Trade","floor":3.0,"gold_loss":0.0,"damage_taken":0.0,"relics_obtained":["FaceOfCleric"]},{"damage_healed":0.0,"max_hp_gain":0.0,"max_hp_loss":0.0,"gold_gain":0.0,"event_name":"Ghosts","player_choice":"Ignored","floor":19.0,"gold_loss":0.0,"damage_taken":0.0},{"damage_healed":0.0,"max_hp_gain":0.0,"max_hp_loss":0.0,"gold_gain":0.0,"event_name":"Drug Dealer","player_choice":"Inject Mutagens","floor":31.0,"gold_loss":0.0,"damage_taken":0.0,"relics_obtained":["MutagenicStrength"]},{"damage_healed":0,"gold_gain":0,"player_choice":"Fight","damage_taken":0,"max_hp_gain":0,"max_hp_loss":0,"event_name":"MindBloom","floor":39,"gold_loss":0}],"is_beta":true,"boss_relics":[{"not_picked":["Astrolabe","Cursed Key"],"picked":"FrozenCore"},{"not_picked":["Tiny House","Coffee Dripper"],"picked":"Busted Crown"}],"items_purged_floors":[5],"is_endless":false,"potions_floor_spawned":[4,7,14,16,21,24,25,33,38,39,46],"ascension_level":0}