{"gold_per_floor":[110,125,75,88,88,88,119,135,135,60,76,76,100,117,117,219,219,237,254,154,167,167,167,194,206,206,57,72,72,172,183,183,280,280,296,311,186,203,222,222,252,266,266,266,20,37,37,49,49,49],"floor_reached":51,"playtime":1921,"items_purged":["Strike_R","Strike_R","Strike_R","Pain"],"score":703,"play_id":"1beb9e9b-e6a5-4c9f-97a5-43c514a9216f","local_time":"20190718004842","is_ascension_mode":false,"campfire_choices":[{"data":"Clothesline","floor":6.0,"key":"SMITH"},{"data":"Demon Form","floor":12.0,"key":"SMITH"},{"data":"Spot Weakness","floor":15.0,"key":"SMITH"},{"floor":23.0,"key":"REST"},{"data":"Shrug It Off","floor":29.0,"key":"SMITH"},{"data":"Power Through","floor":32.0,"key":"SMITH"},{"data":"Body Slam","floor":40.0,"key":"SMITH"},{"data":"Double Tap","floor":44,"key":"SMITH"},{"data":"Limit Break","floor":49,"key":"SMITH"}],"neow_cost":"NONE","seed_source_timestamp":6773133617050,"circlet_count":0,"master_deck":["Strike_R","Defend_R","Defend_R","Defend_R","Defend_R","Bash","Pommel Strike","Clothesline+1","Body Slam+1","Demon Form+1","Spot Weakness+1","Limit Break+1","Whirlwind+1","Shrug It Off+1","Armaments+1","Power Through+1","Double Tap+1","Body Slam+1","Dark Shackles"],"special_seed":0,"relics":["Burning Blood","Gambling Chip","Ice Cream","Odd Mushroom","Sozu","Bird Faced Urn","Happy Flower","Ornamental Fan","Anchor","Pocketwatch","Mummified Hand","Cursed Key","Potion Belt","Dodecahedron","Pear"],"potions_floor_usage":[],"damage_taken":[{"damage":1.0,"enemies":"Jaw Worm","floor":1.0,"turns":3.0},{"damage":5.0,"enemies":"Small Slimes","floor":2.0,"turns":3.0},{"damage":4.0,"enemies":"Cultist","floor":4.0,"turns":3.0},{"damage":10.0,"enemies":"Gremlin Nob","floor":7.0,"turns":4.0},{"damage":12.0,"enemies":"2 Fungi Beasts","floor":8.0,"turns":4.0},{"damage":8.0,"enemies":"3 Louse","floor":11.0,"turns":3.0},{"damage":15.0,"enemies":"The Mushroom Lair","floor":13.0,"turns":4.0},{"damage":29.0,"enemies":"Lots of Slimes","floor":14.0,"turns":5.0},{"damage":33.0,"enemies":"Hexaghost","floor":16.0,"turns":8.0},{"damage":27.0,"enemies":"2 Thieves","floor":18.0,"turns":4.0},{"damage":5.0,"enemies":"Chosen","floor":19.0,"turns":4.0},{"damage":27.0,"enemies":"Snake Plant","floor":21.0,"turns":4.0},{"damage":34.0,"enemies":"Slavers","floor":24.0,"turns":5.0},{"damage":0.0,"enemies":"Snecko","floor":25.0,"turns":3.0},{"damage":0.0,"enemies":"Cultist and Chosen","floor":28.0,"turns":3.0},{"damage":13.0,"enemies":"Colosseum Slavers","floor":30.0,"turns":3.0},{"damage":0.0,"enemies":"Colosseum Nobs","floor":30.0,"turns":3.0},{"damage":0.0,"enemies":"Shelled Parasite and Fungi","floor":31.0,"turns":3.0},{"damage":9.0,"enemies":"Champ","floor":33.0,"turns":7.0},{"damage":15.0,"enemies":"3 Shapes","floor":35.0,"turns":3.0},{"damage":0.0,"enemies":"3 Darklings","floor":36.0,"turns":3.0},{"damage":0.0,"enemies":"Maw","floor":38.0,"turns":5.0},{"damage":5.0,"enemies":"Sphere and 2 Shapes","floor":39.0,"turns":3.0},{"damage":43.0,"enemies":"Nemesis","floor":41.0,"turns":7.0},{"damage":5,"enemies":"Writhing Mass","floor":42,"turns":2},{"damage":1,"enemies":"Spire Growth","floor":46,"turns":4},{"damage":0,"enemies":"Maw","floor":48,"turns":3},{"damage":75,"enemies":"Donu and Deca","floor":50,"turns":7}],"seed_played":"-530982402482999526","potions_obtained":[{"floor":0.0,"key":"SpeedPotion"},{"floor":0.0,"key":"Dexterity Potion"},{"floor":0.0,"key":"FairyPotion"},{"floor":2.0,"key":"FairyPotion"},{"floor":11.0,"key":"Regen Potion"}],"is_trial":false,"path_per_floor":["M","M","?","M","?","R","E","M","T","$","M","R","?","M","R","B",null,"M","M","$","M","?","R","E","M","T","$","M","R","?","M","R","B",null,"M","M","$","M","M","R","E","M","T","R","$","M","?","M","R","B",null],"character_chosen":"IRONCLAD","items_purchased":["Anchor","Dark Shackles"],"campfire_rested":1,"item_purchase_floors":[27,45],"current_hp_per_floor":[80,80,80,80,80,80,76,70,70,70,68,68,59,36,36,24,80,59,60,60,39,39,63,37,45,45,45,53,53,54,62,62,61,80,71,79,79,80,80,80,43,46,46,46,46,53,63,71,71,15],"gold":49,"neow_bonus":"THREE_SMALL_POTIONS","is_prod":false,"is_daily":false,"chose_seed":false,"campfire_upgraded":8,"win_rate":0,"timestamp":1563398322,"path_taken":["M","M","?","M","?","R","E","M","T","$","M","R","?","M","R","BOSS","M","M","$","M","?","R","E","M","T","$","?","R","?","M","R","BOSS","M","M","$","M","M","R","E","M","T","R","$","M","?","M","R","BOSS"],"build_version":"2019-07-10","purchased_purges":4,"victory":true,"max_hp_per_floor":[80,80,80,80,80,80,80,80,80,80,80,80,80,80,80,80,80,80,80,80,80,80,80,80,80,80,80,80,80,80,80,80,80,80,80,80,80,80,80,80,80,80,80,80,80,80,90,90,90,90],"card_choices":[{"not_picked":["Clash","Clothesline"],"picked":"Pommel Strike","floor":1.0},{"not_picked":["Fire Breathing","Heavy Blade"],"picked":"Clothesline","floor":2.0},{"not_picked":["Anger","Bloodletting"],"picked":"Body Slam","floor":4.0},{"not_picked":["Wild Strike","Entrench"],"picked":"Demon Form","floor":7.0},{"not_picked":["Headbutt","Corruption","Burning Pact"],"picked":"SKIP","floor":8.0},{"not_picked":["Iron Wave","Cleave","Perfected Strike"],"picked":"SKIP","floor":11.0},{"not_picked":["True Grit","Warcry"],"picked":"Spot Weakness","floor":13.0},{"not_picked":["Second Wind","Pommel Strike","Headbutt"],"picked":"SKIP","floor":14.0},{"not_picked":["Barricade","Impervious"],"picked":"Limit Break","floor":16.0},{"not_picked":["True Grit","Corruption","Headbutt+1"],"picked":"SKIP","floor":18.0},{"not_picked":["Cleave","Juggernaut"],"picked":"Whirlwind+1","floor":19.0},{"not_picked":["Flex","Burning Pact+1"],"picked":"Shrug It Off","floor":21.0},{"not_picked":["Clash","Flex","Uppercut"],"picked":"SKIP","floor":24.0},{"not_picked":["Headbutt+1","Pommel Strike","Clothesline+1"],"picked":"SKIP","floor":25.0},{"not_picked":["Headbutt","Reckless Charge","Sentinel+1"],"picked":"SKIP","floor":28.0},{"not_picked":["Heavy Blade","Dual Wield+1"],"picked":"Armaments+1","floor":30.0},{"not_picked":["Burning Pact","Carnage+1"],"picked":"Power Through","floor":31.0},{"not_picked":["Berserk","Juggernaut"],"picked":"Double Tap","floor":33.0},{"not_picked":["Wild Strike+1","Corruption+1","Warcry+1"],"picked":"SKIP","floor":35.0},{"not_picked":["Flex+1","Twin Strike","Thunderclap"],"picked":"SKIP","floor":36.0},{"not_picked":["Cleave+1","Anger","Rampage"],"picked":"SKIP","floor":38.0},{"not_picked":["Dropkick","Entrench"],"picked":"Body Slam","floor":39.0},{"not_picked":["Burning Pact+1","Intimidate","Headbutt"],"picked":"SKIP","floor":41.0},{"not_picked":["Thunderclap+1","Second Wind","Twin Strike+1"],"picked":"SKIP","floor":42},{"not_picked":["Dual Wield+1","Thunderclap","Fiend Fire"],"picked":"SKIP","floor":46},{"not_picked":["Second Wind+1","Shrug It Off","Flex"],"picked":"SKIP","floor":48}],"player_experience":735561,"relics_obtained":[{"floor":7.0,"key":"Gambling Chip"},{"floor":9.0,"key":"Ice Cream"},{"floor":13.0,"key":"Odd Mushroom"},{"floor":24.0,"key":"Happy Flower"},{"floor":26.0,"key":"Ornamental Fan"},{"floor":30.0,"key":"Pocketwatch"},{"floor":30.0,"key":"Mummified Hand"},{"floor":41.0,"key":"Potion Belt"},{"floor":43,"key":"Dodecahedron"},{"floor":47,"key":"Pear"}],"event_choices":[{"cards_removed":["Strike_R"],"damage_healed":0.0,"max_hp_gain":0.0,"max_hp_loss":0.0,"gold_gain":0.0,"event_name":"The Cleric","player_choice":"Card Removal","floor":3.0,"gold_loss":50.0,"damage_taken":0.0},{"damage_healed":0.0,"max_hp_gain":0.0,"max_hp_loss":0.0,"gold_gain":0.0,"event_name":"Living Wall","player_choice":"Grow","floor":5.0,"gold_loss":0.0,"damage_taken":0.0,"cards_upgraded":["Body Slam"]},{"damage_healed":0.0,"max_hp_gain":0.0,"max_hp_loss":0.0,"gold_gain":0.0,"event_name":"Mushrooms","player_choice":"Fought Mushrooms","floor":13.0,"gold_loss":0.0,"damage_taken":0.0},{"damage_healed":0.0,"max_hp_gain":0.0,"max_hp_loss":0.0,"gold_gain":0.0,"event_name":"WeMeetAgain","player_choice":"Gave Potion","floor":22.0,"gold_loss":0.0,"damage_taken":0.0,"relics_obtained":["Bird Faced Urn"]},{"damage_healed":0.0,"max_hp_gain":0.0,"max_hp_loss":0.0,"gold_gain":0.0,"event_name":"Colosseum","player_choice":"Fight","floor":30.0,"gold_loss":0.0,"damage_taken":0.0},{"damage_healed":0.0,"max_hp_gain":0.0,"max_hp_loss":0.0,"gold_gain":0.0,"event_name":"Colosseum","player_choice":"Fought Nobs","floor":30.0,"gold_loss":0.0,"damage_taken":0.0},{"damage_healed":0,"gold_gain":0,"player_choice":"Relic","damage_taken":0,"max_hp_gain":0,"max_hp_loss":0,"event_name":"Wheel of Change","floor":47,"gold_loss":0}],"is_beta":true,"boss_relics":[{"not_picked":["Philosopher\u0027s Stone","Velvet Choker"],"picked":"Sozu"},{"not_picked":["Busted Crown","White Beast Statue"],"picked":"Cursed Key"}],"items_purged_floors":[10,20,37,45],"is_endless":false,"potions_floor_spawned":[2,11,14,19,24,25,28,30,30,36,46,48],"ascension_level":0}