{"gold_per_floor":[113,288,307,327,146,159,6,6,6,6,6,6,26,46,46,142,142,142,142,142,142,17,17,17,17,17,17,17,17,17,17,17,17,17,17,17,17,17,17,17,17,17,17,17,17,17,17,17,17,17],"floor_reached":50,"playtime":3314,"items_purged":["Decay","Doubt"],"score":512,"play_id":"9dc23d98-31cc-44c4-be24-2c51dbdd24ea","local_time":"20180707193823","is_ascension_mode":true,"campfire_choices":[{"data":"Calculated Gamble","floor":8,"key":"SMITH"},{"data":"Backflip","floor":10,"key":"SMITH"},{"floor":15,"key":"REST"},{"data":"A Thousand Cuts","floor":23,"key":"SMITH"},{"floor":28,"key":"REST"},{"floor":30,"key":"REST"},{"floor":32,"key":"REST"},{"floor":40,"key":"REST"},{"floor":42,"key":"REST"},{"data":"Madness","floor":44,"key":"SMITH"},{"floor":46,"key":"REST"},{"floor":49,"key":"REST"}],"neow_cost":"CURSE","seed_source_timestamp":351310607343665,"circlet_count":0,"master_deck":["Defend_G","Defend_G","Defend_G","Defend_G","Strike_G","Strike_G","Strike_G","Survivor","Neutralize","Backstab","Backflip+1","Dagger Throw","Reflex","After Image","Caltrops","Calculated Gamble+1","Backstab","Sucker Punch","Backflip","Noxious Fumes","A Thousand Cuts+1","Flying Knee+1","Slice+1","Poisoned Stab","Caltrops","Acrobatics","Leg Sweep","Blade Dance+1","Adrenaline","Poisoned Stab+1","Madness+1","Madness","PiercingWail","Prepared+1","Heel Hook","Cloak And Dagger+1","Corpse Explosion","Dash","Finisher+1","Night Terror","Noxious Fumes","Adrenaline","Blade Dance+1"],"relics":["Ring of the Snake","Kunai","Ectoplasm","Lantern","Lizard Tail","Prayer Wheel","Dream Catcher","Ninja Scroll"],"potions_floor_usage":[4,16,21,29,35,37,39,45,47,50],"damage_taken":[{"damage":2,"enemies":"2 Louse","floor":1,"turns":3},{"damage":4,"enemies":"Jaw Worm","floor":3,"turns":5},{"damage":11,"enemies":"Small Slimes","floor":4,"turns":4},{"damage":8,"enemies":"Gremlin Gang","floor":6,"turns":5},{"damage":0,"enemies":"3 Louse","floor":13,"turns":2},{"damage":0,"enemies":"Looter","floor":14,"turns":3},{"damage":16,"enemies":"Slime Boss","floor":16,"turns":12},{"damage":0,"enemies":"Chosen","floor":18,"turns":5},{"damage":3,"enemies":"Shell Parasite","floor":20,"turns":4},{"damage":17,"enemies":"Centurion and Healer","floor":21,"turns":5},{"damage":18,"enemies":"Snecko","floor":24,"turns":5},{"damage":19,"enemies":"Slaver and Parasite","floor":27,"turns":5},{"damage":7,"enemies":"Centurion and Healer","floor":29,"turns":4},{"damage":44,"enemies":"Automaton","floor":33,"turns":12},{"damage":2,"enemies":"Flame Bruiser 1 Orb","floor":35,"turns":5},{"damage":20,"floor":37,"turns":5},{"damage":11,"enemies":"Orb Walker","floor":38,"turns":3},{"damage":12,"enemies":"3 Darklings","floor":39,"turns":3},{"damage":6,"enemies":"Sphere and 2 Shapes","floor":41,"turns":3},{"damage":16,"enemies":"Maw","floor":45,"turns":8},{"damage":16,"enemies":"Nemesis","floor":47,"turns":7},{"damage":114,"enemies":"Awakened One","floor":50,"turns":13}],"seed_played":"1618782289234872452","potions_obtained":[{"floor":1,"key":"FearPotion"},{"floor":13,"key":"Fire Potion"},{"floor":18,"key":"FearPotion"},{"floor":20,"key":"SteroidPotion"},{"floor":27,"key":"PowerPotion"},{"floor":33,"key":"PowerPotion"},{"floor":37,"key":"Weak Potion"},{"floor":38,"key":"SteroidPotion"},{"floor":41,"key":"Regen Potion"},{"floor":45,"key":"AttackPotion"}],"is_trial":false,"path_per_floor":["M","?","M","M","$","M","$","R","T","R","?","$","M","M","R","B",null,"M","?","M","M","$","R","M","$","T","M","R","M","R","?","R","B",null,"M","?","?","M","M","R","M","R","T","R","M","R","E","?","R"],"character_chosen":"THE_SILENT","items_purchased":["Caltrops","Calculated Gamble","Sucker Punch","Caltrops","Acrobatics"],"campfire_rested":8,"item_purchase_floors":[5,5,7,22,22],"current_hp_per_floor":[68,68,64,53,53,45,45,45,45,45,38,38,38,38,59,43,70,70,70,67,50,50,50,32,32,32,13,34,27,48,48,69,25,70,68,59,39,28,16,37,31,52,52,52,51,70,54,54,70,0],"gold":17,"neow_bonus":"TRANSFORM_TWO_CARDS","is_prod":false,"is_daily":false,"chose_seed":false,"campfire_upgraded":4,"win_rate":0,"timestamp":1531006703,"path_taken":["M","?","?","M","$","M","$","R","T","R","?","?","M","M","R","BOSS","M","?","M","M","$","R","M","?","T","M","R","M","R","?","R","BOSS","M","?","?","M","M","R","?","R","T","R","M","R","E","?","R","BOSS"],"build_version":"2018-07-05","purchased_purges":2,"victory":false,"max_hp_per_floor":[70,70,70,70,70,70,70,70,70,70,70,70,70,70,70,70,70,70,70,70,70,70,70,70,70,70,70,70,70,70,70,70,70,70,70,70,70,70,70,70,70,70,70,70,70,70,70,70,70,70],"card_choices":[{"not_picked":["Cloak And Dagger","Dagger Spray"],"picked":"Dagger Throw","floor":1},{"not_picked":["Riddle With Holes","Dagger Throw"],"picked":"Reflex","floor":3},{"not_picked":["Bane","Dagger Throw"],"picked":"After Image","floor":4},{"not_picked":["Slice","Endless Agony"],"picked":"Backstab","floor":6},{"not_picked":["Riddle With Holes","Quick Slash"],"picked":"Backflip","floor":13},{"not_picked":["Dagger Throw","Flying Knee"],"picked":"Noxious Fumes","floor":14},{"not_picked":["Corpse Explosion","Storm of Steel"],"picked":"A Thousand Cuts","floor":16},{"not_picked":["Backflip+1","Underhanded Strike"],"picked":"Flying Knee+1","floor":18},{"not_picked":["Choke+1","Dodge and Roll+1"],"picked":"Slice+1","floor":20},{"not_picked":["Backflip","Underhanded Strike"],"picked":"Poisoned Stab","floor":21},{"not_picked":["Doppelganger","Prepared"],"picked":"Leg Sweep","floor":24},{"not_picked":["Concentrate","Choke","Expertise"],"picked":"SKIP","floor":27},{"not_picked":["Dagger Throw","Cloak And Dagger"],"picked":"Blade Dance+1","floor":29},{"not_picked":["Tactician","Wraith Form v2"],"picked":"Adrenaline","floor":33},{"not_picked":["Dodge and Roll","Endless Agony+1"],"picked":"Poisoned Stab+1","floor":35},{"not_picked":["Poisoned Stab+1","Sucker Punch"],"picked":"PiercingWail","floor":37},{"not_picked":["Quick Slash","Eviscerate"],"picked":"Prepared+1","floor":38},{"not_picked":["PiercingWail+1","Underhanded Strike"],"picked":"Heel Hook","floor":38},{"not_picked":["Dagger Spray","Concentrate+1"],"picked":"Cloak And Dagger+1","floor":39},{"not_picked":["Flying Knee+1","Dagger Spray+1"],"picked":"Corpse Explosion","floor":39},{"not_picked":["PiercingWail","Sucker Punch+1"],"picked":"Dash","floor":41},{"not_picked":["Dagger Spray+1","Underhanded Strike"],"picked":"Finisher+1","floor":41},{"not_picked":["Backflip+1","Setup"],"picked":"Night Terror","floor":45},{"not_picked":["Flying Knee+1","Dagger Throw+1","Bane"],"picked":"SKIP","floor":45},{"not_picked":["Glass Knife","Setup+1"],"picked":"Noxious Fumes","floor":47},{"not_picked":["Cloak And Dagger+1","Leg Sweep+1"],"picked":"Blade Dance+1","floor":49}],"player_experience":124601,"relics_obtained":[{"floor":9,"key":"Kunai"},{"floor":26,"key":"Lantern"},{"floor":37,"key":"Prayer Wheel"},{"floor":43,"key":"Dream Catcher"},{"floor":47,"key":"Ninja Scroll"}],"event_choices":[{"event_name":"Liars Game","player_choice":"agreed","floor":2,"damage_taken":0},{"event_name":"Golden Wing","player_choice":"Card Removal","floor":11,"damage_taken":0},{"event_name":"Cursed Tome","player_choice":"Ignored","floor":19,"damage_taken":0},{"event_name":"Ghosts","player_choice":"Ignored","floor":31,"damage_taken":0},{"event_name":"Winding Halls","player_choice":"Embrace Madness","floor":36,"damage_taken":0},{"event_name":"Mysterious Sphere","player_choice":"Fight","floor":37,"damage_taken":0},{"event_name":"Duplicator","player_choice":"One dupe","floor":48,"damage_taken":0}],"boss_relics":[{"not_picked":["Orrery","Philosopher\u0027s Stone"],"picked":"Ectoplasm"},{"not_picked":["Tiny House","Coffee Dripper"],"picked":"Lizard Tail"}],"items_purged_floors":[5,7],"is_endless":false,"potions_floor_spawned":[1,13,18,20,27,33,37,38,41,45],"killed_by":"Awakened One","ascension_level":1}