{"gold_per_floor":[119,119,137,153,172,172,202,219,219,254,86,86,140,155,155,255,255,274,284,26,26,45,45,71,71,98,110,128,128,28,0,0,0],"floor_reached":33,"playtime":1077,"items_purged":["Defend_B"],"score":317,"play_id":"91c2ea1f-0eef-423b-a5d0-e39678b3adb5","local_time":"20190121003252","is_ascension_mode":true,"campfire_choices":[{"data":"Zap","floor":6,"key":"SMITH"},{"data":"Defragment","floor":12,"key":"SMITH"},{"data":"White Noise","floor":15,"key":"SMITH"},{"floor":23,"key":"REST"},{"data":"Conserve Battery","floor":25,"key":"SMITH"},{"floor":29,"key":"REST"},{"floor":32,"key":"REST"}],"neow_cost":"CURSE","seed_source_timestamp":24451166250045,"circlet_count":0,"master_deck":["Strike_B","Strike_B","Strike_B","Strike_B","Defend_B","Defend_B","Defend_B","Zap+1","Dualcast","Conserve Battery+1","Turbo","Electrodynamics","Chill","White Noise+1","FTL","Defragment+1","Gash","Go for the Eyes","All For One","Double Energy","Static Discharge","Static Discharge","Defragment+1","Steam Power","Rebound","Steam","Self Repair","Stack"],"relics":["Cracked Core","Nunchaku","Shuriken","Question Card","Cables","Busted Crown","DollysMirror","Bottled Flame","Orichalcum"],"potions_floor_usage":[5,10,18,27,28,28,33],"damage_taken":[{"damage":0,"enemies":"2 Louse","floor":1,"turns":3},{"damage":1,"enemies":"Jaw Worm","floor":3,"turns":4},{"damage":0,"enemies":"Cultist","floor":4,"turns":3},{"damage":0,"enemies":"3 Louse","floor":5,"turns":2},{"damage":28,"enemies":"Lagavulin","floor":7,"turns":9},{"damage":0,"enemies":"Gremlin Gang","floor":8,"turns":2},{"damage":0,"enemies":"3 Sentries","floor":10,"turns":3},{"damage":0,"enemies":"Large Slime","floor":14,"turns":2},{"damage":5,"enemies":"Slime Boss","floor":16,"turns":6},{"damage":15,"enemies":"3 Byrds","floor":18,"turns":3},{"damage":13,"enemies":"Spheric Guardian","floor":19,"turns":4},{"damage":15,"enemies":"Cultist and Chosen","floor":22,"turns":4},{"damage":27,"enemies":"Gremlin Leader","floor":24,"turns":4},{"damage":6,"enemies":"Snake Plant","floor":27,"turns":3},{"damage":9,"enemies":"Snecko","floor":28,"turns":4},{"damage":63,"enemies":"Champ","floor":33,"turns":8}],"seed_played":"-8683963430248045587","potions_obtained":[{"floor":1,"key":"AttackPotion"},{"floor":8,"key":"FocusPotion"},{"floor":16,"key":"PowerPotion"},{"floor":19,"key":"Fire Potion"},{"floor":22,"key":"Strength Potion"},{"floor":27,"key":"PowerPotion"},{"floor":28,"key":"EssenceOfSteel"}],"is_trial":false,"path_per_floor":["M","?","M","M","M","R","E","M","T","E","$","R","T","M","R","B",null,"M","M","$","?","M","R","E","R","T","M","M","R","$","?","R","B"],"character_chosen":"DEFECT","items_purchased":["Defragment","Gash","Static Discharge","DollysMirror","Self Repair","Stack"],"campfire_rested":3,"item_purchase_floors":[11,11,20,20,30,30],"current_hp_per_floor":[75,68,67,67,67,67,39,39,39,39,39,39,39,39,39,34,75,60,47,47,47,32,54,27,27,27,21,12,34,34,34,56,0],"gold":0,"neow_bonus":"ONE_RARE_RELIC","is_prod":false,"is_daily":false,"chose_seed":false,"campfire_upgraded":4,"win_rate":0,"timestamp":1548018172,"path_taken":["M","?","M","M","M","R","E","M","T","E","$","R","?","M","R","BOSS","M","M","?","?","M","R","E","R","T","?","M","R","$","?","R","BOSS"],"build_version":"2019-01-19","purchased_purges":1,"victory":false,"max_hp_per_floor":[75,75,75,75,75,75,75,75,75,75,75,75,75,75,75,75,75,75,75,75,75,75,75,75,75,75,75,75,75,75,75,75,75],"card_choices":[{"not_picked":["Hello World","Barrage"],"picked":"Conserve Battery","floor":1},{"not_picked":["Ball Lightning","Beam Cell"],"picked":"Turbo","floor":3},{"not_picked":["Turbo","Stack"],"picked":"Electrodynamics","floor":4},{"not_picked":["Blizzard","Rip and Tear","Stack"],"picked":"SKIP","floor":5},{"not_picked":["Gash","All For One"],"picked":"Chill","floor":7},{"not_picked":["Stack","Tempest"],"picked":"White Noise","floor":8},{"not_picked":["Chaos","Doom and Gloom","All For One"],"picked":"FTL","floor":10},{"not_picked":["Sweeping Beam","Turbo","Fusion"],"picked":"Go for the Eyes","floor":14},{"not_picked":["Creative AI","Core Surge","Electrodynamics"],"picked":"All For One","floor":16},{"not_picked":["Turbo","Barrage"],"picked":"SKIP","floor":18},{"not_picked":["Aggregate"],"picked":"Double Energy","floor":19},{"not_picked":["Sunder"],"picked":"Steam Power","floor":22},{"not_picked":["Ball Lightning","Compile Driver"],"picked":"SKIP","floor":24},{"not_picked":["Ball Lightning"],"picked":"Rebound","floor":27},{"not_picked":["Rainbow"],"picked":"Steam","floor":28}],"player_experience":455491,"relics_obtained":[{"floor":7,"key":"Shuriken"},{"floor":9,"key":"Question Card"},{"floor":10,"key":"Cables"},{"floor":24,"key":"Bottled Flame"},{"floor":26,"key":"Orichalcum"}],"event_choices":[{"cards_removed":["Clumsy"],"damage_healed":0,"gold_gain":0,"player_choice":"Card Removal","damage_taken":7,"max_hp_gain":0,"max_hp_loss":0,"event_name":"Golden Wing","floor":2,"gold_loss":0},{"damage_healed":0,"gold_gain":0,"player_choice":"Copied","damage_taken":0,"max_hp_gain":0,"max_hp_loss":0,"event_name":"Duplicator","floor":21,"gold_loss":0,"cards_obtained":["Defragment"]},{"damage_healed":0,"gold_gain":0,"player_choice":"Paid Fearfully","damage_taken":0,"max_hp_gain":0,"max_hp_loss":0,"event_name":"Masked Bandits","floor":31,"gold_loss":28}],"is_beta":true,"boss_relics":[{"not_picked":["Empty Cage","Velvet Choker"],"picked":"Busted Crown"}],"items_purged_floors":[11],"is_endless":false,"potions_floor_spawned":[1,8,16,19,22,27,28],"killed_by":"Champ","ascension_level":1}