{"path_per_floor":["M","$","M","?","M","R","M","R","T","?","$","M","R","?","R","B",null,"M","$","M","$","?","E","R","E","T","R","?","?","T","M","R","B",null,"M","M","?","?","$","R","E","M","T"],"character_chosen":"IRONCLAD","items_purchased":["Panacea","Flame Barrier","Metallicize","Shrug It Off","Flash of Steel","Headbutt"],"gold_per_floor":[117,13,26,26,36,36,54,54,79,100,65,83,83,83,83,183,183,202,87,76,29,29,57,57,92,116,116,116,41,41,61,61,158,158,176,186,186,186,52,52,87,100,155],"floor_reached":44,"campfire_rested":2,"playtime":2735,"current_hp_per_floor":[72,72,75,68,56,56,55,55,55,58,58,62,62,62,62,20,80,70,70,65,65,65,51,75,60,60,80,80,80,80,80,80,20,80,80,72,64,64,64,64,25,23,23],"items_purged":["Strike_R"],"gold":155,"play_id":"28146de6-a713-422a-85e0-c3041ce1a5d5","is_prod":false,"is_daily":false,"campfire_rituals":0,"campfire_upgraded":6,"is_hardmode":false,"path_taken":["M","$","M","?","M","R","M","R","T","?","$","M","R","?","R","BOSS","M","$","M","$","?","E","R","E","T","R","?","?","?","M","R","BOSS","M","M","?","?","$","R","E","M","T","M"],"build_version":"2018-01-18-PROD4","purchased_purges":2,"victory":false,"master_deck":["Strike_R","Strike_R","Strike_R","Defend_R","Defend_R","Defend_R","Shockwave","Panacea","Clash","Clash","Reckless Charge","Flame Barrier","Dropkick","Berserk","Disarm","Metallicize","Combust","Shrug It Off","Flex","Thunderclap","Shrug It Off","Rampage","Demon Form","Anger","Flex","Flash of Steel","Headbutt","Twin Strike"],"max_hp_per_floor":[80,80,80,80,80,80,80,80,80,80,80,80,80,80,80,80,80,80,80,80,80,80,80,80,80,80,80,80,80,80,80,80,80,80,80,80,80,80,80,80,80,80,80],"relics":["Burning Blood","Orichalcum","Odd Mushroom","Velvet Choker","Paper Frog","Bronze Scales","War Paint","Dream Catcher","Thread and Needle","Sozu","Molten Egg","Tiny Chest"],"campfire_meditates":0,"card_choices":[{"not_picked":["Sever Soul","Infernal Blade"],"picked":"Shockwave"},{"not_picked":["Shockwave","Pommel Strike"],"picked":"True Grit"},{"not_picked":["Reckless Charge","Thunderclap"],"picked":"Clash"},{"not_picked":["Blood for Blood","Spot Weakness"],"picked":"Clash"},{"not_picked":["Cleave","Reaper"],"picked":"Reckless Charge"},{"not_picked":["True Grit","Reckless Charge"],"picked":"Dropkick"},{"not_picked":["Bludgeon","Brutality"],"picked":"Berserk"},{"not_picked":["Blood for Blood","Sword Boomerang"],"picked":"Disarm"},{"not_picked":["Clothesline","Iron Wave"],"picked":"Combust"},{"not_picked":["Clash","Dark Embrace"],"picked":"Flex"},{"not_picked":["Feel No Pain","Armaments"],"picked":"Thunderclap"},{"not_picked":["Combust","Armaments"],"picked":"Shrug It Off"},{"not_picked":["Feel No Pain","Seeing Red"],"picked":"Rampage"},{"not_picked":["Dark Embrace","Brutality"],"picked":"Demon Form"},{"not_picked":["Headbutt","Armaments"],"picked":"Anger"},{"not_picked":["Body Slam","Reckless Charge"],"picked":"Flex"},{"not_picked":["Armaments","Sword Boomerang"],"picked":"Twin Strike"}],"player_experience":39202,"potions_floor_usage":[33],"damage_taken":[{"damage":14.0,"enemies":"Small Slimes","floor":1.0,"turns":5.0},{"damage":3.0,"enemies":"Jaw Worm","floor":3.0,"turns":3.0},{"damage":18.0,"enemies":"Cultist","floor":5.0,"turns":8.0},{"damage":7.0,"enemies":"3 Louse","floor":7.0,"turns":7.0},{"damage":3.0,"enemies":"The Mushroom Lair","floor":10.0,"turns":4.0},{"damage":2.0,"enemies":"Large Slime","floor":12.0,"turns":5.0},{"damage":48.0,"enemies":"The Guardian","floor":16.0,"turns":13.0},{"damage":16.0,"enemies":"Spheric Guardian","floor":18.0,"turns":5.0},{"damage":11.0,"enemies":"2 Thieves","floor":20.0,"turns":4.0},{"damage":20.0,"enemies":"Book of Stabbing","floor":23.0,"turns":7.0},{"damage":21.0,"enemies":"Gremlin Leader","floor":25.0,"turns":6.0},{"damage":1,"enemies":"Snecko","floor":31,"turns":4},{"damage":66,"enemies":"Automaton","floor":33,"turns":7},{"damage":2,"enemies":"Orb Walker","floor":35,"turns":4},{"damage":14,"enemies":"3 Shapes","floor":36,"turns":6},{"damage":45,"enemies":"Giant Head","floor":41,"turns":8},{"damage":8,"enemies":"3 Darklings","floor":42,"turns":5},{"damage":28,"enemies":"4 Shapes","floor":44,"turns":2}],"event_choices":[{"event_name":"Golden Wing","player_choice":"Card Removal","floor":4.0,"damage_taken":0.0},{"event_name":"Mushrooms","player_choice":"Fought Mushrooms","floor":10.0,"damage_taken":0.0},{"event_name":"Living Wall","player_choice":"Grow","floor":14.0,"damage_taken":0.0},{"event_name":"The Mausoleum","player_choice":"Yes","floor":22.0,"damage_taken":0.0},{"event_name":"Bonfire Elementals","player_choice":"COMMON","floor":28.0,"damage_taken":0.0},{"event_name":"Beggar","player_choice":"Gave Gold","floor":29.0,"damage_taken":0.0},{"event_name":"Wheel of Change","player_choice":"Damage","floor":37,"damage_taken":0},{"event_name":"Tomb of Lord Red Mask","player_choice":"Ignored","floor":38,"damage_taken":0}],"boss_relics":[{"not_picked":["White Beast Statue","Cursed Key"],"picked":"Sozu"}],"potions_floor_spawned":[1,5,7,12,18,31,35,42],"seed_played":"4788938507667462828","killed_by":"4 Shapes","is_trial":false}