{"gold_per_floor":[117,16,16,46,63,63,63,12,80,80,80,121,141,161,161,161],"floor_reached":16,"playtime":516,"items_purged":["Strike_R"],"score":108,"play_id":"3e0530ef-1de2-4675-83b9-9ef15057a20a","local_time":"20190727235737","is_ascension_mode":true,"campfire_choices":[{"data":"Armaments","floor":6,"key":"SMITH"},{"data":"Shrug It Off","floor":10,"key":"SMITH"},{"data":"Flex","floor":15,"key":"SMITH"}],"neow_cost":"NONE","seed_source_timestamp":425059758643100,"circlet_count":0,"master_deck":["Strike_R","Strike_R","Strike_R","Strike_R","Defend_R","Defend_R","Defend_R","Defend_R","Bash","Armaments+1","Shrug It Off+1","Flex+1"],"relics":["Burning Blood","Vajra","Letter Opener","Tiny Chest","Golden Idol","Kunai","Juzu Bracelet"],"potions_floor_usage":[16,16],"damage_taken":[{"damage":1,"enemies":"Cultist","floor":1,"turns":3},{"damage":4,"enemies":"2 Louse","floor":5,"turns":3},{"damage":19,"enemies":"Lagavulin","floor":12,"turns":8},{"damage":0,"enemies":"Small Slimes","floor":13,"turns":4},{"damage":0,"enemies":"Blue Slaver","floor":14,"turns":5},{"damage":64,"enemies":"Hexaghost","floor":16,"turns":16}],"seed_played":"-3781877256869266130","potions_obtained":[{"floor":5,"key":"Dexterity Potion"},{"floor":12,"key":"SkillPotion"},{"floor":13,"key":"FearPotion"}],"is_trial":false,"path_per_floor":["M","$","T","?","M","R","?","$","T","R","?","E","M","M","R","B"],"character_chosen":"IRONCLAD","items_purchased":["Armaments","Shrug It Off"],"campfire_rested":0,"item_purchase_floors":[2,8],"current_hp_per_floor":[80,80,80,77,79,79,59,59,59,59,64,51,57,63,63,0],"gold":161,"neow_bonus":"RANDOM_COMMON_RELIC","is_prod":false,"is_daily":false,"chose_seed":false,"campfire_upgraded":3,"win_rate":0,"timestamp":1564253857,"path_taken":["M","$","?","?","M","R","?","?","T","R","?","E","M","M","R","BOSS"],"build_version":"2019-07-17","purchased_purges":1,"victory":false,"max_hp_per_floor":[80,80,80,80,80,80,80,80,80,80,85,85,85,85,85,85],"card_choices":[{"not_picked":["Wild Strike","Havoc","Headbutt"],"picked":"SKIP","floor":1},{"not_picked":["Hemokinesis","Twin Strike","Second Wind"],"picked":"SKIP","floor":5},{"not_picked":["Dark Embrace","Cleave","Heavy Blade"],"picked":"SKIP","floor":12},{"not_picked":["Havoc","Pommel Strike","Iron Wave"],"picked":"SKIP","floor":13},{"not_picked":["Clash","Bloodletting"],"picked":"Flex","floor":14}],"player_experience":163061,"relics_obtained":[{"floor":3,"key":"Letter Opener"},{"floor":9,"key":"Kunai"},{"floor":12,"key":"Juzu Bracelet"}],"event_choices":[{"damage_healed":0,"gold_gain":0,"player_choice":"Success","damage_taken":3,"relics_obtained":["Tiny Chest"],"max_hp_gain":0,"max_hp_loss":0,"event_name":"Scrap Ooze","floor":4,"gold_loss":0},{"damage_healed":0,"gold_gain":0,"player_choice":"Take Damage","damage_taken":20,"relics_obtained":["Golden Idol"],"max_hp_gain":0,"max_hp_loss":0,"event_name":"Golden Idol","floor":7,"gold_loss":0},{"damage_healed":0,"gold_gain":0,"player_choice":"Donut","damage_taken":0,"max_hp_gain":5,"max_hp_loss":0,"event_name":"Big Fish","floor":11,"gold_loss":0}],"is_beta":false,"boss_relics":[],"items_purged_floors":[2],"is_endless":false,"potions_floor_spawned":[5,12,13],"killed_by":"Hexaghost","ascension_level":2}