{"path_per_floor":["M","M","M","M","M","M","M","?","T","R","?","R","$","M","R","B",null,"M","M","$","M","?","R","M","?","T","$","M","R","M","M","R","B",null,"M","?","?","$","M","R","M","R","T","M","M","M","M","M","R","B"],"character_chosen":"IRONCLAD","items_purchased":["Metallicize","Battle Trance","Dark Shackles","Shockwave","Heavy Blade"],"gold_per_floor":[119,129,140,152,162,178,193,193,193,193,268,268,24,36,36,135,135,150,170,26,26,26,26,42,42,42,42,52,52,70,80,80,185,185,196,196,196,50,66,66,83,83,83,97,107,122,137,151,151,151],"floor_reached":51,"campfire_rested":2,"playtime":2895,"current_hp_per_floor":[38,44,47,44,44,42,42,42,42,42,31,55,55,64,64,24,80,77,75,75,73,58,58,63,63,63,63,68,68,78,74,74,85,85,85,75,75,75,83,83,73,73,73,52,25,37,16,22,47,41],"items_purged":["Clash","Strike_R"],"gold":151,"play_id":"cffc728e-0def-4238-aff8-f458c211f123","is_prod":false,"is_daily":false,"campfire_rituals":0,"campfire_upgraded":7,"is_hardmode":false,"path_taken":["M","?","M","M","M","M","M","?","T","R","?","R","$","M","R","BOSS","M","M","$","M","?","R","M","?","T","$","?","R","M","M","R","BOSS","M","?","?","$","M","R","M","R","T","?","M","M","M","M","R","BOSS"],"build_version":"2018-01-18-PROD4","purchased_purges":2,"victory":true,"master_deck":["Strike_R","Strike_R","Defend_R","Defend_R","Defend_R","Defend_R","Bash","Sword Boomerang","Bludgeon","Rage","Inflame","Flex","Rampage","Pommel Strike","Seeing Red","Metallicize","Battle Trance","Dark Shackles","Flame Barrier","Barricade","Flame Barrier","Clothesline","Shockwave","Warcry","Clothesline","Bludgeon","Heavy Blade","Body Slam","Body Slam","Double Tap","Headbutt","Madness","Madness","Heavy Blade","Blood for Blood","Perfected Strike","Rampage","Feed","Clothesline","Clothesline","Pommel Strike"],"max_hp_per_floor":[80,80,80,80,80,80,80,80,80,80,80,80,80,80,80,80,80,80,80,80,80,85,85,85,85,85,85,85,85,85,85,85,85,85,85,85,85,85,85,85,85,85,85,85,85,85,85,85,85,85],"relics":["Burning Blood","Bird Faced Urn","Snecko Eye","Molten Egg","Velvet Choker","Mummified Hand"],"campfire_meditates":0,"card_choices":[{"not_picked":["Combust","Cleave"],"picked":"Rage"},{"not_picked":["Uppercut","Blood for Blood"],"picked":"Inflame"},{"not_picked":["Warcry","Reaper"],"picked":"Flex"},{"not_picked":["Dual Wield","Blood for Blood"],"picked":"Clash"},{"not_picked":["Thunderclap","Dual Wield"],"picked":"Rampage"},{"not_picked":["Cleave","Heavy Blade"],"picked":"Pommel Strike"},{"not_picked":["Perfected Strike","Pommel Strike"],"picked":"Seeing Red"},{"not_picked":["Shrug It Off","Perfected Strike"],"picked":"Flame Barrier"},{"not_picked":["Feed","Limit Break"],"picked":"Barricade"},{"not_picked":["Corruption","Disarm"],"picked":"Flame Barrier"},{"not_picked":["Twin Strike","Pommel Strike"],"picked":"Clothesline"},{"not_picked":["Infernal Blade","Anger"],"picked":"Warcry"},{"not_picked":["Anger","True Grit"],"picked":"Clothesline"},{"not_picked":["Pommel Strike","Seeing Red"],"picked":"Heavy Blade"},{"not_picked":["Disarm","True Grit"],"picked":"Body Slam"},{"not_picked":["Sever Soul","Reckless Charge"],"picked":"Body Slam"},{"not_picked":["Berserk","Dark Embrace"],"picked":"Double Tap"},{"not_picked":["Intimidate","Twin Strike"],"picked":"Headbutt"},{"not_picked":["Pummel","Headbutt"],"picked":"Blood for Blood"},{"not_picked":["Hemokinesis","Rage"],"picked":"Perfected Strike"},{"not_picked":["Inflame","Body Slam"],"picked":"Rampage"},{"not_picked":["Headbutt","Clash"],"picked":"Feed"},{"not_picked":["Heavy Blade","Feel No Pain"],"picked":"Clothesline"},{"not_picked":["Pommel Strike","Pummel"],"picked":"Clothesline"},{"not_picked":["Thunderclap","Rupture"],"picked":"Pommel Strike"}],"player_experience":47077,"potions_floor_usage":[35,44,44,50,50],"damage_taken":[{"damage":8,"enemies":"Blue Slaver","floor":1,"turns":5},{"damage":0,"enemies":"2 Louse","floor":2,"turns":3},{"damage":3,"enemies":"Jaw Worm","floor":3,"turns":4},{"damage":9,"enemies":"2 Fungi Beasts","floor":4,"turns":3},{"damage":6,"enemies":"Looter","floor":5,"turns":3},{"damage":8,"enemies":"Red Slaver","floor":6,"turns":2},{"damage":6,"enemies":"3 Louse","floor":7,"turns":4},{"damage":1,"enemies":"2 Fungi Beasts","floor":14,"turns":3},{"damage":50,"enemies":"Hexaghost","floor":16,"turns":10},{"damage":9,"enemies":"2 Thieves","floor":18,"turns":3},{"damage":10,"enemies":"Spheric Guardian","floor":19,"turns":3},{"damage":12,"enemies":"Snecko","floor":21,"turns":5},{"damage":5,"enemies":"Chosen and Byrds","floor":24,"turns":4},{"damage":3,"enemies":"Snake Plant","floor":28,"turns":2},{"damage":0,"enemies":"3 Cultists","floor":30,"turns":5},{"damage":12,"enemies":"Centurion and Healer","floor":31,"turns":4},{"damage":0,"enemies":"Champ","floor":33,"turns":9},{"damage":2,"enemies":"3 Darklings","floor":35,"turns":4},{"damage":0,"enemies":"Orb Walker","floor":39,"turns":2},{"damage":18,"enemies":"Maw","floor":41,"turns":6},{"damage":31,"enemies":"Sphere and 2 Shapes","floor":44,"turns":6},{"damage":37,"enemies":"4 Shapes","floor":45,"turns":5},{"damage":0,"enemies":"Maw","floor":46,"turns":5},{"damage":33,"enemies":"Sphere and 2 Shapes","floor":47,"turns":6},{"damage":0,"enemies":"3 Darklings","floor":48,"turns":3},{"damage":18,"enemies":"Awakened One","floor":50,"turns":10}],"event_choices":[{"event_name":"Upgrade Shrine","player_choice":"Upgraded","floor":8,"damage_taken":0},{"event_name":"World of Goop","player_choice":"Gather Gold","floor":11,"damage_taken":0},{"event_name":"Forgotten Altar","player_choice":"Shed Blood","floor":22,"damage_taken":0},{"event_name":"Duplicator","player_choice":"One dupe","floor":25,"damage_taken":0},{"event_name":"Winding Halls","player_choice":"Embrace Madness","floor":36,"damage_taken":0},{"event_name":"Tomb of Lord Red Mask","player_choice":"Ignored","floor":37,"damage_taken":0}],"boss_relics":[{"not_picked":["Eternal Feather","Question Card"],"picked":"Snecko Eye"},{"not_picked":["Tiny House","Mark of Pain"],"picked":"Velvet Choker"}],"potions_floor_spawned":[1,3,6,7,16,18,19,24,41,46,47,48],"seed_played":"8250375806512651908","is_trial":false}