{"gold_per_floor":[115,290,290,22,40,66,81,81,81,107,107,107,107,137,137,137],"floor_reached":16,"playtime":451,"items_purged":["Doubt"],"score":151,"play_id":"58f64fe9-3198-4617-8932-165f964e27bd","local_time":"20190715171009","is_ascension_mode":true,"campfire_choices":[{"data":"Dualcast","floor":8,"key":"SMITH"},{"data":"Gash","floor":12,"key":"SMITH"},{"data":"Defend_B","floor":15,"key":"SMITH"}],"neow_cost":"NONE","seed_source_timestamp":368812650504000,"circlet_count":0,"master_deck":["Strike_B","Strike_B","Strike_B","Defend_B+1","Defend_B","Defend_B","Defend_B","Zap+1","Dualcast+1","Gash+1"],"relics":["Cracked Core","NeowsBlessing","Toolbox","Gambling Chip","Unceasing Top","Gremlin Horn","The Courier","Pear"],"potions_floor_usage":[],"damage_taken":[{"damage":0,"enemies":"Jaw Worm","floor":1,"turns":1},{"damage":0,"enemies":"2 Louse","floor":5,"turns":1},{"damage":0,"enemies":"Gremlin Nob","floor":6,"turns":1},{"damage":0,"enemies":"Cultist","floor":7,"turns":3},{"damage":20,"enemies":"Lagavulin","floor":10,"turns":6},{"damage":65,"enemies":"Slime Boss","floor":16,"turns":8}],"seed_played":"378504411839398442","potions_obtained":[{"floor":1,"key":"SteroidPotion"}],"is_trial":false,"path_per_floor":["M","?","?","$","M","E","M","R","T","E","?","R","T","?","R","B"],"character_chosen":"DEFECT","items_purchased":["Toolbox"],"campfire_rested":0,"item_purchase_floors":[4],"current_hp_per_floor":[75,75,75,75,75,75,75,75,75,55,48,48,48,58,58,0],"gold":137,"neow_bonus":"THREE_ENEMY_KILL","is_prod":false,"is_daily":false,"chose_seed":false,"campfire_upgraded":3,"win_rate":0,"timestamp":1563192609,"path_taken":["M","?","?","$","?","E","M","R","T","E","?","R","?","?","R","BOSS"],"build_version":"2019-07-05","purchased_purges":1,"victory":false,"max_hp_per_floor":[75,75,75,75,75,75,75,75,75,75,75,75,75,85,85,85],"card_choices":[{"not_picked":["Cold Snap","Leap","Go for the Eyes"],"picked":"SKIP","floor":1},{"not_picked":["Stack","Melter","Go for the Eyes"],"picked":"SKIP","floor":5},{"not_picked":["Thunder Strike","Redo","Core Surge"],"picked":"SKIP","floor":6},{"not_picked":["Steam Power","Static Discharge"],"picked":"Gash","floor":7},{"not_picked":["Cold Snap","Blizzard","Compile Driver"],"picked":"SKIP","floor":10}],"player_experience":133360,"relics_obtained":[{"floor":6,"key":"Gambling Chip"},{"floor":9,"key":"Unceasing Top"},{"floor":10,"key":"Gremlin Horn"},{"floor":13,"key":"The Courier"}],"event_choices":[{"damage_healed":0,"gold_gain":175,"player_choice":"AGREE","damage_taken":0,"max_hp_gain":0,"max_hp_loss":0,"event_name":"Liars Game","floor":2,"gold_loss":0,"cards_obtained":["Doubt"]},{"damage_healed":0,"gold_gain":0,"player_choice":"Upgraded","damage_taken":0,"max_hp_gain":0,"max_hp_loss":0,"event_name":"Upgrade Shrine","floor":3,"gold_loss":0,"cards_upgraded":["Zap"]},{"cards_removed":["Strike_B"],"damage_healed":0,"gold_gain":0,"player_choice":"Card Removal","damage_taken":7,"max_hp_gain":0,"max_hp_loss":0,"event_name":"Golden Wing","floor":11,"gold_loss":0},{"damage_healed":0,"gold_gain":30,"player_choice":"Searched \u00273\u0027 times","damage_taken":0,"relics_obtained":["Pear"],"max_hp_gain":0,"max_hp_loss":0,"event_name":"Dead Adventurer","floor":14,"gold_loss":0}],"is_beta":false,"boss_relics":[],"items_purged_floors":[4],"is_endless":false,"potions_floor_spawned":[1],"killed_by":"Slime Boss","ascension_level":3}