{"gold_per_floor":[119,44,44,55,71,71,91,91,117,136,153,168,168,195,195,297,297,309,320,22,35,35,35,55,71,94,110,60,78,103,114,114,214,214,231,231,231,245,261,261,117,149,149,149,24,42,57,73,73,73,73,73,5,32,32],"floor_reached":55,"playtime":16598,"items_purged":["Clumsy","Bash","Doubt"],"score":727,"play_id":"8ad5edc6-f425-4190-ba03-d4931cc7ac6f","local_time":"20190109033237","is_ascension_mode":false,"campfire_choices":[{"data":"Armaments","floor":6,"key":"SMITH"},{"data":"Disarm","floor":8,"key":"SMITH"},{"data":"Immolate","floor":13,"key":"SMITH"},{"data":"Pommel Strike","floor":15,"key":"SMITH"},{"data":"Barricade","floor":23,"key":"SMITH"},{"data":"Entrench","floor":32,"key":"SMITH"},{"floor":40,"key":"RECALL"},{"data":"Limit Break","floor":49,"key":"SMITH"},{"data":"Offering","floor":52,"key":"SMITH"}],"neow_cost":"CURSE","seed_source_timestamp":16157401668886,"circlet_count":0,"master_deck":["Strike_R","Strike_R","Strike_R","Strike_R","Strike_R","Defend_R+1","Defend_R","Defend_R+1","Defend_R","Power Through+1","Clothesline","Armaments+1","Disarm+1","Immolate+1","Pommel Strike+1","Barricade+1","Havoc+1","Havoc+1","Headbutt+1","Headbutt+1","Entrench+1","Limit Break+1","Infernal Blade+1","Madness","Shockwave","Intimidate+1","Offering+1","Heavy Blade+1","Power Through+1","Battle Trance"],"relics":["Burning Blood","Anchor","Omamori","Cursed Key","Brimstone","War Paint","Runic Cube","Mummified Hand","Nunchaku","Centennial Puzzle"],"potions_floor_usage":[11,14,14,25,30,31,38,42,42,55],"damage_taken":[{"damage":3,"enemies":"Jaw Worm","floor":1,"turns":5},{"damage":1,"enemies":"Cultist","floor":4,"turns":4},{"damage":0,"enemies":"2 Louse","floor":5,"turns":3},{"damage":0,"enemies":"Blue Slaver","floor":7,"turns":5},{"damage":21,"enemies":"Lots of Slimes","floor":10,"turns":7},{"damage":1,"enemies":"2 Fungi Beasts","floor":11,"turns":5},{"damage":2,"enemies":"3 Louse","floor":12,"turns":5},{"damage":21,"enemies":"Gremlin Nob","floor":14,"turns":4},{"damage":37,"enemies":"Hexaghost","floor":16,"turns":12},{"damage":24,"enemies":"Spheric Guardian","floor":18,"turns":5},{"damage":0,"enemies":"Chosen","floor":19,"turns":5},{"damage":0,"enemies":"Snake Plant","floor":21,"turns":4},{"damage":7,"enemies":"Chosen and Byrds","floor":24,"turns":4},{"damage":8,"enemies":"Centurion and Healer","floor":25,"turns":4},{"damage":0,"enemies":"3 Cultists","floor":27,"turns":3},{"damage":17,"enemies":"Snake Plant","floor":29,"turns":4},{"damage":0,"enemies":"Slavers","floor":30,"turns":3},{"damage":0,"enemies":"Centurion and Healer","floor":31,"turns":4},{"damage":28,"enemies":"Collector","floor":33,"turns":9},{"damage":0,"enemies":"Orb Walker","floor":35,"turns":4},{"damage":1,"enemies":"3 Darklings","floor":38,"turns":3},{"damage":0,"enemies":"Jaw Worm Horde","floor":39,"turns":3},{"damage":61,"enemies":"Nemesis","floor":42,"turns":5},{"damage":6,"enemies":"4 Shapes","floor":46,"turns":2},{"damage":8,"enemies":"Transient","floor":47,"turns":5},{"damage":11,"enemies":"Spire Growth","floor":48,"turns":5},{"damage":74,"enemies":"Donu and Deca","floor":50,"turns":7},{"damage":60,"enemies":"Shield and Spear","floor":54,"turns":5},{"damage":43,"enemies":"The Heart","floor":55,"turns":5}],"seed_played":"-5222324523030719928","potions_obtained":[{"floor":1,"key":"SteroidPotion"},{"floor":10,"key":"Block Potion"},{"floor":11,"key":"AttackPotion"},{"floor":12,"key":"GamblersBrew"},{"floor":24,"key":"Poison Potion"},{"floor":25,"key":"SpeedPotion"},{"floor":27,"key":"Explosive Potion"},{"floor":35,"key":"Fire Potion"},{"floor":39,"key":"GamblersBrew"},{"floor":42,"key":"Ancient Potion"}],"is_trial":false,"path_per_floor":["M","$","?","M","M","R","M","R","T","M","M","M","R","E","R","B",null,"M","M","$","M","?","R","M","M","T","M","?","M","E","M","R","B",null,"M","?","?","M","M","R","$","E","T","?","$","M","M","M","R","B",null,"R","$","E","B"],"character_chosen":"IRONCLAD","items_purchased":["Brimstone","Offering","Battle Trance"],"campfire_rested":0,"item_purchase_floors":[20,41,53],"current_hp_per_floor":[96,96,96,96,96,96,96,96,96,81,86,90,90,75,75,44,96,78,84,84,90,90,90,89,87,87,93,93,82,88,94,94,72,96,96,84,96,96,96,96,96,41,41,96,96,96,94,89,89,21,96,96,96,42,0],"gold":32,"neow_bonus":"TWENTY_PERCENT_HP_BONUS","is_prod":false,"is_daily":false,"chose_seed":false,"campfire_upgraded":8,"win_rate":0,"timestamp":1546992157,"path_taken":["M","$","?","M","M","R","M","R","T","M","M","?","R","E","R","BOSS","M","M","$","M","?","R","M","M","T","M","?","?","E","M","R","BOSS","M","?","?","M","?","R","$","E","T","?","$","M","M","M","R","BOSS","R","$","E","BOSS"],"build_version":"2019-01-07","purchased_purges":3,"victory":false,"max_hp_per_floor":[96,96,96,96,96,96,96,96,96,96,96,96,96,96,96,96,96,96,96,96,96,96,96,96,96,96,96,96,96,96,96,96,96,96,96,96,96,96,96,96,96,96,96,96,96,96,96,96,96,96,96,96,96,96,96],"card_choices":[{"not_picked":["True Grit","Anger"],"picked":"Power Through","floor":1},{"not_picked":["Armaments","Clash"],"picked":"Clothesline","floor":4},{"not_picked":["Iron Wave","True Grit"],"picked":"Armaments","floor":5},{"not_picked":["Flex","Armaments"],"picked":"Disarm","floor":7},{"not_picked":["Clothesline","Sword Boomerang","Burning Pact"],"picked":"SKIP","floor":10},{"not_picked":["Clash","Rupture","Corruption"],"picked":"SKIP","floor":11},{"not_picked":["Disarm","Carnage"],"picked":"Immolate","floor":12},{"not_picked":["Heavy Blade","Wild Strike"],"picked":"Pommel Strike","floor":14},{"not_picked":["Feed","Double Tap"],"picked":"Barricade","floor":16},{"not_picked":["Rupture","Uppercut","Clash+1"],"picked":"SKIP","floor":18},{"not_picked":["Spot Weakness","Feel No Pain"],"picked":"Havoc+1","floor":19},{"not_picked":["Pommel Strike","Dual Wield+1"],"picked":"Havoc+1","floor":21},{"not_picked":["Fiend Fire","Clash","Havoc"],"picked":"SKIP","floor":24},{"not_picked":["Perfected Strike","Blood for Blood"],"picked":"Headbutt+1","floor":25},{"not_picked":["Flex","Iron Wave"],"picked":"Headbutt+1","floor":27},{"not_picked":["Anger","Dropkick+1","Sword Boomerang"],"picked":"SKIP","floor":29},{"not_picked":["Iron Wave","Anger+1"],"picked":"Entrench","floor":30},{"not_picked":["Burning Pact","Anger+1","Infernal Blade"],"picked":"SKIP","floor":31},{"not_picked":["Reaper","Berserk"],"picked":"Limit Break","floor":33},{"not_picked":["Ghostly Armor","Sword Boomerang"],"picked":"Infernal Blade+1","floor":35},{"not_picked":["Body Slam","Power Through"],"picked":"Shockwave","floor":38},{"not_picked":["Sword Boomerang+1","Clash+1"],"picked":"Intimidate+1","floor":39},{"not_picked":["Rupture","Perfected Strike"],"picked":"Heavy Blade+1","floor":42},{"not_picked":["Armaments+1","Flex"],"picked":"Power Through+1","floor":46},{"not_picked":["Whirlwind+1","Combust+1","Armaments+1"],"picked":"SKIP","floor":47},{"not_picked":["Whirlwind","Warcry","Anger"],"picked":"SKIP","floor":48},{"not_picked":["Warcry+1","Anger","Perfected Strike"],"picked":"SKIP","floor":54}],"player_experience":321683,"relics_obtained":[{"floor":9,"key":"Anchor"},{"floor":14,"key":"Omamori"},{"floor":30,"key":"War Paint"},{"floor":42,"key":"Mummified Hand"},{"floor":43,"key":"Nunchaku"},{"floor":54,"key":"Centennial Puzzle"}],"event_choices":[{"damage_healed":0,"gold_gain":0,"player_choice":"Forge","damage_taken":0,"max_hp_gain":0,"max_hp_loss":0,"event_name":"Accursed Blacksmith","floor":3,"gold_loss":0,"cards_upgraded":["Power Through"]},{"damage_healed":0,"gold_gain":0,"player_choice":"Ignored","damage_taken":0,"max_hp_gain":0,"max_hp_loss":0,"event_name":"Ghosts","floor":22,"gold_loss":0},{"damage_healed":0,"gold_gain":0,"player_choice":"Bet on Murderer","damage_taken":0,"max_hp_gain":0,"max_hp_loss":0,"event_name":"The Joust","floor":28,"gold_loss":50},{"damage_healed":0,"gold_gain":0,"player_choice":"Embrace Madness","damage_taken":12,"max_hp_gain":0,"max_hp_loss":0,"event_name":"Winding Halls","floor":36,"gold_loss":0,"cards_obtained":["Madness","Madness"]},{"cards_removed":["Madness"],"damage_healed":12,"gold_gain":0,"player_choice":"Offered Uncommon","damage_taken":0,"max_hp_gain":0,"max_hp_loss":0,"event_name":"Bonfire Elementals","floor":37,"gold_loss":0},{"damage_healed":55,"gold_gain":0,"player_choice":"Heal","damage_taken":0,"max_hp_gain":0,"max_hp_loss":0,"event_name":"MindBloom","floor":44,"gold_loss":0,"cards_obtained":["Doubt"]}],"is_beta":true,"boss_relics":[{"not_picked":["Eternal Feather","Sozu"],"picked":"Cursed Key"},{"not_picked":["Orrery","Tiny House"],"picked":"Runic Cube"}],"items_purged_floors":[2,20,45],"is_endless":false,"potions_floor_spawned":[1,10,11,12,24,25,27,35,39,42],"killed_by":"The Heart","ascension_level":0}