{"gold_per_floor":[119,119,11,86,45,45,73,73,125,155,168,1,35,0,0,73,73,88,103,116,36,36,67,79,109,121,147,79,79,23,39,39,115,115,134,147,147,163,179,179],"floor_reached":40,"playtime":2570,"items_purged":["Strike_B"],"score":948,"play_id":"2b1c0dce-a53e-42d0-b2c1-032226a34fd6","local_time":"20190719223235","is_ascension_mode":true,"campfire_choices":[{"data":"Defragment","floor":6,"key":"SMITH"},{"data":"Biased Cognition","floor":8,"key":"SMITH"},{"data":"Defragment","floor":15,"key":"SMITH"},{"floor":24,"key":"REST"},{"floor":29,"key":"REST"},{"floor":32,"key":"REST"}],"neow_cost":"NONE","seed_source_timestamp":515485794798682,"circlet_count":0,"master_deck":["AscendersBane","Defend_B","Defend_B","Defend_B","Defend_B","Zap","Dualcast","Ball Lightning","Leap","Defragment+1","Biased Cognition+1","Compile Driver","BootSequence","Doom and Gloom","Steam","Defragment+1","Echo Form","Force Field","Force Field","Cold Snap","Sweeping Beam","Go for the Eyes","Scrape","Leap","Capacitor+1","Sweeping Beam","Coolheaded","Defragment","Cold Snap","Glacier","Machine Learning","Loop","Compile Driver+1"],"relics":["Cracked Core","NeowsBlessing","Mummified Hand","Juzu Bracelet","Shuriken","Sozu","MawBank","Kunai","Nuclear Battery"],"potions_floor_usage":[16,18,40],"damage_taken":[{"damage":0,"enemies":"2 Louse","floor":1,"turns":1},{"damage":0,"enemies":"3 Sentries","floor":7,"turns":1},{"damage":0,"enemies":"Gremlin Nob","floor":10,"turns":1},{"damage":0,"enemies":"Jaw Worm","floor":11,"turns":2},{"damage":20,"enemies":"Lagavulin","floor":13,"turns":5},{"damage":18,"enemies":"The Guardian","floor":16,"turns":9},{"damage":1,"enemies":"3 Byrds","floor":18,"turns":4},{"damage":6,"enemies":"Spheric Guardian","floor":19,"turns":3},{"damage":8,"enemies":"Snecko","floor":20,"turns":5},{"damage":26,"enemies":"Book of Stabbing","floor":23,"turns":7},{"damage":17,"enemies":"3 Cultists","floor":25,"turns":5},{"damage":20,"enemies":"Snake Plant","floor":27,"turns":4},{"damage":0,"enemies":"Centurion and Healer","floor":31,"turns":6},{"damage":28,"enemies":"Automaton","floor":33,"turns":15},{"damage":22,"enemies":"3 Shapes","floor":35,"turns":6},{"damage":0,"enemies":"Orb Walker","floor":36,"turns":5},{"damage":6,"enemies":"3 Darklings","floor":38,"turns":5},{"damage":0,"enemies":"Maw","floor":39,"turns":8},{"damage":32,"enemies":"Reptomancer","floor":40,"turns":2}],"seed_played":"1568621302113506571","potions_obtained":[{"floor":7,"key":"Energy Potion"},{"floor":13,"key":"Fire Potion"},{"floor":16,"key":"PowerPotion"}],"is_trial":false,"path_per_floor":["M","?","$","?","$","R","E","R","T","E","M","$","E","?","R","B",null,"M","M","M","$","?","E","R","M","T","M","$","R","$","M","R","B",null,"M","M","?","M","M","E"],"character_chosen":"DEFECT","items_purchased":["PowerPotion","Leap","Defragment","Doom and Gloom","Steam","Sweeping Beam","Go for the Eyes","Defragment","Cold Snap"],"campfire_rested":3,"item_purchase_floors":[3,3,5,12,12,21,21,28,30],"current_hp_per_floor":[64,57,57,46,46,46,46,46,46,46,46,46,26,43,43,25,60,59,53,45,45,45,19,40,23,23,3,3,24,24,24,45,17,58,36,36,36,30,30,0],"gold":179,"neow_bonus":"THREE_ENEMY_KILL","is_prod":false,"is_daily":false,"chose_seed":false,"campfire_upgraded":3,"win_rate":0,"timestamp":1563600755,"path_taken":["M","?","$","?","?","R","E","R","T","E","M","$","E","?","R","BOSS","M","M","M","$","?","E","R","M","T","M","$","R","?","M","R","BOSS","M","M","?","M","M","E"],"build_version":"2019-07-17","purchased_purges":1,"victory":false,"max_hp_per_floor":[71,71,71,71,71,71,71,71,71,71,71,71,71,71,71,71,71,71,71,71,71,71,71,71,71,71,71,71,71,71,71,71,71,71,71,71,67,67,67,67],"card_choices":[{"not_picked":["Gash","Turbo"],"picked":"Ball Lightning","floor":1},{"not_picked":["Reprogram","Compile Driver"],"picked":"Biased Cognition","floor":7},{"not_picked":["Scrape","Chaos"],"picked":"Compile Driver","floor":10},{"not_picked":["Stack","Self Repair"],"picked":"BootSequence","floor":11},{"not_picked":["Skim","Electrodynamics"],"picked":"Defragment","floor":13},{"not_picked":["Machine Learning","Thunder Strike"],"picked":"Echo Form","floor":16},{"not_picked":["FTL","Turbo"],"picked":"Force Field","floor":18},{"not_picked":["Scrape","Gash"],"picked":"Force Field","floor":19},{"not_picked":["Capacitor","Chaos"],"picked":"Cold Snap","floor":20},{"not_picked":["Redo","Recycle+1"],"picked":"Capacitor+1","floor":23},{"not_picked":["Turbo","Double Energy"],"picked":"Sweeping Beam","floor":25},{"not_picked":["Skim","Conserve Battery"],"picked":"Coolheaded","floor":27},{"not_picked":["Capacitor","Go for the Eyes"],"picked":"Glacier","floor":31},{"not_picked":["All For One","Rainbow"],"picked":"Machine Learning","floor":33},{"not_picked":["Gash","Leap"],"picked":"Loop","floor":35},{"not_picked":["Chaos+1","Beam Cell+1"],"picked":"Compile Driver+1","floor":36},{"not_picked":["Darkness","Biased Cognition","Compile Driver"],"picked":"SKIP","floor":38},{"not_picked":["Storm","Fusion","Conserve Battery"],"picked":"SKIP","floor":39}],"player_experience":559214,"relics_obtained":[{"floor":7,"key":"Mummified Hand"},{"floor":9,"key":"Juzu Bracelet"},{"floor":13,"key":"Shuriken"},{"floor":23,"key":"MawBank"},{"floor":26,"key":"Kunai"}],"event_choices":[{"cards_removed":["Strike_B"],"damage_healed":0,"gold_gain":0,"player_choice":"Card Removal","damage_taken":7,"max_hp_gain":0,"max_hp_loss":0,"event_name":"Golden Wing","floor":2,"gold_loss":0},{"damage_healed":0,"gold_gain":75,"player_choice":"Gather Gold","damage_taken":11,"max_hp_gain":0,"max_hp_loss":0,"event_name":"World of Goop","floor":4,"gold_loss":0},{"damage_healed":17,"gold_gain":0,"player_choice":"Healed","damage_taken":0,"max_hp_gain":0,"max_hp_loss":0,"event_name":"The Cleric","floor":14,"gold_loss":35},{"damage_healed":0,"gold_gain":0,"cards_transformed":["Strike_B","Strike_B"],"player_choice":"Became Test Subject","damage_taken":0,"max_hp_gain":0,"max_hp_loss":0,"event_name":"Drug Dealer","floor":22,"gold_loss":0,"cards_obtained":["Scrape","Leap"]},{"damage_healed":0,"gold_gain":0,"player_choice":"Max HP","damage_taken":0,"max_hp_gain":0,"max_hp_loss":4,"event_name":"Winding Halls","floor":37,"gold_loss":0}],"is_beta":false,"boss_relics":[{"not_picked":["Tiny House","Runic Dome"],"picked":"Sozu"},{"not_picked":["Calling Bell","White Beast Statue"],"picked":"Nuclear Battery"}],"items_purged_floors":[12],"is_endless":false,"potions_floor_spawned":[7,13,16,18,20,23,31,35],"killed_by":"Reptomancer","ascension_level":18}