{"gold_per_floor":[112,129,5,5,25,54,54,82,82,7,7,38,38,50,50,149,149,169,169],"floor_reached":19,"playtime":944,"items_purged":["Writhe"],"score":194,"play_id":"e159f47d-b313-4fba-9d5f-d8aaacfc7f49","local_time":"20181110201218","is_ascension_mode":true,"campfire_choices":[{"data":"Backflip","floor":7,"key":"SMITH"},{"floor":15,"key":"REST"}],"neow_cost":"CURSE","seed_source_timestamp":2502544257237,"circlet_count":0,"master_deck":["Defend_G","Defend_G","Defend_G","Defend_G","Defend_G","Strike_G","Strike_G","Strike_G+1","Strike_G+1","Strike_G","Survivor","Neutralize","Cloak And Dagger","Backflip+1","Outmaneuver","Backflip+1","Noxious Fumes+1","Deadly Poison","Well Laid Plans","Deadly Poison","Caltrops","Malaise","Noxious Fumes"],"relics":["Ring of the Snake","Bag of Marbles","Sundial","Whetstone","Bottled Lightning","Velvet Choker"],"potions_floor_usage":[6,6,8,16],"damage_taken":[{"damage":11,"enemies":"Cultist","floor":1,"turns":5},{"damage":0,"enemies":"2 Louse","floor":2,"turns":3},{"damage":2,"enemies":"Jaw Worm","floor":5,"turns":4},{"damage":24,"enemies":"Lagavulin","floor":6,"turns":10},{"damage":29,"enemies":"Gremlin Nob","floor":8,"turns":6},{"damage":9,"enemies":"3 Sentries","floor":12,"turns":8},{"damage":4,"enemies":"Large Slime","floor":14,"turns":6},{"damage":1,"enemies":"Hexaghost","floor":16,"turns":7},{"damage":0,"enemies":"Spheric Guardian","floor":18,"turns":3},{"damage":0,"enemies":"Shell Parasite","floor":19,"turns":1}],"seed_played":"1284889839416243277","potions_obtained":[{"floor":1,"key":"EssenceOfSteel"},{"floor":5,"key":"Poison Potion"},{"floor":6,"key":"PowerPotion"},{"floor":14,"key":"Block Potion"},{"floor":16,"key":"LiquidBronze"}],"is_trial":false,"path_per_floor":["M","M","$","?","M","E","R","E","T","$","?","E","?","M","R","B",null,"M","M"],"character_chosen":"THE_SILENT","items_purchased":["Outmaneuver","Well Laid Plans"],"campfire_rested":1,"item_purchase_floors":[3,10],"current_hp_per_floor":[73,73,73,73,71,47,47,18,18,18,18,9,9,5,30,29,84,84,84],"gold":169,"neow_bonus":"TWENTY_PERCENT_HP_BONUS","is_prod":false,"is_daily":false,"chose_seed":false,"campfire_upgraded":1,"win_rate":0,"timestamp":1541868138,"path_taken":["M","M","?","?","?","E","R","E","T","$","?","E","?","M","R","BOSS","M","M"],"build_version":"2018-11-08","purchased_purges":1,"victory":false,"max_hp_per_floor":[84,84,84,84,84,84,84,84,84,84,84,84,84,84,84,84,84,84,84],"card_choices":[{"not_picked":["Dagger Spray","Predator"],"picked":"Cloak And Dagger","floor":1},{"not_picked":["Dash","Predator"],"picked":"Backflip","floor":2},{"not_picked":["Skewer","Backstab"],"picked":"Backflip","floor":5},{"not_picked":["Blade Dance","Endless Agony"],"picked":"Noxious Fumes","floor":6},{"not_picked":["Tactician","Slice"],"picked":"Deadly Poison","floor":8},{"not_picked":["Storm of Steel","Poisoned Stab"],"picked":"Deadly Poison","floor":12},{"not_picked":["Outmaneuver","Slice"],"picked":"Caltrops","floor":14},{"not_picked":["Night Terror","Unload"],"picked":"Malaise","floor":16},{"not_picked":["Endless Agony","Acrobatics"],"picked":"Noxious Fumes","floor":18}],"player_experience":146381,"relics_obtained":[{"floor":6,"key":"Bag of Marbles"},{"floor":8,"key":"Sundial"},{"floor":9,"key":"Whetstone"},{"floor":12,"key":"Bottled Lightning"}],"event_choices":[{"damage_healed":0,"gold_gain":0,"player_choice":"Upgraded","damage_taken":0,"max_hp_gain":0,"max_hp_loss":0,"event_name":"Upgrade Shrine","floor":4,"gold_loss":0,"cards_upgraded":["Backflip"]},{"damage_healed":0,"gold_gain":0,"player_choice":"Ignored","damage_taken":0,"max_hp_gain":0,"max_hp_loss":0,"event_name":"Golden Wing","floor":11,"gold_loss":0},{"damage_healed":0,"gold_gain":0,"player_choice":"Forge","damage_taken":0,"max_hp_gain":0,"max_hp_loss":0,"event_name":"Accursed Blacksmith","floor":13,"gold_loss":0,"cards_upgraded":["Noxious Fumes"]}],"is_beta":true,"boss_relics":[{"not_picked":["Snecko Eye","Coffee Dripper"],"picked":"Velvet Choker"}],"items_purged_floors":[3],"is_endless":false,"potions_floor_spawned":[1,5,6,14,16],"killed_by":"Shell Parasite","ascension_level":1}