{"gold_per_floor":[116,14,27,27,37,37,37,37,37,77,77,77],"floor_reached":12,"playtime":394,"items_purged":[],"score":80,"play_id":"95ee5297-f350-433f-9e47-7279990be83a","local_time":"20190113213046","is_ascension_mode":true,"campfire_choices":[{"data":"Dark Shackles","floor":7,"key":"SMITH"},{"floor":11,"key":"REST"}],"neow_cost":"TEN_PERCENT_HP_LOSS","seed_source_timestamp":923677282422,"circlet_count":0,"master_deck":["Defend_G","Defend_G","Defend_G","Defend_G","Defend_G","Strike_G","Strike_G","Strike_G","Strike_G","Strike_G","Survivor","Neutralize","Dark Shackles+1","Forethought","Backflip","Caltrops","Blade Dance","Blade Dance","Regret","Cloak And Dagger","Footwork"],"relics":["Ring of the Snake","Potion Belt","Golden Idol","Mercury Hourglass","FossilizedHelix"],"potions_floor_usage":[],"damage_taken":[{"damage":0,"enemies":"2 Louse","floor":1,"turns":3},{"damage":0,"enemies":"Small Slimes","floor":3,"turns":4},{"damage":5,"enemies":"Jaw Worm","floor":5,"turns":4},{"damage":20,"enemies":"Lagavulin","floor":10,"turns":9},{"damage":42,"enemies":"Gremlin Nob","floor":12,"turns":4}],"seed_played":"1521619411324647852","potions_obtained":[{"floor":10,"key":"GamblersBrew"}],"is_trial":false,"path_per_floor":["M","$","M","?","M","?","R","T","T","E","R","E"],"character_chosen":"THE_SILENT","items_purchased":["Caltrops","Blade Dance"],"campfire_rested":1,"item_purchase_floors":[2,2],"current_hp_per_floor":[63,63,63,63,58,43,43,43,43,23,41,0],"gold":77,"neow_bonus":"RANDOM_COLORLESS_2","is_prod":false,"is_daily":false,"chose_seed":false,"campfire_upgraded":1,"win_rate":0,"timestamp":1547402446,"path_taken":["M","$","M","?","M","?","R","?","T","E","R","E"],"build_version":"2019-01-10","purchased_purges":0,"victory":false,"max_hp_per_floor":[63,63,63,63,63,63,63,63,63,63,63,63],"card_choices":[{"not_picked":["Quick Slash","Bane"],"picked":"Backflip","floor":1},{"not_picked":["Expertise","Bane"],"picked":"Blade Dance","floor":3},{"not_picked":["Skewer","Acrobatics"],"picked":"Cloak And Dagger","floor":5},{"not_picked":["Slice","Quick Slash"],"picked":"Footwork","floor":10}],"player_experience":426752,"relics_obtained":[{"floor":8,"key":"Mercury Hourglass"},{"floor":10,"key":"FossilizedHelix"}],"event_choices":[{"damage_healed":0,"gold_gain":0,"player_choice":"Box","damage_taken":0,"relics_obtained":["Potion Belt"],"max_hp_gain":0,"max_hp_loss":0,"event_name":"Big Fish","floor":4,"gold_loss":0,"cards_obtained":["Regret"]},{"damage_healed":0,"gold_gain":0,"player_choice":"Take Damage","damage_taken":15,"relics_obtained":["Golden Idol"],"max_hp_gain":0,"max_hp_loss":0,"event_name":"Golden Idol","floor":6,"gold_loss":0}],"is_beta":true,"boss_relics":[],"items_purged_floors":[],"is_endless":false,"potions_floor_spawned":[10],"killed_by":"Gremlin Nob","ascension_level":1}