{"gold_per_floor":[130,162,190,222,409,449,461,500,512,524,536,548,574,586,598,733,745,772,803,830,842,854,866,893,905,917,946,491,511,525,70,70,170,170,185,197,126,138,148,148,176,176,227,245,245,120,136,168,168,168],"floor_reached":51,"playtime":9952,"items_purged":["Writhe","Strike_R","Clumsy"],"score":850,"play_id":"37758c69-2e67-4c51-af99-144d5de44985","local_time":"20190611000609","is_ascension_mode":true,"campfire_choices":[{"data":"Limit Break","floor":7.0,"key":"SMITH"},{"floor":10.0,"key":"REST"},{"floor":15.0,"key":"REST"},{"data":"Shrug It Off","floor":23.0,"key":"SMITH"},{"floor":25.0,"key":"REST"},{"floor":32.0,"key":"REST"},{"data":"Shrug It Off","floor":40.0,"key":"SMITH"},{"data":"Demon Form","floor":42.0,"key":"SMITH"},{"data":"Entrench","floor":45.0,"key":"SMITH"},{"data":"Shrug It Off","floor":49,"key":"SMITH"}],"neow_cost":"NONE","seed_source_timestamp":99223679724537,"circlet_count":0,"master_deck":["Strike_R","Strike_R","Strike_R+1","Strike_R","Defend_R","Defend_R","Defend_R","Defend_R","Bash","Dropkick+1","Cleave","Shockwave+1","Spot Weakness","Limit Break+1","Dropkick","Demon Form+1","Body Slam+1","Shrug It Off+1","Dropkick+1","Shrug It Off+1","Shrug It Off+1","Reaper+1","Heavy Blade+1","Entrench+1","Flame Barrier","Dropkick+1"],"special_seed":0,"relics":["Burning Blood","MawBank","Question Card","Whetstone","Pear","Bloody Idol","Philosopher\u0027s Stone","Molten Egg 2","Vajra","Anchor","Brimstone","Bag of Marbles","Sling","Cursed Key","Regal Pillow","Blood Vial","Red Skull"],"potions_floor_usage":[],"damage_taken":[{"damage":6.0,"enemies":"Jaw Worm","floor":1.0,"turns":5.0},{"damage":7.0,"enemies":"Small Slimes","floor":2.0,"turns":3.0},{"damage":7.0,"enemies":"2 Louse","floor":3.0,"turns":2.0},{"damage":13.0,"enemies":"Red Slaver","floor":4.0,"turns":4.0},{"damage":30.0,"enemies":"Lagavulin","floor":6.0,"turns":4.0},{"damage":57.0,"enemies":"Gremlin Nob","floor":8.0,"turns":5.0},{"damage":9.0,"enemies":"2 Fungi Beasts","floor":13.0,"turns":3.0},{"damage":37.0,"enemies":"Hexaghost","floor":16.0,"turns":7.0},{"damage":23.0,"enemies":"Spheric Guardian","floor":18.0,"turns":4.0},{"damage":22.0,"enemies":"Chosen","floor":19.0,"turns":4.0},{"damage":48.0,"enemies":"Centurion and Healer","floor":20.0,"turns":5.0},{"damage":32.0,"enemies":"Shelled Parasite and Fungi","floor":24.0,"turns":4.0},{"damage":42.0,"enemies":"Snake Plant","floor":27.0,"turns":4.0},{"damage":4.0,"enemies":"Sentry and Sphere","floor":29.0,"turns":3.0},{"damage":3.0,"enemies":"Shelled Parasite and Fungi","floor":30.0,"turns":2.0},{"damage":55.0,"enemies":"Collector","floor":33.0,"turns":6.0},{"damage":8.0,"enemies":"3 Shapes","floor":35.0,"turns":3.0},{"damage":0.0,"enemies":"3 Darklings","floor":36.0,"turns":3.0},{"damage":37.0,"enemies":"Maw","floor":38.0,"turns":5.0},{"damage":11.0,"enemies":"4 Shapes","floor":39.0,"turns":3.0},{"damage":16.0,"enemies":"Giant Head","floor":41.0,"turns":5.0},{"damage":0.0,"enemies":"Spire Growth","floor":44.0,"turns":2.0},{"damage":30.0,"enemies":"3 Darklings","floor":47.0,"turns":4.0},{"damage":27,"enemies":"Nemesis","floor":48,"turns":5},{"damage":69,"enemies":"Awakened One","floor":50,"turns":6}],"seed_played":"-4906058199879456197","potions_obtained":[{"floor":3.0,"key":"Strength Potion"},{"floor":6.0,"key":"Regen Potion"},{"floor":8.0,"key":"SpeedPotion"},{"floor":19.0,"key":"BloodPotion"},{"floor":27.0,"key":"Explosive Potion"},{"floor":29.0,"key":"Strength Potion"},{"floor":35.0,"key":"FearPotion"},{"floor":36.0,"key":"BloodPotion"},{"floor":38.0,"key":"SteroidPotion"},{"floor":44.0,"key":"FearPotion"}],"is_trial":false,"path_per_floor":["M","M","M","M","?","E","R","E","T","R","?","?","M","?","R","B",null,"M","M","M","?","?","R","M","R","T","M","$","M","M","$","R","B",null,"M","M","$","M","M","R","E","R","T","M","R","$","M","E","R","B",null],"character_chosen":"IRONCLAD","items_purchased":["Shrug It Off","Anchor","Brimstone","Bag of Marbles","Sling","Flame Barrier"],"campfire_rested":4,"item_purchase_floors":[28,28,28,31,31,37],"current_hp_per_floor":[80,79,78,71,71,47,47,10,20,47,47,47,44,37,61,30,83,66,50,28,28,28,33,17,46,51,25,30,37,45,45,69,25,83,83,83,83,65,65,65,60,60,65,78,78,78,83,83,83,46],"gold":168,"neow_bonus":"RANDOM_COMMON_RELIC","is_prod":false,"is_daily":false,"chose_seed":false,"campfire_upgraded":6,"win_rate":0,"timestamp":1560198969,"path_taken":["M","M","M","M","?","E","R","E","T","R","?","?","?","?","R","BOSS","M","M","M","?","?","R","M","R","T","M","$","M","M","?","R","BOSS","M","M","$","M","M","R","E","R","T","M","R","$","M","E","R","BOSS"],"build_version":"2019-06-07","purchased_purges":3,"victory":true,"max_hp_per_floor":[80,80,80,80,80,80,80,80,90,90,83,83,83,83,83,83,83,83,83,83,83,83,83,83,83,83,83,83,83,83,83,83,83,83,83,83,83,83,83,83,83,83,83,83,83,83,83,83,83,83],"card_choices":[{"not_picked":["Twin Strike","Flex"],"picked":"Dropkick","floor":1.0},{"not_picked":["Armaments","Wild Strike"],"picked":"Cleave","floor":2.0},{"not_picked":["Uppercut","Heavy Blade"],"picked":"Shockwave","floor":3.0},{"not_picked":["Anger","Heavy Blade"],"picked":"Spot Weakness","floor":4.0},{"not_picked":["Perfected Strike","Thunderclap"],"picked":"Limit Break","floor":6.0},{"not_picked":["Infernal Blade","Intimidate","Rupture"],"picked":"Dropkick","floor":8.0},{"not_picked":["Anger","Havoc","Iron Wave","Clash"],"picked":"SKIP","floor":13.0},{"not_picked":["Double Tap","Fiend Fire","Barricade"],"picked":"Demon Form","floor":16.0},{"not_picked":["Wild Strike+1","Hemokinesis+1","Warcry"],"picked":"Body Slam+1","floor":18.0},{"not_picked":["Evolve","Perfected Strike+1","Berserk"],"picked":"Shrug It Off","floor":19.0},{"not_picked":["Headbutt","Combust","Thunderclap","Cleave+1"],"picked":"SKIP","floor":20.0},{"not_picked":["Perfected Strike+1","Anger+1","Rage"],"picked":"Dropkick+1","floor":24.0},{"not_picked":["Corruption","Pummel+1","Sever Soul+1","Flex+1"],"picked":"SKIP","floor":27.0},{"not_picked":["Anger+1","Sever Soul+1","Infernal Blade"],"picked":"Shrug It Off","floor":29.0},{"not_picked":["Sentinel","Anger+1","Warcry+1","Havoc"],"picked":"SKIP","floor":30.0},{"not_picked":["Double Tap","Exhume","Dark Embrace"],"picked":"Reaper+1","floor":33.0},{"not_picked":["Wild Strike+1","Searing Blow+1","Inflame+1"],"picked":"Heavy Blade+1","floor":35.0},{"not_picked":["Warcry","Headbutt+1","Fire Breathing"],"picked":"Entrench","floor":36.0},{"not_picked":["Shrug It Off+1","Twin Strike+1","Thunderclap+1","Rage"],"picked":"SKIP","floor":38.0},{"not_picked":["Shrug It Off","Ghostly Armor","Dual Wield","Anger+1"],"picked":"SKIP","floor":39.0},{"not_picked":["Carnage+1","Shockwave","Limit Break"],"picked":"Dropkick+1","floor":41.0},{"not_picked":["Shockwave+1","Headbutt+1","Armaments","Iron Wave+1"],"picked":"SKIP","floor":44.0},{"not_picked":["Anger+1","Disarm+1","Pommel Strike+1","Perfected Strike+1"],"picked":"SKIP","floor":47.0},{"not_picked":["Thunderclap+1","Anger+1","Demon Form","Cleave+1"],"picked":"SKIP","floor":48}],"player_experience":693352,"relics_obtained":[{"floor":6.0,"key":"Question Card"},{"floor":8.0,"key":"Whetstone"},{"floor":9.0,"key":"Pear"},{"floor":26.0,"key":"Vajra"},{"floor":41.0,"key":"Regal Pillow"},{"floor":43.0,"key":"Blood Vial"},{"floor":48,"key":"Red Skull"}],"event_choices":[{"damage_healed":0.0,"max_hp_gain":0.0,"max_hp_loss":0.0,"gold_gain":175.0,"event_name":"Liars Game","player_choice":"AGREE","floor":5.0,"gold_loss":0.0,"damage_taken":0.0,"cards_obtained":["Doubt"]},{"damage_healed":0.0,"max_hp_gain":0.0,"max_hp_loss":7.0,"gold_gain":0.0,"event_name":"Golden Idol","player_choice":"Lose Max HP","floor":11.0,"gold_loss":0.0,"damage_taken":0.0,"relics_obtained":["Golden Idol"]},{"damage_healed":0.0,"max_hp_gain":0.0,"max_hp_loss":0.0,"gold_gain":0.0,"event_name":"Accursed Blacksmith","player_choice":"Forge","floor":12.0,"gold_loss":0.0,"damage_taken":0.0,"cards_upgraded":["Shockwave"]},{"cards_removed":["Doubt"],"damage_healed":0.0,"max_hp_gain":0.0,"max_hp_loss":0.0,"gold_gain":0.0,"event_name":"Golden Wing","player_choice":"Card Removal","floor":14.0,"gold_loss":0.0,"damage_taken":7.0},{"damage_healed":0.0,"max_hp_gain":0.0,"max_hp_loss":0.0,"gold_gain":0.0,"event_name":"The Mausoleum","player_choice":"Opened","floor":21.0,"gold_loss":0.0,"damage_taken":0.0,"relics_obtained":["Molten Egg 2"],"cards_obtained":["Writhe"]},{"damage_healed":0.0,"max_hp_gain":0.0,"max_hp_loss":0.0,"gold_gain":0.0,"event_name":"Forgotten Altar","player_choice":"Gave Idol","floor":22.0,"relics_lost":["Golden Idol"],"gold_loss":0.0,"damage_taken":0.0,"relics_obtained":["Bloody Idol"]}],"is_beta":true,"boss_relics":[{"not_picked":["Runic Pyramid","Black Blood"],"picked":"Philosopher\u0027s Stone"},{"not_picked":["Calling Bell","Tiny House"],"picked":"Cursed Key"}],"items_purged_floors":[28,31,46],"is_endless":false,"potions_floor_spawned":[3,6,8,19,27,29,35,36,38,44],"ascension_level":3}