{"gold_per_floor":[110,110,33,47,47,76,92,108,108,122,122,122,122,132,132,237,237,248,338,354,197,215,215,233,233,311,311,321,4,14,26,26,129,129,141,151,251,251,267,267,283,283,283,283,130,142,17,33,33,33],"floor_reached":50,"playtime":2205,"items_purged":["Strike_G","Strike_G","Strike_G"],"score":498,"play_id":"88e7fce1-c827-45e9-bb9d-7e43f28843a1","local_time":"20190728185708","is_ascension_mode":false,"campfire_choices":[{"data":"Noxious Fumes","floor":11.0,"key":"SMITH"},{"data":"Catalyst","floor":13.0,"key":"SMITH"},{"data":"Neutralize","floor":15.0,"key":"SMITH"},{"floor":23.0,"key":"REST"},{"floor":25.0,"key":"REST"},{"floor":27.0,"key":"RECALL"},{"floor":32.0,"key":"REST"},{"floor":40.0,"key":"REST"},{"floor":42,"key":"REST"},{"floor":44,"key":"REST"},{"floor":49,"key":"REST"}],"neow_cost":"NONE","seed_source_timestamp":491581316079200,"circlet_count":0,"master_deck":["Strike_G","Strike_G","Defend_G","Defend_G","Defend_G","Defend_G","Defend_G","Survivor","Neutralize+1","Deadly Poison","Noxious Fumes+1","Prepared","Catalyst+1","Deflect","Footwork","Catalyst","Deflect+1","Sadistic Nature","Corpse Explosion","Noxious Fumes+1","Caltrops","Decay","Backflip"],"special_seed":0,"relics":["Ring of the Snake","NeowsBlessing","Nunchaku","Ninja Scroll","FossilizedHelix","Velvet Choker","Mercury Hourglass","Sozu","Ginger"],"potions_floor_usage":[50],"damage_taken":[{"damage":0.0,"enemies":"Small Slimes","floor":1.0,"turns":1.0},{"damage":0.0,"enemies":"Cultist","floor":4.0,"turns":1.0},{"damage":0.0,"enemies":"Gremlin Nob","floor":6.0,"turns":1.0},{"damage":0.0,"enemies":"Jaw Worm","floor":7.0,"turns":3.0},{"damage":0.0,"enemies":"3 Louse","floor":8.0,"turns":4.0},{"damage":0.0,"enemies":"Large Slime","floor":10.0,"turns":8.0},{"damage":3.0,"enemies":"Lots of Slimes","floor":14.0,"turns":3.0},{"damage":16.0,"enemies":"Hexaghost","floor":16.0,"turns":8.0},{"damage":22.0,"enemies":"Spheric Guardian","floor":18.0,"turns":6.0},{"damage":6.0,"enemies":"3 Byrds","floor":20.0,"turns":4.0},{"damage":0.0,"enemies":"Centurion and Healer","floor":22.0,"turns":9.0},{"damage":6.0,"enemies":"Chosen and Byrds","floor":24.0,"turns":7.0},{"damage":19.0,"enemies":"Shelled Parasite and Fungi","floor":28.0,"turns":6.0},{"damage":2.0,"enemies":"Centurion and Healer","floor":30.0,"turns":4.0},{"damage":14.0,"enemies":"Sentry and Sphere","floor":31.0,"turns":5.0},{"damage":33.0,"enemies":"Collector","floor":33.0,"turns":9.0},{"damage":7.0,"enemies":"3 Shapes","floor":35.0,"turns":2.0},{"damage":17.0,"enemies":"Orb Walker","floor":36.0,"turns":4.0},{"damage":0.0,"enemies":"Mind Bloom Boss Battle","floor":37.0,"turns":6.0},{"damage":27.0,"enemies":"Sphere and 2 Shapes","floor":39.0,"turns":6.0},{"damage":27,"enemies":"Writhing Mass","floor":41,"turns":6},{"damage":23,"enemies":"Jaw Worm Horde","floor":46,"turns":3},{"damage":12,"enemies":"Transient","floor":48,"turns":5},{"damage":42,"enemies":"Awakened One","floor":50,"turns":2}],"seed_played":"-3052275698537481193","potions_obtained":[{"floor":1.0,"key":"Dexterity Potion"},{"floor":7.0,"key":"GhostInAJar"},{"floor":10.0,"key":"LiquidBronze"},{"floor":33.0,"key":"Strength Potion"}],"is_trial":false,"path_per_floor":["M","?","$","M","T","E","M","M","T","M","R","?","R","M","R","B",null,"M","?","M","$","M","R","M","R","T","R","M","$","M","M","R","B",null,"M","M","?","?","M","R","M","R","T","R","$","M","$","M","R","B"],"character_chosen":"THE_SILENT","items_purchased":["Noxious Fumes","Footwork","Sadistic Nature","Corpse Explosion","Backflip"],"campfire_rested":7,"item_purchase_floors":[3,21,29,29,45],"current_hp_per_floor":[70,70,70,70,70,70,70,70,70,70,70,70,70,67,67,51,70,48,34,28,28,28,49,43,64,64,64,45,45,43,29,50,17,70,63,46,46,46,19,40,13,34,34,55,55,32,32,20,41,0],"gold":33,"neow_bonus":"THREE_ENEMY_KILL","is_prod":false,"is_daily":false,"chose_seed":false,"campfire_upgraded":3,"win_rate":0,"timestamp":1564322228,"path_taken":["M","?","?","M","?","E","M","M","T","M","R","?","R","M","R","BOSS","M","?","M","$","M","R","M","R","T","R","?","$","M","?","R","BOSS","M","?","?","?","?","R","M","R","T","R","$","M","$","M","R","BOSS"],"build_version":"2019-07-17","purchased_purges":3,"victory":false,"max_hp_per_floor":[70,70,70,70,70,70,70,70,70,70,70,70,70,70,70,70,70,70,70,70,70,70,70,70,70,70,70,70,70,70,70,70,70,70,70,70,70,70,70,70,70,70,70,70,70,70,70,70,70,70],"card_choices":[{"not_picked":["Flechettes","Cloak And Dagger"],"picked":"Deadly Poison","floor":1.0},{"not_picked":["Dagger Spray","Flying Knee","Reflex"],"picked":"SKIP","floor":4.0},{"not_picked":["Unload","Choke","PiercingWail"],"picked":"SKIP","floor":6.0},{"not_picked":["Flechettes","Underhanded Strike"],"picked":"Prepared","floor":7.0},{"not_picked":["Outmaneuver","Dodge and Roll"],"picked":"Catalyst","floor":8.0},{"not_picked":["Flying Knee","Dagger Spray","Cloak And Dagger"],"picked":"SKIP","floor":10.0},{"not_picked":["Poisoned Stab","Acrobatics","Backstab"],"picked":"SKIP","floor":14.0},{"not_picked":["Setup","Sucker Punch","Flechettes+1"],"picked":"SKIP","floor":18.0},{"not_picked":["Dagger Spray","Bane"],"picked":"Deflect","floor":20.0},{"not_picked":["Flying Knee","Slice","Crippling Poison+1"],"picked":"SKIP","floor":22.0},{"not_picked":["Bane","Dagger Spray"],"picked":"Catalyst","floor":24.0},{"not_picked":["Bane+1","PiercingWail"],"picked":"Deflect+1","floor":28.0},{"not_picked":["Well Laid Plans","Dagger Throw","PiercingWail"],"picked":"SKIP","floor":30.0},{"not_picked":["Well Laid Plans","Dagger Throw","PiercingWail"],"picked":"SKIP","floor":30.0},{"not_picked":["Terror","Blade Dance+1","Flechettes"],"picked":"SKIP","floor":31.0},{"not_picked":["Infinite Blades","Flying Knee+1","Expertise"],"picked":"SKIP","floor":35.0},{"not_picked":["Quick Slash","Cloak And Dagger+1"],"picked":"Noxious Fumes+1","floor":36.0},{"not_picked":["Eviscerate","Outmaneuver"],"picked":"Caltrops","floor":37.0},{"not_picked":["Caltrops","Eviscerate","Acrobatics+1"],"picked":"SKIP","floor":39.0},{"not_picked":["Quick Slash","Poisoned Stab+1","Dagger Spray+1"],"picked":"SKIP","floor":41},{"not_picked":["Reflex+1","Die Die Die","Cloak And Dagger"],"picked":"SKIP","floor":46},{"not_picked":["Poisoned Stab","PiercingWail","Accuracy"],"picked":"SKIP","floor":48}],"player_experience":164197,"relics_obtained":[{"floor":5.0,"key":"Nunchaku"},{"floor":6.0,"key":"Ninja Scroll"},{"floor":9.0,"key":"FossilizedHelix"},{"floor":26.0,"key":"Mercury Hourglass"},{"floor":37.0,"key":"Ginger"}],"event_choices":[{"damage_healed":0.0,"max_hp_gain":0.0,"max_hp_loss":0.0,"gold_gain":0.0,"event_name":"The Woman in Blue","player_choice":"Bought 0 Potions","floor":2.0,"gold_loss":0.0,"damage_taken":0.0},{"damage_healed":0.0,"max_hp_gain":0.0,"max_hp_loss":0.0,"gold_gain":0.0,"event_name":"Liars Game","player_choice":"Ignored","floor":12.0,"gold_loss":0.0,"damage_taken":0.0},{"damage_healed":0.0,"max_hp_gain":0.0,"max_hp_loss":0.0,"gold_gain":90.0,"event_name":"Knowing Skull","player_choice":"GOLD ","floor":19.0,"potions_obtained":[],"gold_loss":0.0,"damage_taken":14.0,"cards_obtained":[]},{"damage_healed":0.0,"max_hp_gain":0.0,"max_hp_loss":0.0,"gold_gain":0.0,"event_name":"MindBloom","player_choice":"Fight","floor":37.0,"gold_loss":0.0,"damage_taken":0.0},{"damage_healed":0.0,"max_hp_gain":0.0,"max_hp_loss":0.0,"gold_gain":0.0,"event_name":"Wheel of Change","player_choice":"Cursed","floor":38.0,"gold_loss":0.0,"damage_taken":0.0,"cards_obtained":["Decay"]}],"is_beta":false,"boss_relics":[{"not_picked":["Cursed Key","Coffee Dripper"],"picked":"Velvet Choker"},{"not_picked":["Runic Pyramid","Lizard Tail"],"picked":"Sozu"}],"items_purged_floors":[21,45,47],"is_endless":false,"potions_floor_spawned":[1,7,10,28,30,31,33,35,39,46,48],"killed_by":"Awakened One","ascension_level":0}