{"gold_per_floor":[112,62,10,26,44,44,78,92,173,173,63,75,75,89,89,190,190,208,223,11,110,110,140,140,140,193,225,225,245,86,117,117,221,221,231,586,586],"floor_reached":37,"playtime":1573,"items_purged":["Strike_B","Defend_B","Strike_B"],"score":498,"play_id":"2efa5c49-c1f5-4508-8449-841d877862a1","local_time":"20190108031659","is_ascension_mode":true,"campfire_choices":[{"data":"Electrodynamics","floor":6,"key":"SMITH"},{"data":"Self Repair","floor":10,"key":"SMITH"},{"data":"Redo","floor":13,"key":"SMITH"},{"data":"Static Discharge","floor":15,"key":"SMITH"},{"data":"Capacitor","floor":24,"key":"SMITH"},{"data":"Redo","floor":28,"key":"SMITH"},{"data":"Seek","floor":32,"key":"SMITH"}],"neow_cost":"PERCENT_DAMAGE","seed_source_timestamp":13522030392610,"circlet_count":0,"master_deck":["Strike_B","Strike_B","Defend_B","Defend_B","Zap","Dualcast","Panacea","Dark Shackles","White Noise","Ball Lightning","Electrodynamics+1","BootSequence","Self Repair+1","Turbo","Storm","Redo+1","Static Discharge+1","Fission","Steam Power+1","Leap","Capacitor+1","Skim","Amplify","Self Repair","Redo+1","Turbo","Defragment","Seek+1","Buffer","Pain","Parasite","Pain","Redo+1"],"relics":["Cracked Core","Emotion Chip","Kunai","Sozu","Blood Vial","Du-Vu Doll","Tiny Chest","Potion Belt","Sundial","Calling Bell","Art of War","Pantograph","Ginger","Old Coin"],"potions_floor_usage":[16,16,23,27],"damage_taken":[{"damage":1,"enemies":"Jaw Worm","floor":1,"turns":3},{"damage":0,"enemies":"2 Louse","floor":4,"turns":1},{"damage":0,"enemies":"Small Slimes","floor":5,"turns":2},{"damage":18,"enemies":"Lagavulin","floor":7,"turns":5},{"damage":1,"enemies":"2 Fungi Beasts","floor":8,"turns":3},{"damage":2,"enemies":"Exordium Thugs","floor":12,"turns":3},{"damage":0,"enemies":"Gremlin Gang","floor":14,"turns":1},{"damage":28,"enemies":"Hexaghost","floor":16,"turns":6},{"damage":11,"enemies":"2 Thieves","floor":18,"turns":4},{"damage":5,"enemies":"Chosen","floor":19,"turns":4},{"damage":0,"enemies":"Gremlin Leader","floor":23,"turns":5},{"damage":25,"enemies":"Book of Stabbing","floor":27,"turns":5},{"damage":11,"enemies":"Snake Plant","floor":29,"turns":3},{"damage":27,"enemies":"Gremlin Leader","floor":31,"turns":3},{"damage":40,"enemies":"Automaton","floor":33,"turns":5},{"damage":14,"enemies":"Orb Walker","floor":35,"turns":4},{"damage":69,"enemies":"2 Orb Walkers","floor":36,"turns":3},{"damage":13,"enemies":"3 Shapes","floor":37,"turns":1}],"seed_played":"3250378875651482540","potions_obtained":[{"floor":4,"key":"Ancient Potion"},{"floor":12,"key":"SpeedPotion"},{"floor":14,"key":"SpeedPotion"},{"floor":16,"key":"PowerPotion"}],"is_trial":false,"path_per_floor":["M","?","$","M","M","R","E","M","T","R","$","M","R","M","R","B",null,"M","M","$","?","?","E","R","?","T","E","R","M","$","E","R","B",null,"M","?","M"],"character_chosen":"DEFECT","items_purchased":["Ball Lightning","Storm","Capacitor","Skim","Defragment"],"campfire_rested":0,"item_purchase_floors":[3,11,20,20,30],"current_hp_per_floor":[53,53,53,53,53,53,35,41,41,41,41,49,49,49,49,21,75,74,75,75,75,75,75,75,75,75,67,67,75,75,55,55,34,75,71,11,0],"gold":586,"neow_bonus":"RANDOM_COLORLESS_2","is_prod":false,"is_daily":false,"chose_seed":false,"campfire_upgraded":7,"win_rate":0,"timestamp":1546904819,"path_taken":["M","?","$","M","M","R","E","M","T","R","$","M","R","M","R","BOSS","M","M","$","?","?","E","R","?","T","E","R","M","$","E","R","BOSS","M","?","M"],"build_version":"2019-01-03v4","purchased_purges":3,"victory":false,"max_hp_per_floor":[75,75,75,75,75,75,75,75,75,75,75,75,75,75,75,75,75,75,75,75,75,75,75,75,75,75,75,75,75,75,75,75,75,75,75,75,75],"card_choices":[{"not_picked":["Gash","Rip and Tear"],"picked":"White Noise","floor":1},{"not_picked":["Streamline","Rebound"],"picked":"Electrodynamics","floor":4},{"not_picked":["Sunder","Steam"],"picked":"BootSequence","floor":5},{"not_picked":["Sweeping Beam","Recycle"],"picked":"Self Repair","floor":7},{"not_picked":["Conserve Battery","Cold Snap"],"picked":"Turbo","floor":8},{"not_picked":["Recycle","Barrage"],"picked":"Redo","floor":12},{"not_picked":["Barrage","Redo"],"picked":"Static Discharge","floor":14},{"not_picked":["Biased Cognition","Multi-Cast"],"picked":"Fission","floor":16},{"not_picked":["Rebound+1","Barrage"],"picked":"Steam Power+1","floor":18},{"not_picked":["Beam Cell+1","Go for the Eyes+1"],"picked":"Leap","floor":19},{"not_picked":["Barrage","Steam Power"],"picked":"Amplify","floor":23},{"not_picked":["Compile Driver","Stack"],"picked":"Redo","floor":27},{"not_picked":["Go for the Eyes","Force Field"],"picked":"Turbo","floor":29},{"not_picked":["Gash+1","Chaos"],"picked":"Seek","floor":31},{"not_picked":["Meteor Strike","Hyperbeam"],"picked":"Buffer","floor":33},{"not_picked":["Rebound+1","Stack","Scrape+1"],"picked":"SKIP","floor":35},{"not_picked":["Turbo","Reprogram"],"picked":"Redo+1","floor":36}],"player_experience":310548,"relics_obtained":[{"floor":7,"key":"Emotion Chip"},{"floor":9,"key":"Kunai"},{"floor":23,"key":"Du-Vu Doll"},{"floor":26,"key":"Tiny Chest"},{"floor":27,"key":"Potion Belt"},{"floor":31,"key":"Sundial"},{"floor":34,"key":"Art of War"},{"floor":34,"key":"Pantograph"},{"floor":34,"key":"Ginger"},{"floor":36,"key":"Old Coin"}],"event_choices":[{"cards_removed":["Defend_B"],"damage_healed":0,"gold_gain":0,"player_choice":"Card Removal","damage_taken":0,"max_hp_gain":0,"max_hp_loss":0,"event_name":"The Cleric","floor":2,"gold_loss":50},{"damage_healed":0,"gold_gain":99,"player_choice":"Stole From Cult","damage_taken":0,"max_hp_gain":0,"max_hp_loss":0,"event_name":"Nest","floor":21,"gold_loss":0},{"damage_healed":0,"gold_gain":0,"player_choice":"Opened","damage_taken":0,"relics_obtained":["Blood Vial"],"max_hp_gain":0,"max_hp_loss":0,"event_name":"The Mausoleum","floor":22,"gold_loss":0},{"damage_healed":0,"gold_gain":0,"player_choice":"Read","damage_taken":0,"max_hp_gain":0,"max_hp_loss":0,"event_name":"The Library","floor":25,"gold_loss":0,"cards_obtained":["Self Repair"]},{"damage_healed":0,"gold_gain":0,"player_choice":"Fight","damage_taken":0,"max_hp_gain":0,"max_hp_loss":0,"event_name":"Mysterious Sphere","floor":36,"gold_loss":0}],"is_beta":true,"boss_relics":[{"not_picked":["Fusion Hammer","Runic Pyramid"],"picked":"Sozu"},{"not_picked":["Orrery","Black Star"],"picked":"Calling Bell"}],"items_purged_floors":[11,20,30],"is_endless":false,"potions_floor_spawned":[4,12,14,16,18,27,33,35],"killed_by":"3 Shapes","ascension_level":1}