{"gold_per_floor":[109,34,47,67,0,0,15,40,40,74,89,89,135,149,149,221,221,239,239,239,31,38,38,72,72,144,169,169,169,179,194,194,265,265,280,280,9,19,46,46,74,74,98,98,124,135,155,180,180,180,180],"floor_reached":52,"playtime":9198,"items_purged":["Writhe"],"score":2176,"play_id":"f7a59512-57db-4f78-af00-ace7a4423dc9","local_time":"20190801221057","is_ascension_mode":true,"campfire_choices":[{"data":"Bash","floor":6.0,"key":"SMITH"},{"floor":12.0,"key":"REST"},{"data":"Armaments","floor":15.0,"key":"SMITH"},{"data":"Corruption","floor":23.0,"key":"SMITH"},{"data":"Feel No Pain","floor":25.0,"key":"SMITH"},{"floor":28.0,"key":"REST"},{"floor":32.0,"key":"REST"},{"data":"Metallicize","floor":40.0,"key":"SMITH"},{"data":"Juggernaut","floor":42.0,"key":"SMITH"},{"data":"Combust","floor":44.0,"key":"SMITH"},{"data":"Offering","floor":49.0,"key":"SMITH"}],"neow_cost":"NONE","seed_source_timestamp":1952297969533995,"circlet_count":0,"master_deck":["AscendersBane","Defend_R","Defend_R","Defend_R","Defend_R","Bash+1","Second Wind","True Grit","Wild Strike","Armaments+1","Metallicize+1","Body Slam","Flame Barrier","Whirlwind","Exhume","Combust+1","Feel No Pain+1","Corruption+1","Shrug It Off","Spot Weakness","Warcry","Pommel Strike","Entrench","Juggernaut+1","Shrug It Off+1","Carnage+1","Double Tap","True Grit+1","True Grit+1","Offering+1"],"special_seed":0,"relics":["Black Blood","Smiling Mask","Dead Branch","Bottled Tornado","Torii","PreservedInsect","Philosopher\u0027s Stone","Matryoshka","Bronze Scales","Blue Candle","Shuriken","Dodecahedron","Charon\u0027s Ashes","ClockworkSouvenir","Happy Flower","Vajra","Centennial Puzzle","Bottled Lightning","Art of War"],"potions_floor_usage":[51],"damage_taken":[{"damage":12.0,"enemies":"Cultist","floor":1.0,"turns":5.0},{"damage":7.0,"enemies":"Small Slimes","floor":3.0,"turns":6.0},{"damage":0.0,"enemies":"2 Louse","floor":4.0,"turns":3.0},{"damage":6.0,"enemies":"2 Fungi Beasts","floor":7.0,"turns":5.0},{"damage":47.0,"enemies":"Gremlin Nob","floor":8.0,"turns":5.0},{"damage":13.0,"enemies":"3 Sentries","floor":10.0,"turns":85.0},{"damage":6.0,"enemies":"3 Louse","floor":11.0,"turns":6.0},{"damage":1.0,"enemies":"Looter","floor":14.0,"turns":4.0},{"damage":7.0,"enemies":"Hexaghost","floor":16.0,"turns":14.0},{"damage":10.0,"enemies":"Chosen","floor":18.0,"turns":5.0},{"damage":6.0,"enemies":"2 Thieves","floor":22.0,"turns":5.0},{"damage":38.0,"enemies":"Gremlin Leader","floor":24.0,"turns":5.0},{"damage":34.0,"enemies":"Slavers","floor":27.0,"turns":3.0},{"damage":0.0,"enemies":"Chosen and Byrds","floor":30.0,"turns":3.0},{"damage":0.0,"enemies":"Centurion and Healer","floor":31.0,"turns":5.0},{"damage":2.0,"enemies":"Champ","floor":33.0,"turns":5.0},{"damage":24.0,"enemies":"3 Shapes","floor":35.0,"turns":3.0},{"damage":0.0,"enemies":"3 Darklings","floor":38.0,"turns":2.0},{"damage":7.0,"enemies":"Nemesis","floor":41.0,"turns":5.0},{"damage":0.0,"enemies":"Reptomancer","floor":45.0,"turns":3.0},{"damage":1.0,"enemies":"Maw","floor":46.0,"turns":3.0},{"damage":8.0,"enemies":"Writhing Mass","floor":47.0,"turns":3.0},{"damage":0.0,"enemies":"Nemesis","floor":48.0,"turns":3.0},{"damage":23,"enemies":"Donu and Deca","floor":50,"turns":3},{"damage":30,"enemies":"Awakened One","floor":51,"turns":6}],"seed_played":"-329011612802267501","potions_obtained":[{"floor":8.0,"key":"Block Potion"},{"floor":11.0,"key":"Weak Potion"},{"floor":16.0,"key":"Block Potion"},{"floor":24.0,"key":"Fruit Juice"},{"floor":33.0,"key":"SpeedPotion"},{"floor":45.0,"key":"GamblersBrew"},{"floor":46.0,"key":"Fire Potion"}],"is_trial":false,"path_per_floor":["M","?","M","M","?","R","M","E","T","E","M","R","T","M","R","B",null,"M","?","?","$","M","R","E","R","T","E","R","?","M","M","R","B",null,"M","?","$","M","T","R","E","R","T","R","E","M","M","E","R","B","B",null],"character_chosen":"IRONCLAD","items_purchased":["Bronze Scales","ClockworkSouvenir","SkillPotion"],"campfire_rested":3,"item_purchase_floors":[21,37,37],"current_hp_per_floor":[62,62,61,67,67,67,67,26,26,19,19,41,41,46,46,45,68,64,64,64,64,64,64,32,32,32,9,33,33,39,45,69,73,78,64,64,64,74,74,74,77,77,77,77,80,80,80,80,80,67,47],"gold":180,"neow_bonus":"TRANSFORM_CARD","is_prod":false,"is_daily":false,"chose_seed":false,"campfire_upgraded":8,"win_rate":0,"timestamp":1564711857,"path_taken":["M","?","M","M","?","R","M","E","T","E","?","R","?","M","R","BOSS","M","?","?","$","M","R","E","R","T","E","R","?","M","M","R","BOSS","M","?","$","M","?","R","E","R","T","R","E","M","M","E","R","BOSS","BOSS"],"build_version":"2019-07-17","purchased_purges":1,"victory":true,"max_hp_per_floor":[75,75,75,75,75,75,75,75,75,75,75,75,75,75,75,75,75,75,75,75,75,75,75,75,75,75,80,80,80,80,80,80,80,80,80,80,80,80,80,80,80,80,80,80,80,80,80,80,80,80,80],"card_choices":[{"not_picked":["Thunderclap","Rupture"],"picked":"True Grit","floor":1.0},{"not_picked":["Cleave","Disarm"],"picked":"Wild Strike","floor":3.0},{"not_picked":["Evolve","Cleave"],"picked":"Armaments","floor":4.0},{"not_picked":["Iron Wave","Ghostly Armor"],"picked":"Metallicize","floor":7.0},{"not_picked":["Thunderclap","Iron Wave"],"picked":"Body Slam","floor":8.0},{"not_picked":["Ghostly Armor","Clash"],"picked":"Flame Barrier","floor":10.0},{"not_picked":["Second Wind","True Grit","Perfected Strike"],"picked":"SKIP","floor":11.0},{"not_picked":["Shrug It Off","Searing Blow"],"picked":"Whirlwind","floor":14.0},{"not_picked":["Double Tap","Berserk"],"picked":"Exhume","floor":16.0},{"not_picked":["Headbutt","Havoc"],"picked":"Combust","floor":18.0},{"not_picked":["Anger","Dual Wield"],"picked":"Corruption","floor":22.0},{"not_picked":["Wild Strike","Clothesline"],"picked":"Shrug It Off","floor":24.0},{"not_picked":["Havoc","Perfected Strike"],"picked":"Spot Weakness","floor":27.0},{"not_picked":["Double Tap","Wild Strike","Twin Strike"],"picked":"SKIP","floor":30.0},{"not_picked":["True Grit","Heavy Blade+1"],"picked":"Entrench","floor":31.0},{"not_picked":["Immolate","Reaper"],"picked":"Juggernaut","floor":33.0},{"not_picked":["Hemokinesis","Heavy Blade"],"picked":"Shrug It Off+1","floor":35.0},{"not_picked":["Heavy Blade","Whirlwind","Twin Strike"],"picked":"SKIP","floor":38.0},{"not_picked":["Bloodletting","Power Through"],"picked":"Carnage+1","floor":41.0},{"not_picked":["Armaments","Wild Strike"],"picked":"Double Tap","floor":45.0},{"not_picked":["Headbutt","Bloodletting"],"picked":"True Grit+1","floor":46.0},{"not_picked":["Perfected Strike","Iron Wave"],"picked":"True Grit+1","floor":47.0},{"not_picked":["Twin Strike+1","Spot Weakness"],"picked":"Offering","floor":48.0}],"player_experience":939540,"relics_obtained":[{"floor":8.0,"key":"Dead Branch"},{"floor":9.0,"key":"Bottled Tornado"},{"floor":10.0,"key":"Torii"},{"floor":13.0,"key":"PreservedInsect"},{"floor":24.0,"key":"Blue Candle"},{"floor":26.0,"key":"Shuriken"},{"floor":26.0,"key":"Dodecahedron"},{"floor":27.0,"key":"Charon\u0027s Ashes"},{"floor":39.0,"key":"Happy Flower"},{"floor":39.0,"key":"Vajra"},{"floor":41.0,"key":"Centennial Puzzle"},{"floor":45.0,"key":"Bottled Lightning"},{"floor":48.0,"key":"Art of War"}],"event_choices":[{"cards_removed":["Strike_R"],"damage_healed":0.0,"max_hp_gain":0.0,"max_hp_loss":0.0,"gold_gain":0.0,"event_name":"The Cleric","player_choice":"Card Removal","floor":2.0,"gold_loss":75.0,"damage_taken":0.0},{"damage_healed":0.0,"max_hp_gain":0.0,"max_hp_loss":0.0,"gold_gain":0.0,"event_name":"WeMeetAgain","player_choice":"Paid Gold","floor":5.0,"gold_loss":67.0,"damage_taken":0.0,"relics_obtained":["Smiling Mask"]},{"damage_healed":0.0,"max_hp_gain":0.0,"max_hp_loss":0.0,"gold_gain":0.0,"event_name":"The Library","player_choice":"Read","floor":19.0,"gold_loss":0.0,"damage_taken":0.0,"cards_obtained":["Feel No Pain"]},{"damage_healed":0.0,"max_hp_gain":0.0,"max_hp_loss":0.0,"gold_gain":0.0,"event_name":"The Mausoleum","player_choice":"Opened","floor":20.0,"gold_loss":0.0,"damage_taken":0.0,"relics_obtained":["Matryoshka"],"cards_obtained":["Writhe"]},{"damage_healed":0.0,"max_hp_gain":0.0,"max_hp_loss":0.0,"gold_gain":0.0,"cards_transformed":["Strike_R","Strike_R"],"event_name":"Drug Dealer","player_choice":"Became Test Subject","floor":29.0,"gold_loss":0.0,"damage_taken":0.0,"cards_obtained":["Warcry","Pommel Strike"]},{"cards_removed":["Strike_R"],"damage_healed":0.0,"max_hp_gain":0.0,"max_hp_loss":0.0,"gold_gain":0.0,"event_name":"Falling","player_choice":"Removed Attack","floor":36.0,"gold_loss":0.0,"damage_taken":0.0}],"is_beta":false,"boss_relics":[{"not_picked":["Lizard Tail","White Beast Statue"],"picked":"Philosopher\u0027s Stone"},{"not_picked":["Astrolabe","Coffee Dripper"],"picked":"Black Blood"}],"items_purged_floors":[21],"is_endless":false,"potions_floor_spawned":[8,11,16,24,33,38,45,46],"ascension_level":20}