{"gold_per_floor":[117,127,127,127,143,143,143,157,157,191,66,66,66,95,95,200,200,216,216,62,73,89,89,101,101,126,126,143,143,143,163,163,163],"floor_reached":33,"playtime":6403,"items_purged":["Bite"],"score":331,"play_id":"8c41004f-7d78-4f44-88d8-a9e476761083","local_time":"20190710043209","is_ascension_mode":true,"campfire_choices":[{"data":"Whirlwind","floor":6.0,"key":"SMITH"},{"data":"Inflame","floor":12.0,"key":"SMITH"},{"floor":15.0,"key":"DIG"},{"floor":23.0,"key":"DIG"},{"floor":25.0,"key":"DIG"},{"floor":27.0,"key":"DIG"},{"floor":30.0,"key":"REST"},{"floor":32.0,"key":"DIG"}],"neow_cost":"PERCENT_DAMAGE","seed_source_timestamp":35048717051812,"circlet_count":0,"master_deck":["Defend_R+1","Defend_R","Defend_R","Bash","Cleave","Whirlwind+1","Inflame+1","Shrug It Off","Double Tap","Heavy Blade+1","Bite","Bite","Bite","Bite","Spot Weakness","Havoc+1"],"special_seed":0,"relics":["Black Blood","Paper Frog","Mummified Hand","Shovel","Bottled Tornado","Strawberry","Matryoshka","Lantern","Question Card","The Courier","Happy Flower"],"potions_floor_usage":[],"damage_taken":[{"damage":1.0,"enemies":"Cultist","floor":1.0,"turns":3.0},{"damage":2.0,"enemies":"2 Louse","floor":2.0,"turns":2.0},{"damage":7.0,"enemies":"Jaw Worm","floor":5.0,"turns":3.0},{"damage":9.0,"enemies":"Looter","floor":8.0,"turns":3.0},{"damage":12.0,"enemies":"3 Sentries","floor":10.0,"turns":4.0},{"damage":26.0,"enemies":"Gremlin Nob","floor":14.0,"turns":4.0},{"damage":30.0,"enemies":"Slime Boss","floor":16.0,"turns":7.0},{"damage":4.0,"enemies":"3 Byrds","floor":18.0,"turns":3.0},{"damage":25.0,"enemies":"2 Thieves","floor":21.0,"turns":4.0},{"damage":18.0,"enemies":"Snake Plant","floor":22.0,"turns":3.0},{"damage":30.0,"enemies":"3 Cultists","floor":24.0,"turns":5.0},{"damage":50.0,"enemies":"Shelled Parasite and Fungi","floor":28.0,"turns":5.0},{"damage":7.0,"enemies":"Snake Plant","floor":31.0,"turns":2.0},{"damage":79,"enemies":"Collector","floor":33,"turns":5}],"seed_played":"1871901156450347914","potions_obtained":[{"floor":1.0,"key":"PowerPotion"},{"floor":16.0,"key":"LiquidBronze"},{"floor":28.0,"key":"Block Potion"}],"is_trial":false,"path_per_floor":["M","M","?","?","M","R","?","M","T","E","$","R","$","E","R","B",null,"M","?","$","M","M","R","M","R","T","R","M","?","R","M","R","B"],"character_chosen":"IRONCLAD","items_purchased":["Inflame","Shrug It Off","Spot Weakness"],"campfire_rested":1,"item_purchase_floors":[11,11,20],"current_hp_per_floor":[61,65,49,75,74,74,67,64,64,58,58,58,58,38,38,14,80,80,56,56,47,49,56,46,46,46,46,18,18,36,43,43,0],"gold":163,"neow_bonus":"REMOVE_TWO","is_prod":false,"is_daily":false,"chose_seed":false,"campfire_upgraded":2,"win_rate":0,"timestamp":1562720529,"path_taken":["M","?","?","?","M","R","?","M","T","E","$","R","?","E","R","BOSS","M","?","$","M","M","R","M","R","T","R","M","?","R","M","R","BOSS"],"build_version":"2019-06-11","purchased_purges":1,"victory":false,"max_hp_per_floor":[80,80,80,80,80,80,80,80,80,80,80,80,80,80,80,80,80,80,56,56,56,56,63,63,63,63,63,63,63,63,63,63,63],"card_choices":[{"not_picked":["Blood for Blood","Anger"],"picked":"Cleave","floor":1.0},{"not_picked":["Thunderclap","Iron Wave","Sentinel"],"picked":"SKIP","floor":2.0},{"not_picked":["Combust","Armaments"],"picked":"Whirlwind","floor":5.0},{"not_picked":["True Grit","Warcry","Wild Strike"],"picked":"SKIP","floor":8.0},{"not_picked":["Feel No Pain","Anger","Warcry"],"picked":"SKIP","floor":10.0},{"not_picked":["Shrug It Off","Cleave","Thunderclap"],"picked":"SKIP","floor":14.0},{"not_picked":["Juggernaut","Limit Break"],"picked":"Double Tap","floor":16.0},{"not_picked":["Feel No Pain+1","Rupture+1"],"picked":"Heavy Blade","floor":18.0},{"not_picked":["Clash","Pummel","Sword Boomerang+1"],"picked":"SKIP","floor":21.0},{"not_picked":["Twin Strike+1","Iron Wave","Havoc"],"picked":"SKIP","floor":22.0},{"not_picked":["Headbutt+1","Immolate"],"picked":"Havoc+1","floor":24.0},{"not_picked":["Anger","Havoc","Whirlwind+1","Clash"],"picked":"SKIP","floor":28.0},{"not_picked":["Body Slam","Anger","Havoc","Warcry+1"],"picked":"SKIP","floor":31.0}],"player_experience":719683,"relics_obtained":[{"floor":9.0,"key":"Paper Frog"},{"floor":10.0,"key":"Mummified Hand"},{"floor":14.0,"key":"Shovel"},{"floor":15.0,"key":"Bottled Tornado"},{"floor":23.0,"key":"Strawberry"},{"floor":25.0,"key":"Matryoshka"},{"floor":26.0,"key":"Lantern"},{"floor":26.0,"key":"Question Card"},{"floor":27.0,"key":"The Courier"},{"floor":32.0,"key":"Happy Flower"}],"event_choices":[{"damage_healed":0.0,"max_hp_gain":0.0,"max_hp_loss":0.0,"gold_gain":0.0,"event_name":"Shining Light","player_choice":"Entered Light","floor":3.0,"gold_loss":0.0,"damage_taken":16.0,"cards_upgraded":["Defend_R","Strike_R"]},{"damage_healed":26.0,"max_hp_gain":0.0,"max_hp_loss":0.0,"gold_gain":0.0,"event_name":"Big Fish","player_choice":"Banana","floor":4.0,"gold_loss":0.0,"damage_taken":0.0},{"cards_removed":["Strike_R"],"damage_healed":0.0,"max_hp_gain":0.0,"max_hp_loss":0.0,"gold_gain":0.0,"event_name":"Golden Wing","player_choice":"Card Removal","floor":7.0,"gold_loss":0.0,"damage_taken":7.0},{"damage_healed":0.0,"max_hp_gain":0.0,"max_hp_loss":24.0,"gold_gain":0.0,"event_name":"Vampires","player_choice":"Became a vampire","floor":19.0,"gold_loss":0.0,"damage_taken":0.0,"cards_obtained":["Bite","Bite","Bite","Bite","Bite"]},{"damage_healed":0.0,"max_hp_gain":0.0,"max_hp_loss":0.0,"gold_gain":0.0,"event_name":"Accursed Blacksmith","player_choice":"Forge","floor":29.0,"gold_loss":0.0,"damage_taken":0.0,"cards_upgraded":["Heavy Blade"]}],"is_beta":true,"boss_relics":[{"not_picked":["Tiny House","Busted Crown"],"picked":"Black Blood"}],"items_purged_floors":[20],"is_endless":false,"potions_floor_spawned":[1,16,28],"killed_by":"Collector","ascension_level":4}