{"gold_per_floor":[116,127,52,52,63,63,124,124,124,136,161,161,61,74,74,179,179,192,206,42,60,74,74,86,11,11,44,44,44],"floor_reached":29,"playtime":1323,"items_purged":["Writhe","Bash"],"score":255,"play_id":"d0a0442c-dfd6-4923-b52e-31e1d3da91a4","local_time":"20190214031344","is_ascension_mode":false,"campfire_choices":[{"data":"Barricade","floor":6.0,"key":"SMITH"},{"data":"Rage","floor":8.0,"key":"SMITH"},{"floor":15.0,"key":"REST"},{"data":"Limit Break","floor":23.0,"key":"SMITH"}],"neow_cost":"CURSE","seed_source_timestamp":4592906293309,"circlet_count":0,"master_deck":["Strike_R+1","Strike_R","Strike_R","Strike_R+1","Defend_R","Defend_R","Defend_R","Defend_R","Barricade+1","Pommel Strike","Rage+1","Whirlwind","Spot Weakness","Headbutt","Armaments","Offering","Shrug It Off","Power Through","Limit Break+1","Warcry+1","Rage+1"],"special_seed":0,"relics":["Burning Blood","Self Forming Clay","Tiny Chest","Paper Frog","Ancient Tea Set","Mark of Pain","Champion Belt","Gremlin Horn"],"potions_floor_usage":[],"damage_taken":[{"damage":8.0,"enemies":"Jaw Worm","floor":1.0,"turns":4.0},{"damage":1.0,"enemies":"Small Slimes","floor":2.0,"turns":4.0},{"damage":1.0,"enemies":"Cultist","floor":5.0,"turns":3.0},{"damage":19.0,"enemies":"3 Sentries","floor":7.0,"turns":11.0},{"damage":11.0,"enemies":"Gremlin Gang","floor":10.0,"turns":4.0},{"damage":26.0,"enemies":"Gremlin Nob","floor":11.0,"turns":5.0},{"damage":19.0,"enemies":"Large Slime","floor":14.0,"turns":6.0},{"damage":43.0,"enemies":"Slime Boss","floor":16.0,"turns":11.0},{"damage":5.0,"enemies":"3 Byrds","floor":18.0,"turns":4.0},{"damage":8.0,"enemies":"Shell Parasite","floor":19.0,"turns":5.0},{"damage":8.0,"enemies":"Centurion and Healer","floor":21.0,"turns":7.0},{"damage":14.0,"enemies":"Snecko","floor":22.0,"turns":5.0},{"damage":19.0,"enemies":"Sentry and Sphere","floor":24.0,"turns":4.0},{"damage":45,"enemies":"Book of Stabbing","floor":27,"turns":8},{"damage":13,"enemies":"Colosseum Slavers","floor":28,"turns":4},{"damage":11,"enemies":"3 Cultists","floor":29,"turns":3}],"seed_played":"5996207077983082770","potions_obtained":[{"floor":2.0,"key":"Regen Potion"},{"floor":11.0,"key":"Regen Potion"},{"floor":14.0,"key":"Energy Potion"},{"floor":19.0,"key":"LiquidBronze"},{"floor":22.0,"key":"Strength Potion"}],"is_trial":false,"path_per_floor":["M","M","$","?","M","R","E","R","T","M","E","?","$","M","R","B",null,"M","M","$","M","M","R","M","?","T","E","?","M"],"character_chosen":"IRONCLAD","items_purchased":["Limit Break"],"campfire_rested":1,"item_purchase_floors":[20],"current_hp_per_floor":[78,80,80,55,60,60,47,47,47,42,36,20,20,21,45,8,80,80,78,78,76,68,68,55,55,55,16,9,0],"gold":44,"neow_bonus":"THREE_RARE_CARDS","is_prod":false,"is_daily":false,"chose_seed":false,"campfire_upgraded":3,"win_rate":0,"timestamp":1550101424,"path_taken":["M","M","$","?","M","R","E","R","T","M","E","?","$","M","R","BOSS","M","M","$","M","M","R","M","?","T","E","?","M"],"build_version":"2019-02-06","purchased_purges":2,"victory":false,"max_hp_per_floor":[80,80,80,80,80,80,80,80,80,80,80,80,80,80,80,80,80,80,80,80,80,80,80,80,80,80,80,80,80],"card_choices":[{"not_picked":["Impervious","Berserk"],"picked":"Barricade","floor":0.0},{"not_picked":["Twin Strike","Armaments"],"picked":"Pommel Strike","floor":1.0},{"not_picked":["Rupture","Hemokinesis","Anger"],"picked":"SKIP","floor":2.0},{"not_picked":["Dual Wield","Havoc"],"picked":"Rage","floor":5.0},{"not_picked":["Flex","Second Wind"],"picked":"Whirlwind","floor":7.0},{"not_picked":["Wild Strike","Armaments"],"picked":"Spot Weakness","floor":10.0},{"not_picked":["Body Slam","Sword Boomerang"],"picked":"Headbutt","floor":11.0},{"not_picked":["Clothesline","Cleave"],"picked":"Armaments","floor":14.0},{"not_picked":["Impervious","Brutality"],"picked":"Offering","floor":16.0},{"not_picked":["Disarm+1","Flex"],"picked":"Shrug It Off","floor":18.0},{"not_picked":["Sword Boomerang+1","Thunderclap"],"picked":"Power Through","floor":19.0},{"not_picked":["Armaments+1","Havoc+1"],"picked":"Warcry+1","floor":21.0},{"not_picked":["Pommel Strike","Anger+1","Clash"],"picked":"SKIP","floor":22.0},{"not_picked":["Headbutt","Sever Soul"],"picked":"Rage+1","floor":24.0},{"not_picked":["Pummel","Ghostly Armor","Blood for Blood"],"picked":"SKIP","floor":27}],"player_experience":636446,"relics_obtained":[{"floor":7.0,"key":"Tiny Chest"},{"floor":9.0,"key":"Paper Frog"},{"floor":11.0,"key":"Ancient Tea Set"},{"floor":26.0,"key":"Champion Belt"},{"floor":27,"key":"Gremlin Horn"}],"event_choices":[{"damage_healed":0.0,"max_hp_gain":0.0,"max_hp_loss":0.0,"gold_gain":0.0,"event_name":"Scrap Ooze","player_choice":"Success","floor":4.0,"gold_loss":0.0,"damage_taken":25.0,"relics_obtained":["Self Forming Clay"]},{"damage_healed":0.0,"max_hp_gain":0.0,"max_hp_loss":0.0,"gold_gain":0.0,"event_name":"Shining Light","player_choice":"Entered Light","floor":12.0,"gold_loss":0.0,"damage_taken":16.0,"cards_upgraded":["Strike_R","Strike_R"]},{"cards_removed":["Strike_R"],"damage_healed":0.0,"max_hp_gain":0.0,"max_hp_loss":0.0,"gold_gain":0.0,"event_name":"Beggar","player_choice":"Gave Gold","floor":25.0,"gold_loss":75.0,"damage_taken":0.0},{"damage_healed":0,"gold_gain":0,"player_choice":"Fight","damage_taken":0,"max_hp_gain":0,"max_hp_loss":0,"event_name":"Colosseum","floor":28,"gold_loss":0},{"damage_healed":0,"gold_gain":0,"player_choice":"Fled From Nobs","damage_taken":0,"max_hp_gain":0,"max_hp_loss":0,"event_name":"Colosseum","floor":28,"gold_loss":0}],"is_beta":true,"boss_relics":[{"not_picked":["Orrery","Black Blood"],"picked":"Mark of Pain"}],"items_purged_floors":[3,13],"is_endless":false,"potions_floor_spawned":[2,11,14,19,22,28],"killed_by":"3 Cultists","ascension_level":0}