{"gold_per_floor":[219,231,75,75,87,87,102,129,129,129,143,155,181,236,236,335,335,316,316,326,338,354,387,52,70,93,93,93,110,139,150,150,246,246,258,272,318,27,44,44,60,60,87,106,106,0,15,15,15,15,15,15,15,45,45],"floor_reached":55,"playtime":2982,"items_purged":["Strike_G","Strike_G"],"score":731,"play_id":"ab767b18-1688-45ec-b72f-9097768d59c2","local_time":"20190113041039","is_ascension_mode":true,"campfire_choices":[{"data":"Neutralize","floor":6.0,"key":"SMITH"},{"data":"Footwork","floor":15.0,"key":"SMITH"},{"floor":28.0,"key":"REST"},{"floor":32.0,"key":"REST"},{"floor":40.0,"key":"REST"},{"floor":42.0,"key":"REST"},{"floor":49.0,"key":"RECALL"},{"floor":52.0,"key":"REST"}],"neow_cost":"NONE","seed_source_timestamp":0,"circlet_count":0,"master_deck":["Defend_G","Defend_G","Defend_G","Defend_G","Defend_G","Strike_G","Strike_G","Strike_G","Survivor","Neutralize+1","Flying Knee","Flying Knee","Well Laid Plans+1","Dash","Footwork+1","Noxious Fumes","Footwork","Backflip","Backflip","After Image+1","PiercingWail","Caltrops","Outmaneuver","Slice","Footwork","Dagger Spray+1","Crippling Poison","Cloak And Dagger","Caltrops","Storm of Steel","Finisher","Cloak And Dagger+1","Deflect+1","Blade Dance","Accuracy","Bandage Up","Infinite Blades","Accuracy"],"special_seed":0,"relics":["Ring of the Serpent","Happy Flower","Shuriken","Pantograph","Letter Opener","Fusion Hammer","Spirit Poop","Lantern","Meat on the Bone","Orichalcum","Mango","StoneCalendar","Oddly Smooth Stone","Red Mask","Bottled Tornado"],"potions_floor_usage":[],"damage_taken":[{"damage":1.0,"enemies":"Cultist","floor":1.0,"turns":4.0},{"damage":1.0,"enemies":"2 Louse","floor":2.0,"turns":4.0},{"damage":0.0,"enemies":"Small Slimes","floor":5.0,"turns":3.0},{"damage":3.0,"enemies":"2 Fungi Beasts","floor":7.0,"turns":3.0},{"damage":4.0,"enemies":"Gremlin Nob","floor":8.0,"turns":3.0},{"damage":6.0,"enemies":"Red Slaver","floor":11.0,"turns":4.0},{"damage":3.0,"enemies":"Looter","floor":12.0,"turns":3.0},{"damage":9.0,"enemies":"Lagavulin","floor":13.0,"turns":6.0},{"damage":10.0,"enemies":"3 Sentries","floor":14.0,"turns":6.0},{"damage":21.0,"enemies":"Hexaghost","floor":16.0,"turns":11.0},{"damage":2.0,"enemies":"2 Thieves","floor":18.0,"turns":4.0},{"damage":0.0,"enemies":"Shell Parasite","floor":20.0,"turns":6.0},{"damage":0.0,"enemies":"Centurion and Healer","floor":21.0,"turns":5.0},{"damage":0.0,"enemies":"Snecko","floor":22.0,"turns":8.0},{"damage":54.0,"enemies":"Slavers","floor":23.0,"turns":9.0},{"damage":14.0,"enemies":"Snake Plant","floor":25.0,"turns":5.0},{"damage":1.0,"enemies":"Shelled Parasite and Fungi","floor":29.0,"turns":6.0},{"damage":4.0,"enemies":"Book of Stabbing","floor":30.0,"turns":6.0},{"damage":0.0,"enemies":"3 Cultists","floor":31.0,"turns":6.0},{"damage":14.0,"enemies":"Collector","floor":33.0,"turns":11.0},{"damage":1.0,"enemies":"Orb Walker","floor":35.0,"turns":5.0},{"damage":2.0,"enemies":"3 Darklings","floor":36.0,"turns":6.0},{"damage":34.0,"enemies":"2 Orb Walkers","floor":37.0,"turns":6.0},{"damage":13.0,"enemies":"4 Shapes","floor":39.0,"turns":4.0},{"damage":26.0,"enemies":"Spire Growth","floor":41.0,"turns":6.0},{"damage":11.0,"enemies":"Writhing Mass","floor":44.0,"turns":7.0},{"damage":6.0,"enemies":"Transient","floor":47.0,"turns":5.0},{"damage":49.0,"enemies":"Donu and Deca","floor":50.0,"turns":9.0},{"damage":73,"enemies":"Shield and Spear","floor":54,"turns":8},{"damage":48,"enemies":"The Heart","floor":55,"turns":3}],"seed_played":"-2313909078863635390","potions_obtained":[{"floor":1.0,"key":"LiquidBronze"},{"floor":7.0,"key":"FearPotion"},{"floor":8.0,"key":"Explosive Potion"},{"floor":12.0,"key":"Block Potion"},{"floor":13.0,"key":"Regen Potion"},{"floor":14.0,"key":"SkillPotion"},{"floor":20.0,"key":"PowerPotion"},{"floor":29.0,"key":"GhostInAJar"},{"floor":30.0,"key":"Block Potion"},{"floor":31.0,"key":"Fire Potion"},{"floor":37.0,"key":"SpeedPotion"},{"floor":39.0,"key":"SkillPotion"},{"floor":44.0,"key":"Strength Potion"}],"is_trial":false,"path_per_floor":["M","M","$","?","M","R","M","E","T","?","M","M","E","?","R","B",null,"M","?","M","M","M","E","$","M","T","?","R","M","E","M","R","B",null,"M","M","?","$","M","R","M","R","T","M","?","?","M","$","R","B",null,"R","$","E","B"],"character_chosen":"THE_SILENT","items_purchased":["Well Laid Plans","Meat on the Bone","Footwork","Blade Dance","Accuracy","Bandage Up"],"campfire_rested":5,"item_purchase_floors":[3,24,24,38,38,38],"current_hp_per_floor":[69,68,68,68,68,68,65,61,61,61,55,52,43,33,33,37,70,68,68,68,68,68,14,14,27,27,27,48,47,57,57,82,70,84,83,81,47,47,50,75,53,78,78,71,71,71,65,65,65,47,80,80,80,23,0],"gold":45,"neow_bonus":"HUNDRED_GOLD","is_prod":false,"is_daily":false,"chose_seed":false,"campfire_upgraded":2,"win_rate":0,"timestamp":1547340039,"path_taken":["M","?","$","?","M","R","M","E","T","?","M","M","E","?","R","BOSS","M","?","?","M","M","E","$","M","T","?","R","?","E","M","R","BOSS","M","?","?","$","M","R","M","R","T","M","?","?","?","$","R","BOSS","R","$","E","BOSS"],"build_version":"2019-01-10","purchased_purges":2,"victory":false,"max_hp_per_floor":[70,70,70,70,70,70,70,70,70,70,70,70,70,70,70,70,70,70,70,70,70,70,70,70,70,70,70,70,70,84,84,84,84,84,84,84,84,84,84,84,84,84,84,84,80,80,80,80,80,80,80,80,80,80,80],"card_choices":[{"not_picked":["Catalyst","Poisoned Stab"],"picked":"Flying Knee","floor":1.0},{"not_picked":["Calculated Gamble","Underhanded Strike"],"picked":"Flying Knee","floor":2.0},{"not_picked":["Deadly Poison","PiercingWail"],"picked":"Dash","floor":5.0},{"not_picked":["Dagger Spray","Underhanded Strike"],"picked":"Footwork","floor":7.0},{"not_picked":["Dash","Outmaneuver"],"picked":"Noxious Fumes","floor":8.0},{"not_picked":["Deflect","Acrobatics"],"picked":"Footwork","floor":11.0},{"not_picked":["Underhanded Strike","Dagger Spray"],"picked":"Backflip","floor":12.0},{"not_picked":["Tools of the Trade","Underhanded Strike"],"picked":"Backflip","floor":13.0},{"not_picked":["Grand Finale","Night Terror"],"picked":"After Image","floor":16.0},{"not_picked":["Backflip+1","Dodge and Roll"],"picked":"PiercingWail","floor":18.0},{"not_picked":["Prepared","Sucker Punch+1"],"picked":"Caltrops","floor":20.0},{"not_picked":["Underhanded Strike","Poisoned Stab"],"picked":"Outmaneuver","floor":21.0},{"not_picked":["Dagger Throw+1","PiercingWail"],"picked":"Slice","floor":22.0},{"not_picked":["Outmaneuver+1","Finisher","Dash"],"picked":"SKIP","floor":23.0},{"not_picked":["Quick Slash","Poisoned Stab"],"picked":"Dagger Spray+1","floor":25.0},{"not_picked":["Bane+1","Acrobatics+1"],"picked":"Crippling Poison","floor":29.0},{"not_picked":["Flechettes+1","Malaise"],"picked":"Cloak And Dagger","floor":30.0},{"not_picked":["Dodge and Roll+1","Outmaneuver"],"picked":"Caltrops","floor":31.0},{"not_picked":["Unload","Die Die Die"],"picked":"Storm of Steel","floor":33.0},{"not_picked":["Outmaneuver+1","Poisoned Stab+1"],"picked":"Finisher","floor":35.0},{"not_picked":["Underhanded Strike","Catalyst+1"],"picked":"Cloak And Dagger+1","floor":36.0},{"not_picked":["Deadly Poison","Sucker Punch"],"picked":"Deflect+1","floor":37.0},{"not_picked":["Dagger Throw","Bouncing Flask+1","Underhanded Strike"],"picked":"SKIP","floor":39.0},{"not_picked":["Sucker Punch","Deadly Poison+1","Dagger Spray+1"],"picked":"SKIP","floor":41.0},{"not_picked":["Grand Finale","Riddle With Holes"],"picked":"Infinite Blades","floor":44.0},{"not_picked":["Flying Knee","Deflect"],"picked":"Accuracy","floor":47.0},{"not_picked":["Accuracy","Poisoned Stab","Deadly Poison+1"],"picked":"SKIP","floor":54}],"player_experience":423770,"relics_obtained":[{"floor":8.0,"key":"Happy Flower"},{"floor":13.0,"key":"Pantograph"},{"floor":14.0,"key":"Letter Opener"},{"floor":23.0,"key":"Lantern"},{"floor":26.0,"key":"Orichalcum"},{"floor":30.0,"key":"Mango"},{"floor":37.0,"key":"StoneCalendar"},{"floor":43.0,"key":"Oddly Smooth Stone"},{"floor":54,"key":"Bottled Tornado"}],"event_choices":[{"damage_healed":0.0,"max_hp_gain":0.0,"max_hp_loss":0.0,"gold_gain":0.0,"event_name":"Living Wall","player_choice":"Grow","floor":4.0,"gold_loss":0.0,"damage_taken":0.0,"cards_upgraded":["Well Laid Plans"]},{"damage_healed":0.0,"max_hp_gain":0.0,"max_hp_loss":0.0,"gold_gain":0.0,"event_name":"Big Fish","player_choice":"Box","floor":10.0,"gold_loss":0.0,"damage_taken":0.0,"relics_obtained":["Shuriken"],"cards_obtained":["Regret"]},{"damage_healed":0.0,"max_hp_gain":0.0,"max_hp_loss":0.0,"gold_gain":0.0,"event_name":"Dead Adventurer","player_choice":"Searched \u00271\u0027 times","floor":14.0,"gold_loss":0.0,"damage_taken":0.0},{"cards_removed":["Regret"],"damage_healed":0.0,"max_hp_gain":0.0,"max_hp_loss":0.0,"gold_gain":0.0,"event_name":"Bonfire Elementals","player_choice":"Offered Curse","floor":19.0,"gold_loss":0.0,"damage_taken":0.0,"relics_obtained":["Spirit Poop"]},{"damage_healed":0.0,"max_hp_gain":0.0,"max_hp_loss":0.0,"gold_gain":0.0,"event_name":"Upgrade Shrine","player_choice":"Upgraded","floor":27.0,"gold_loss":0.0,"damage_taken":0.0,"cards_upgraded":["After Image"]},{"damage_healed":0.0,"max_hp_gain":0.0,"max_hp_loss":0.0,"gold_gain":0.0,"event_name":"Mysterious Sphere","player_choice":"Fight","floor":37.0,"gold_loss":0.0,"damage_taken":0.0},{"damage_healed":0.0,"max_hp_gain":0.0,"max_hp_loss":4.0,"gold_gain":0.0,"event_name":"Winding Halls","player_choice":"Max HP","floor":45.0,"gold_loss":0.0,"damage_taken":0.0},{"damage_healed":0.0,"max_hp_gain":0.0,"max_hp_loss":0.0,"gold_gain":0.0,"event_name":"Tomb of Lord Red Mask","player_choice":"Paid","floor":46.0,"gold_loss":106.0,"damage_taken":0.0,"relics_obtained":["Red Mask"]}],"is_beta":true,"boss_relics":[{"not_picked":["Busted Crown","Snecko Eye"],"picked":"Fusion Hammer"},{"not_picked":["Black Star","HoveringKite"],"picked":"Ring of the Serpent"}],"items_purged_floors":[3,38],"is_endless":false,"potions_floor_spawned":[1,7,8,12,13,14,20,29,30,31,37,39,44],"killed_by":"The Heart","ascension_level":1}