{"gold_per_floor":[18,33,33,52,66,66,96,96,143,143,218,237,237,255,255,358,358,375,389,389,74,85,85,8,8,8,8,22,42,42,61,61,158,158,174,65,85,85,85,85,97,97,97,28,128,148,148,166,166,166],"floor_reached":51,"playtime":2790,"items_purged":["Defend_G"],"score":704,"play_id":"142d6d22-ce02-44a3-87c4-a50b71971f3c","local_time":"20181116230935","is_ascension_mode":true,"campfire_choices":[{"floor":6,"key":"REST"},{"data":"Deadly Poison","floor":8,"key":"SMITH"},{"data":"Survivor","floor":10,"key":"SMITH"},{"data":"Slice","floor":13,"key":"SMITH"},{"data":"Backflip","floor":15,"key":"SMITH"},{"data":"Bullet Time","floor":23,"key":"SMITH"},{"data":"Acrobatics","floor":25,"key":"SMITH"},{"floor":27,"key":"REST"},{"data":"After Image","floor":30,"key":"SMITH"},{"data":"Crippling Poison","floor":32,"key":"SMITH"},{"data":"Crippling Poison","floor":40,"key":"SMITH"},{"data":"Noxious Fumes","floor":42,"key":"SMITH"},{"floor":49,"key":"REST"}],"neow_cost":"NO_GOLD","seed_source_timestamp":19865165968833,"circlet_count":0,"master_deck":["Defend_G","Defend_G","Defend_G","Strike_G","Strike_G","Survivor+1","Neutralize+1","Outmaneuver","Poisoned Stab","Slice+1","Deadly Poison+1","Quick Slash+1","Slice+1","Backflip+1","Bullet Time+1","Infinite Blades","Backflip","Well Laid Plans+1","Crippling Poison+1","Violence","Acrobatics+1","Caltrops","After Image+1","Acrobatics","Crippling Poison+1","Glass Knife+1","Quick Slash+1","Malaise+1","Deadly Poison+1","Poisoned Stab+1","Infinite Blades","Predator+1","Noxious Fumes+1","Crippling Poison","Slice+1","Poisoned Stab+1"],"relics":["Ring of the Snake","Molten Egg 2","Centennial Puzzle","Philosopher\u0027s Stone","Sundial","Astrolabe","Bottled Flame"],"potions_floor_usage":[4,7,14,16,22,31,33,50,50,50],"damage_taken":[{"damage":2,"enemies":"2 Louse","floor":1,"turns":4},{"damage":0,"enemies":"Small Slimes","floor":2,"turns":5},{"damage":8,"enemies":"Jaw Worm","floor":4,"turns":4},{"damage":21,"enemies":"Exordium Thugs","floor":5,"turns":7},{"damage":17,"enemies":"Gremlin Nob","floor":7,"turns":5},{"damage":2,"enemies":"Red Slaver","floor":12,"turns":2},{"damage":1,"enemies":"3 Louse","floor":14,"turns":2},{"damage":33,"enemies":"The Guardian","floor":16,"turns":11},{"damage":1,"enemies":"Chosen","floor":18,"turns":4},{"damage":6,"enemies":"Spheric Guardian","floor":19,"turns":3},{"damage":11,"enemies":"Cultist and Chosen","floor":22,"turns":5},{"damage":11,"enemies":"Snecko","floor":28,"turns":5},{"damage":18,"enemies":"Snake Plant","floor":29,"turns":4},{"damage":1,"enemies":"Cultist and Chosen","floor":31,"turns":6},{"damage":41,"enemies":"Automaton","floor":33,"turns":8},{"damage":0,"enemies":"Orb Walker","floor":35,"turns":4},{"damage":1,"enemies":"3 Shapes","floor":37,"turns":4},{"damage":13,"enemies":"Sphere and 2 Shapes","floor":41,"turns":4},{"damage":18,"enemies":"Spire Growth","floor":46,"turns":5},{"damage":22,"enemies":"Jaw Worm Horde","floor":48,"turns":4},{"damage":61,"enemies":"Donu and Deca","floor":50,"turns":9}],"seed_played":"-7420846892485851462","potions_obtained":[{"floor":1,"key":"SkillPotion"},{"floor":5,"key":"SpeedPotion"},{"floor":7,"key":"Poison Potion"},{"floor":14,"key":"EssenceOfSteel"},{"floor":16,"key":"Strength Potion"},{"floor":19,"key":"Fruit Juice"},{"floor":28,"key":"Poison Potion"},{"floor":29,"key":"Swift Potion"},{"floor":33,"key":"Regen Potion"},{"floor":37,"key":"Fire Potion"},{"floor":48,"key":"Swift Potion"}],"is_trial":false,"path_per_floor":["M","M","?","M","M","R","E","R","T","R","?","M","R","M","R","B",null,"M","M","?","$","M","R","$","R","T","R","M","M","R","M","R","B",null,"M","$","M","?","?","R","M","R","T","$","?","M","?","M","R","B",null],"character_chosen":"THE_SILENT","items_purchased":["Well Laid Plans","Crippling Poison","Violence","Caltrops","Infinite Blades","Crippling Poison"],"campfire_rested":3,"item_purchase_floors":[21,21,21,24,36,44],"current_hp_per_floor":[82,82,82,74,53,78,61,61,61,61,50,48,48,47,47,14,84,83,77,69,69,63,63,63,63,63,89,78,60,60,59,59,18,89,89,89,88,88,88,88,75,75,75,75,75,57,57,35,61,15],"gold":166,"neow_bonus":"TWENTY_PERCENT_HP_BONUS","is_prod":false,"is_daily":false,"chose_seed":false,"campfire_upgraded":10,"win_rate":0,"timestamp":1542397175,"path_taken":["M","M","?","M","M","R","E","R","T","R","?","?","R","M","R","BOSS","M","M","?","$","?","R","$","R","T","R","M","M","R","M","R","BOSS","M","$","M","?","?","R","?","R","T","?","?","?","?","M","R","BOSS"],"build_version":"2018-11-15","purchased_purges":1,"victory":true,"max_hp_per_floor":[84,84,84,84,84,84,84,84,84,84,84,84,84,84,84,84,84,84,84,84,84,89,89,89,89,89,89,89,89,89,89,89,89,89,89,89,89,89,89,89,89,89,89,89,89,89,89,89,89,89],"card_choices":[{"not_picked":["Masterful Stab","Prepared"],"picked":"Outmaneuver","floor":1},{"not_picked":["Blur","Escape Plan"],"picked":"Poisoned Stab","floor":2},{"not_picked":["PiercingWail","Outmaneuver"],"picked":"Slice","floor":4},{"not_picked":["Bane","Venomology"],"picked":"Deadly Poison","floor":5},{"not_picked":["Expertise","Concentrate"],"picked":"Quick Slash","floor":7},{"not_picked":["Outmaneuver","Bane+1"],"picked":"Slice+1","floor":12},{"not_picked":["Dodge and Roll","Flying Knee+1"],"picked":"Backflip","floor":14},{"not_picked":["Envenom","Burst"],"picked":"Bullet Time","floor":16},{"not_picked":["PiercingWail","Dagger Throw+1"],"picked":"Infinite Blades","floor":18},{"not_picked":["Blur","Flying Knee+1"],"picked":"Backflip","floor":19},{"not_picked":["Blade Dance","Predator+1"],"picked":"Acrobatics","floor":22},{"not_picked":["Dodge and Roll","Setup"],"picked":"After Image","floor":28},{"not_picked":["Deadly Poison","PiercingWail"],"picked":"Acrobatics","floor":29},{"not_picked":["Underhanded Strike+1","Flechettes+1"],"picked":"Crippling Poison","floor":31},{"not_picked":["Phantasmal Killer","Envenom"],"picked":"Glass Knife+1","floor":33},{"not_picked":["Dodge and Roll+1","Dagger Spray+1"],"picked":"Poisoned Stab+1","floor":35},{"not_picked":["All Out Attack+1","Acrobatics+1"],"picked":"Predator+1","floor":37},{"not_picked":["Deadly Poison+1","Cloak And Dagger+1"],"picked":"Noxious Fumes","floor":41},{"not_picked":["Dagger Throw+1","All Out Attack+1"],"picked":"Slice+1","floor":46},{"not_picked":["Quick Slash+1","Distraction+1"],"picked":"Poisoned Stab+1","floor":48}],"player_experience":156837,"relics_obtained":[{"floor":7,"key":"Molten Egg 2"},{"floor":9,"key":"Centennial Puzzle"},{"floor":26,"key":"Sundial"},{"floor":43,"key":"Bottled Flame"}],"event_choices":[{"damage_healed":0,"gold_gain":0,"player_choice":"Grow","damage_taken":0,"max_hp_gain":0,"max_hp_loss":0,"event_name":"Living Wall","floor":3,"gold_loss":0,"cards_upgraded":["Neutralize"]},{"damage_healed":0,"gold_gain":75,"player_choice":"Gather Gold","damage_taken":11,"max_hp_gain":0,"max_hp_loss":0,"event_name":"World of Goop","floor":11,"gold_loss":0},{"damage_healed":0,"gold_gain":0,"player_choice":"Damaged","damage_taken":8,"max_hp_gain":0,"max_hp_loss":0,"event_name":"Wheel of Change","floor":20,"gold_loss":0},{"damage_healed":0,"gold_gain":0,"player_choice":"Memory 1","damage_taken":0,"max_hp_gain":0,"max_hp_loss":0,"event_name":"SensoryStone","floor":38,"gold_loss":0},{"damage_healed":0,"gold_gain":0,"player_choice":"Upgraded","damage_taken":0,"max_hp_gain":0,"max_hp_loss":0,"event_name":"Upgrade Shrine","floor":39,"gold_loss":0,"cards_upgraded":["Well Laid Plans"]},{"damage_healed":0,"gold_gain":100,"player_choice":"Pray","damage_taken":0,"max_hp_gain":0,"max_hp_loss":0,"event_name":"Golden Shrine","floor":45,"gold_loss":0},{"cards_removed":["Strike_G"],"damage_healed":0,"gold_gain":0,"player_choice":"Removed Attack","damage_taken":0,"max_hp_gain":0,"max_hp_loss":0,"event_name":"Falling","floor":47,"gold_loss":0}],"is_beta":true,"boss_relics":[{"not_picked":["Orrery","Ring of the Serpent"],"picked":"Philosopher\u0027s Stone"},{"not_picked":["Fusion Hammer","Empty Cage"],"picked":"Astrolabe"}],"items_purged_floors":[36],"is_endless":false,"potions_floor_spawned":[1,5,7,14,16,19,28,29,33,37,46,48],"ascension_level":1}