{"gold_per_floor":[116,116,96,111,124,124,165,177,214,226,262,274],"floor_reached":12,"playtime":559,"items_purged":[],"score":148,"play_id":"e807bdca-5389-42ef-bc25-00e03155eff3","local_time":"20190703193913","is_ascension_mode":true,"campfire_choices":[{"floor":6,"key":"REST"},{"floor":8,"key":"REST"},{"data":"Machine Learning","floor":10,"key":"SMITH"}],"neow_cost":"NONE","seed_source_timestamp":1590446934828307,"circlet_count":0,"master_deck":["AscendersBane","Strike_B","Strike_B","Strike_B","Defend_B","Defend_B","Defend_B","Defend_B","Zap","Dualcast","Aggregate","FTL","Steam","Coolheaded","Machine Learning+1","Coolheaded"],"relics":["Cracked Core","Golden Idol","MawBank","Happy Flower"],"potions_floor_usage":[7,12,12],"damage_taken":[{"damage":2,"enemies":"Jaw Worm","floor":1,"turns":5},{"damage":1,"enemies":"2 Louse","floor":4,"turns":3},{"damage":1,"enemies":"Cultist","floor":5,"turns":3},{"damage":34,"enemies":"3 Sentries","floor":7,"turns":11},{"damage":13,"enemies":"Exordium Wildlife","floor":11,"turns":6},{"damage":86,"enemies":"Gremlin Nob","floor":12,"turns":4}],"seed_played":"-2159376541706403901","potions_obtained":[{"floor":1,"key":"GamblersBrew"},{"floor":3,"key":"SneckoOil"},{"floor":7,"key":"Strength Potion"},{"floor":11,"key":"Regen Potion"}],"is_trial":false,"path_per_floor":["M","?","?","M","M","R","E","R","T","R","M","E"],"character_chosen":"DEFECT","items_purchased":[],"campfire_rested":2,"item_purchase_floors":[],"current_hp_per_floor":[62,38,38,37,36,57,23,44,44,44,31,0],"gold":274,"neow_bonus":"TRANSFORM_CARD","is_prod":false,"is_daily":false,"chose_seed":false,"campfire_upgraded":1,"win_rate":0,"timestamp":1562207953,"path_taken":["M","?","?","M","M","R","E","R","T","R","M","E"],"build_version":"2019-07-01","purchased_purges":0,"victory":false,"max_hp_per_floor":[71,71,71,71,71,71,71,71,71,71,71,71],"card_choices":[{"not_picked":["Aggregate","Melter"],"picked":"FTL","floor":1},{"not_picked":["Streamline","Rip and Tear"],"picked":"Steam","floor":4},{"not_picked":["Streamline","Reinforced Body"],"picked":"Coolheaded","floor":5},{"not_picked":["Steam","Hologram"],"picked":"Machine Learning","floor":7},{"not_picked":["Go for the Eyes","Rebound"],"picked":"Coolheaded","floor":11}],"player_experience":557113,"relics_obtained":[{"floor":7,"key":"MawBank"},{"floor":9,"key":"Happy Flower"}],"event_choices":[{"damage_healed":0,"gold_gain":0,"player_choice":"Take Damage","damage_taken":24,"relics_obtained":["Golden Idol"],"max_hp_gain":0,"max_hp_loss":0,"event_name":"Golden Idol","floor":2,"gold_loss":0},{"damage_healed":0,"gold_gain":0,"player_choice":"Bought 1 Potion","damage_taken":0,"max_hp_gain":0,"max_hp_loss":0,"event_name":"The Woman in Blue","floor":3,"gold_loss":0}],"is_beta":false,"boss_relics":[],"items_purged_floors":[],"is_endless":false,"potions_floor_spawned":[1,7,11],"killed_by":"Gremlin Nob","ascension_level":18}