{"gold_per_floor":[118,118,193,193,193,193,222,239,289,140,152,152,165,182,182,282,282,302,217,217,41,59,59,73,73,73,88,104,122,122,122],"floor_reached":31,"playtime":1024,"items_purged":["Strike_R","Normality"],"score":337,"play_id":"d824ed8e-7081-42d5-810f-9a73df1b160f","local_time":"20190713225850","is_ascension_mode":false,"campfire_choices":[{"data":"Bash","floor":6.0,"key":"SMITH"},{"data":"Warcry","floor":12.0,"key":"SMITH"},{"data":"Metallicize","floor":15.0,"key":"SMITH"},{"data":"Feel No Pain","floor":23.0,"key":"SMITH"},{"data":"Fiend Fire","floor":30,"key":"SMITH"}],"neow_cost":"NONE","seed_source_timestamp":1521375051858,"circlet_count":0,"master_deck":["Defend_R","Defend_R","Defend_R+1","Defend_R","Bash+1","Anger","Anger","Metallicize+1","Warcry+1","Spot Weakness","Fiend Fire+1","Injury","Clumsy","Feel No Pain+1","Metallicize+1","Warcry+1","Bite","Bite","Bite","Bite","Bite","Spot Weakness+1"],"special_seed":0,"relics":["Burning Blood","NeowsBlessing","Pear","Pantograph","Strawberry","Happy Flower","Calling Bell","Prayer Wheel","Singing Bowl","Orichalcum","Kunai"],"potions_floor_usage":[29,31],"damage_taken":[{"damage":0.0,"enemies":"Jaw Worm","floor":1.0,"turns":1.0},{"damage":0.0,"enemies":"Lagavulin","floor":7.0,"turns":1.0},{"damage":0.0,"enemies":"Small Slimes","floor":8.0,"turns":1.0},{"damage":0.0,"enemies":"Cultist","floor":11.0,"turns":3.0},{"damage":4.0,"enemies":"Looter","floor":13.0,"turns":3.0},{"damage":11.0,"enemies":"Exordium Thugs","floor":14.0,"turns":5.0},{"damage":58.0,"enemies":"The Guardian","floor":16.0,"turns":8.0},{"damage":16.0,"enemies":"Chosen","floor":18.0,"turns":5.0},{"damage":12.0,"enemies":"Shell Parasite","floor":22.0,"turns":5.0},{"damage":29.0,"enemies":"Snake Plant","floor":24.0,"turns":5.0},{"damage":41.0,"enemies":"Shelled Parasite and Fungi","floor":27.0,"turns":7.0},{"damage":15.0,"enemies":"Cultist and Chosen","floor":28.0,"turns":8.0},{"damage":2,"enemies":"Centurion and Healer","floor":29,"turns":6},{"damage":111,"enemies":"Gremlin Leader","floor":31,"turns":7}],"seed_played":"-6270793059324094294","potions_obtained":[{"floor":7.0,"key":"BloodPotion"},{"floor":13.0,"key":"FearPotion"},{"floor":14.0,"key":"AttackPotion"},{"floor":22.0,"key":"PowerPotion"},{"floor":29,"key":"SpeedPotion"}],"is_trial":false,"path_per_floor":["M","?","?","T","?","R","E","M","T","$","M","R","M","M","R","B",null,"M","?","?","$","M","R","M","?","T","M","M","M","R","E"],"character_chosen":"IRONCLAD","items_purchased":["Metallicize","Feel No Pain"],"campfire_rested":0,"item_purchase_floors":[10,21],"current_hp_per_floor":[80,64,53,63,60,60,73,79,79,79,85,85,87,82,82,45,97,91,91,91,91,89,89,70,70,70,57,70,92,92,0],"gold":122,"neow_bonus":"THREE_ENEMY_KILL","is_prod":false,"is_daily":false,"chose_seed":false,"campfire_upgraded":5,"win_rate":0,"timestamp":1563046130,"path_taken":["M","?","?","?","?","R","E","M","T","$","M","R","?","?","R","BOSS","M","?","?","$","M","R","?","?","T","M","M","M","R","E"],"build_version":"2019-07-10","purchased_purges":2,"victory":false,"max_hp_per_floor":[80,80,80,90,90,90,97,97,97,97,97,97,97,97,97,97,97,101,101,101,101,103,103,105,105,105,109,111,115,115,115],"card_choices":[{"not_picked":["Clash","Clothesline","Perfected Strike"],"picked":"SKIP","floor":1.0},{"not_picked":["Flex","Body Slam"],"picked":"Anger","floor":7.0},{"not_picked":["Twin Strike","Infernal Blade"],"picked":"Anger","floor":8.0},{"not_picked":["Heavy Blade","Clash"],"picked":"Warcry","floor":11.0},{"not_picked":["Flex","Thunderclap","Body Slam"],"picked":"SKIP","floor":13.0},{"not_picked":["Whirlwind","Brutality"],"picked":"Spot Weakness","floor":14.0},{"not_picked":["Barricade","Feed"],"picked":"Fiend Fire","floor":16.0},{"not_picked":["Heavy Blade","Rage","Flex+1"],"picked":"Singing Bowl","floor":18.0},{"not_picked":["Uppercut","Twin Strike","Clothesline"],"picked":"Singing Bowl","floor":18.0},{"not_picked":["Thunderclap","Body Slam","Uppercut"],"picked":"Singing Bowl","floor":22.0},{"not_picked":["Clash","Armaments"],"picked":"Metallicize+1","floor":22.0},{"not_picked":["Pommel Strike+1","Rupture","Cleave"],"picked":"Singing Bowl","floor":24.0},{"not_picked":["Immolate","Havoc"],"picked":"Warcry+1","floor":24.0},{"not_picked":["Sword Boomerang+1","Perfected Strike+1","Flex+1"],"picked":"Singing Bowl","floor":27.0},{"not_picked":["Wild Strike+1","Perfected Strike+1","Rampage+1"],"picked":"Singing Bowl","floor":27.0},{"not_picked":["Clothesline","Pummel","Headbutt"],"picked":"Singing Bowl","floor":28.0},{"not_picked":["Sever Soul+1","Havoc"],"picked":"Spot Weakness+1","floor":28.0},{"not_picked":["Thunderclap+1","Second Wind","Headbutt"],"picked":"Singing Bowl","floor":29},{"not_picked":["Flex","Clothesline","Second Wind+1"],"picked":"Singing Bowl","floor":29}],"player_experience":732661,"relics_obtained":[{"floor":4.0,"key":"Pear"},{"floor":7.0,"key":"Strawberry"},{"floor":9.0,"key":"Happy Flower"},{"floor":17.0,"key":"Prayer Wheel"},{"floor":17.0,"key":"Singing Bowl"},{"floor":17.0,"key":"Blood Vial"},{"floor":26.0,"key":"Kunai"}],"event_choices":[{"damage_healed":0.0,"max_hp_gain":0.0,"max_hp_loss":0.0,"gold_gain":0.0,"event_name":"Shining Light","player_choice":"Entered Light","floor":2.0,"gold_loss":0.0,"damage_taken":16.0,"cards_upgraded":["Defend_R","Strike_R"]},{"damage_healed":0.0,"max_hp_gain":0.0,"max_hp_loss":0.0,"gold_gain":75.0,"event_name":"World of Goop","player_choice":"Gather Gold","floor":3.0,"gold_loss":0.0,"damage_taken":11.0},{"damage_healed":0.0,"max_hp_gain":0.0,"max_hp_loss":0.0,"gold_gain":0.0,"event_name":"Scrap Ooze","player_choice":"Success","floor":5.0,"gold_loss":0.0,"damage_taken":3.0,"relics_obtained":["Pantograph"]},{"damage_healed":0.0,"max_hp_gain":0.0,"max_hp_loss":0.0,"gold_gain":0.0,"event_name":"Addict","player_choice":"Obtained Relic","floor":19.0,"gold_loss":85.0,"damage_taken":0.0,"relics_obtained":["Orichalcum"]},{"damage_healed":0.0,"max_hp_gain":0.0,"max_hp_loss":0.0,"gold_gain":0.0,"cards_transformed":["Regret","Regret"],"event_name":"Drug Dealer","player_choice":"Became Test Subject","floor":20.0,"gold_loss":0.0,"damage_taken":0.0,"cards_obtained":["Normality","Clumsy"]},{"damage_healed":0.0,"max_hp_gain":0.0,"max_hp_loss":0.0,"gold_gain":0.0,"event_name":"Vampires","player_choice":"Became a vampire (Vial)","floor":25.0,"relics_lost":["Blood Vial"],"gold_loss":0.0,"damage_taken":0.0,"cards_obtained":["Bite","Bite","Bite","Bite","Bite"]}],"is_beta":true,"boss_relics":[{"not_picked":["Snecko Eye","White Beast Statue"],"picked":"Calling Bell"}],"items_purged_floors":[10,21],"is_endless":false,"potions_floor_spawned":[7,13,14,22,29],"killed_by":"Gremlin Leader","ascension_level":0}