{"gold_per_floor":[117,32,32,43,63,93,93,93,93,123,133,133,167,188,188,259,259,275,190,190,115,115,115,130,161,161,176,176,76,92,92,92,163,163,181,194,194,209,209,209,219,219,219,219],"floor_reached":44,"playtime":5114,"items_purged":["Strike_G","Normality"],"score":869,"play_id":"28c929a8-b713-4e0c-a1e8-032e6347244e","local_time":"20190729212314","is_ascension_mode":true,"campfire_choices":[{"floor":7.0,"key":"REST"},{"data":"Footwork","floor":12.0,"key":"SMITH"},{"data":"Deadly Poison","floor":15.0,"key":"SMITH"},{"data":"A Thousand Cuts","floor":23.0,"key":"SMITH"},{"floor":28.0,"key":"REST"},{"data":"Footwork","floor":32.0,"key":"SMITH"},{"data":"A Thousand Cuts","floor":40.0,"key":"SMITH"}],"neow_cost":"NONE","seed_source_timestamp":1694824023052781,"circlet_count":0,"master_deck":["AscendersBane","Strike_G","Strike_G","Strike_G","Strike_G","Defend_G","Defend_G","Defend_G+1","Defend_G","Defend_G","Survivor","Neutralize+1","Cloak And Dagger","Footwork+1","Crippling Poison+1","All Out Attack","Deadly Poison+1","Cloak And Dagger","Poisoned Stab","Deflect","A Thousand Cuts+1","Footwork+1","Dodge and Roll","All Out Attack","Cloak And Dagger","A Thousand Cuts+1","Dodge and Roll","Backflip+1"],"special_seed":0,"relics":["Ring of the Snake","Mercury Hourglass","Pear","Mango","Strawberry","Odd Mushroom","Cursed Key","Boot","War Paint","Nloth\u0027s Gift"],"potions_floor_usage":[44],"damage_taken":[{"damage":1.0,"enemies":"Small Slimes","floor":1.0,"turns":6.0},{"damage":0.0,"enemies":"2 Louse","floor":4.0,"turns":3.0},{"damage":0.0,"enemies":"Jaw Worm","floor":5.0,"turns":8.0},{"damage":41.0,"enemies":"Gremlin Nob","floor":6.0,"turns":5.0},{"damage":13.0,"enemies":"Lagavulin","floor":10.0,"turns":7.0},{"damage":3.0,"enemies":"Large Slime","floor":11.0,"turns":6.0},{"damage":16.0,"enemies":"3 Sentries","floor":13.0,"turns":5.0},{"damage":10.0,"enemies":"The Mushroom Lair","floor":14.0,"turns":4.0},{"damage":1.0,"enemies":"The Guardian","floor":16.0,"turns":13.0},{"damage":0.0,"enemies":"3 Byrds","floor":18.0,"turns":4.0},{"damage":22.0,"enemies":"2 Thieves","floor":24.0,"turns":4.0},{"damage":13.0,"enemies":"Book of Stabbing","floor":25.0,"turns":6.0},{"damage":19.0,"enemies":"3 Cultists","floor":27.0,"turns":4.0},{"damage":12.0,"enemies":"Centurion and Healer","floor":30.0,"turns":8.0},{"damage":21.0,"enemies":"Champ","floor":33.0,"turns":19.0},{"damage":0.0,"enemies":"Orb Walker","floor":35.0,"turns":4.0},{"damage":2.0,"enemies":"3 Shapes","floor":36.0,"turns":3.0},{"damage":47.0,"enemies":"3 Darklings","floor":38.0,"turns":5.0},{"damage":38.0,"enemies":"Transient","floor":41.0,"turns":6.0},{"damage":62,"enemies":"Giant Head","floor":44,"turns":6}],"seed_played":"-6074289851081243998","potions_obtained":[{"floor":1.0,"key":"Poison Potion"},{"floor":10.0,"key":"Dexterity Potion"},{"floor":11.0,"key":"EssenceOfSteel"},{"floor":16.0,"key":"Dexterity Potion"},{"floor":27.0,"key":"Ancient Potion"},{"floor":30.0,"key":"Energy Potion"},{"floor":38.0,"key":"FearPotion"},{"floor":41.0,"key":"Energy Potion"}],"is_trial":false,"path_per_floor":["M","$","?","M","M","E","R","?","T","E","M","R","E","?","R","B",null,"M","?","?","$","?","R","M","E","T","M","R","$","M","?","R","B",null,"M","M","T","M","?","R","M","?","T","E"],"character_chosen":"THE_SILENT","items_purchased":["Footwork"],"campfire_rested":2,"item_purchase_floors":[2],"current_hp_per_floor":[58,58,58,58,58,17,36,41,51,52,49,49,40,30,30,29,84,84,84,84,84,84,84,62,49,49,32,63,63,51,51,51,30,86,86,84,84,37,85,85,47,47,47,0],"gold":219,"neow_bonus":"UPGRADE_CARD","is_prod":false,"is_daily":false,"chose_seed":false,"campfire_upgraded":5,"win_rate":0,"timestamp":1564449794,"path_taken":["M","$","?","M","M","E","R","?","T","E","M","R","E","?","R","BOSS","M","?","?","?","?","R","M","E","T","?","R","$","M","?","R","BOSS","M","M","?","M","?","R","M","?","T","E"],"build_version":"2019-07-17","purchased_purges":2,"victory":false,"max_hp_per_floor":[66,66,66,66,66,66,66,71,81,95,95,95,102,102,102,102,102,102,102,102,102,102,102,102,102,102,104,104,104,104,104,104,104,104,104,104,104,104,85,85,85,85,85,85],"card_choices":[{"not_picked":["Calculated Gamble","Outmaneuver"],"picked":"Cloak And Dagger","floor":1.0},{"not_picked":["Underhanded Strike","Slice"],"picked":"Crippling Poison","floor":4.0},{"not_picked":["Dagger Throw","Bane"],"picked":"All Out Attack","floor":5.0},{"not_picked":["Dodge and Roll","Reflex"],"picked":"Deadly Poison","floor":6.0},{"not_picked":["Quick Slash","Burst"],"picked":"Cloak And Dagger","floor":10.0},{"not_picked":["Backflip","Blade Dance"],"picked":"Poisoned Stab","floor":11.0},{"not_picked":["Flying Knee","Blade Dance","Dagger Throw"],"picked":"SKIP","floor":13.0},{"not_picked":["Acrobatics","Poisoned Stab"],"picked":"Deflect","floor":14.0},{"not_picked":["Venomology","Grand Finale"],"picked":"A Thousand Cuts","floor":16.0},{"not_picked":["Distraction","Slice","Underhanded Strike"],"picked":"SKIP","floor":18.0},{"not_picked":["Flying Knee","Calculated Gamble"],"picked":"Dodge and Roll","floor":24.0},{"not_picked":["Outmaneuver","Terror"],"picked":"All Out Attack","floor":25.0},{"not_picked":["Quick Slash","Slice","Sucker Punch"],"picked":"Singing Bowl","floor":27.0},{"not_picked":["Dagger Throw","Outmaneuver"],"picked":"Cloak And Dagger","floor":30.0},{"not_picked":["Glass Knife","Unload"],"picked":"A Thousand Cuts","floor":33.0},{"not_picked":["Underhanded Strike","Crippling Poison+1"],"picked":"Dodge and Roll","floor":35.0},{"not_picked":["Prepared","Quick Slash","Deflect"],"picked":"SKIP","floor":36.0},{"not_picked":["Accuracy","Reflex"],"picked":"Backflip+1","floor":38.0},{"not_picked":["Flying Knee","Quick Slash","Tactician"],"picked":"SKIP","floor":41.0}],"player_experience":904603,"relics_obtained":[{"floor":6.0,"key":"Mercury Hourglass"},{"floor":9.0,"key":"Pear"},{"floor":10.0,"key":"Mango"},{"floor":13.0,"key":"Strawberry"},{"floor":14.0,"key":"Odd Mushroom"},{"floor":25.0,"key":"War Paint"},{"floor":26.0,"key":"Singing Bowl"}],"event_choices":[{"damage_healed":0.0,"max_hp_gain":0.0,"max_hp_loss":0.0,"gold_gain":0.0,"event_name":"Liars Game","player_choice":"Ignored","floor":3.0,"gold_loss":0.0,"damage_taken":0.0},{"damage_healed":0.0,"max_hp_gain":5.0,"max_hp_loss":0.0,"gold_gain":0.0,"event_name":"Big Fish","player_choice":"Donut","floor":8.0,"gold_loss":0.0,"damage_taken":0.0},{"damage_healed":0.0,"max_hp_gain":0.0,"max_hp_loss":0.0,"gold_gain":0.0,"event_name":"Mushrooms","player_choice":"Fought Mushrooms","floor":14.0,"gold_loss":0.0,"damage_taken":0.0},{"damage_healed":0.0,"max_hp_gain":0.0,"max_hp_loss":0.0,"gold_gain":0.0,"event_name":"Addict","player_choice":"Obtained Relic","floor":19.0,"gold_loss":85.0,"damage_taken":0.0,"relics_obtained":["Boot"]},{"damage_healed":0.0,"max_hp_gain":0.0,"max_hp_loss":0.0,"gold_gain":0.0,"event_name":"Ghosts","player_choice":"Ignored","floor":20.0,"gold_loss":0.0,"damage_taken":0.0},{"damage_healed":0.0,"max_hp_gain":0.0,"max_hp_loss":0.0,"gold_gain":0.0,"event_name":"The Library","player_choice":"Read","floor":22.0,"gold_loss":0.0,"damage_taken":0.0,"cards_obtained":["Footwork"]},{"damage_healed":0.0,"max_hp_gain":0.0,"max_hp_loss":0.0,"gold_gain":0.0,"event_name":"N\u0027loth","player_choice":"Traded Relic","floor":31.0,"relics_lost":["Singing Bowl"],"gold_loss":0.0,"damage_taken":0.0,"relics_obtained":["Nloth\u0027s Gift"]},{"damage_healed":85.0,"max_hp_gain":0.0,"max_hp_loss":19.0,"gold_gain":0.0,"event_name":"The Moai Head","player_choice":"Heal","floor":39.0,"gold_loss":0.0,"damage_taken":0.0},{"damage_healed":0.0,"max_hp_gain":0.0,"max_hp_loss":0.0,"gold_gain":0.0,"event_name":"Mysterious Sphere","player_choice":"Ignored","floor":42.0,"gold_loss":0.0,"damage_taken":0.0}],"is_beta":false,"boss_relics":[{"not_picked":["Coffee Dripper","Calling Bell"],"picked":"Cursed Key"},{"not_picked":["Velvet Choker","HoveringKite","Snecko Eye"]}],"items_purged_floors":[21,29],"is_endless":false,"potions_floor_spawned":[1,10,11,16,18,27,30,38,41],"killed_by":"Giant Head","ascension_level":18}