{"gold_per_floor":[119,138,152,169,169,169,169,169,214,5,280,280,318,331,331,331],"floor_reached":16,"playtime":571,"items_purged":["Defend_G"],"score":100,"play_id":"7e2810f8-833d-4811-b1ea-a57e3b17a5c8","local_time":"20190109054843","is_ascension_mode":false,"campfire_choices":[{"data":"Neutralize","floor":6,"key":"SMITH"},{"data":"Crippling Poison","floor":7,"key":"SMITH"},{"data":"Survivor","floor":8,"key":"SMITH"},{"floor":12,"key":"REST"},{"data":"Bullet Time","floor":15,"key":"SMITH"}],"neow_cost":"TEN_PERCENT_HP_LOSS","seed_source_timestamp":40679537719351,"circlet_count":0,"master_deck":["Defend_G","Defend_G","Defend_G","Defend_G","Strike_G","Strike_G","Strike_G","Strike_G","Strike_G","Survivor+1","Neutralize+1","Flying Knee","Quick Slash","Crippling Poison+1","Outmaneuver","Accuracy","Flying Knee","Regret","Bullet Time+1","Cloak And Dagger"],"relics":["Ring of the Snake","WingedGreaves","Golden Idol","Vajra","Centennial Puzzle"],"potions_floor_usage":[13,16],"damage_taken":[{"damage":0,"enemies":"2 Louse","floor":1,"turns":3},{"damage":0,"enemies":"Cultist","floor":2,"turns":3},{"damage":0,"enemies":"Jaw Worm","floor":3,"turns":4},{"damage":2,"enemies":"Looter","floor":4,"turns":3},{"damage":21,"enemies":"3 Sentries","floor":13,"turns":6},{"damage":6,"enemies":"3 Louse","floor":14,"turns":3},{"damage":43,"enemies":"Slime Boss","floor":16,"turns":6}],"seed_played":"-9101956771867679937","potions_obtained":[{"floor":1,"key":"SteroidPotion"},{"floor":4,"key":"SpeedPotion"}],"is_trial":false,"path_per_floor":["M","M","M","M","?","R","R","R","T","$","?","R","E","M","R","B"],"character_chosen":"THE_SILENT","items_purchased":["Outmaneuver","Accuracy","Flying Knee"],"campfire_rested":1,"item_purchase_floors":[10,10,10],"current_hp_per_floor":[63,63,63,61,46,46,46,46,46,46,46,63,42,36,36,0],"gold":331,"neow_bonus":"ONE_RARE_RELIC","is_prod":false,"is_daily":false,"chose_seed":false,"campfire_upgraded":4,"win_rate":0,"timestamp":1547000323,"path_taken":["M","M","M","M","?","R","R","R","T","$","?","R","E","?","R","BOSS"],"build_version":"2019-01-07","purchased_purges":1,"victory":false,"max_hp_per_floor":[63,63,63,63,63,63,63,63,63,63,63,63,63,63,63,63],"card_choices":[{"not_picked":["All Out Attack","Blur"],"picked":"Flying Knee","floor":1},{"not_picked":["Acrobatics","Storm of Steel"],"picked":"Quick Slash","floor":2},{"not_picked":["Predator","Dodge and Roll"],"picked":"Crippling Poison","floor":3},{"not_picked":["Reflex","Predator","Quick Slash"],"picked":"SKIP","floor":4},{"not_picked":["Acrobatics","Prepared"],"picked":"Bullet Time","floor":13},{"not_picked":["PiercingWail","Tactician"],"picked":"Cloak And Dagger","floor":14}],"player_experience":343172,"relics_obtained":[{"floor":9,"key":"Vajra"},{"floor":13,"key":"Centennial Puzzle"}],"event_choices":[{"damage_healed":0,"gold_gain":0,"player_choice":"Take Damage","damage_taken":15,"relics_obtained":["Golden Idol"],"max_hp_gain":0,"max_hp_loss":0,"event_name":"Golden Idol","floor":5,"gold_loss":0},{"damage_healed":0,"gold_gain":275,"player_choice":"Desecrate","damage_taken":0,"max_hp_gain":0,"max_hp_loss":0,"event_name":"Golden Shrine","floor":11,"gold_loss":0,"cards_obtained":["Regret"]}],"is_beta":true,"boss_relics":[],"items_purged_floors":[10],"is_endless":false,"potions_floor_spawned":[1,4],"killed_by":"Slime Boss","ascension_level":0}