{"path_per_floor":["M","?","M","M","?","R","M","M","T","E","M","?","R","M","R","B",null,"M","?"],"character_chosen":"THE_SILENT","items_purchased":[],"gold_per_floor":[11,11,25,35,35,35,51,68,68,93,113,77,77,92,92,192,192,182,282],"floor_reached":20,"campfire_rested":0,"playtime":1155,"current_hp_per_floor":[70,70,65,65,58,58,57,53,53,50,41,41,41,52,52,19,70,46,46],"items_purged":[],"gold":282,"play_id":"fa7fdc4e-71ca-4294-abe7-d75f02c1e97d","is_prod":false,"is_daily":false,"campfire_rituals":0,"campfire_upgraded":3,"is_hardmode":false,"path_taken":["M","?","M","M","?","R","M","M","T","E","M","?","R","M","R","BOSS","M","?","M"],"build_version":"2018-01-18-PROD4","purchased_purges":0,"victory":false,"master_deck":["Defend_G","Defend_G","Defend_G","Defend_G","Strike_G","Strike_G","Strike_G","Survivor","Neutralize","Infinite Blades","Choke","Noxious Fumes","Slice","Bullet Time","Underhanded Strike","Deflect","Backflip","A Thousand Cuts","Prepared"],"max_hp_per_floor":[70,70,70,70,70,70,70,70,70,70,70,70,70,70,70,70,70,70,70],"relics":["Ring of the Snake","Blood Vial","Regal Pillow","Philosopher\u0027s Stone"],"campfire_meditates":0,"card_choices":[{"not_picked":["Predator","Dagger Spray"],"picked":"Infinite Blades"},{"not_picked":["Eviscerate","Dagger Spray"],"picked":"Choke"},{"not_picked":["Finisher","Endless Agony"],"picked":"Noxious Fumes"},{"not_picked":["Dagger Throw","Blade Dance"],"picked":"Slice"},{"not_picked":["Dodge and Roll","Dagger Spray"],"picked":"Bullet Time"},{"not_picked":["Predator","Choke"],"picked":"Underhanded Strike"},{"not_picked":["All Out Attack","Leg Sweep"],"picked":"Deflect"},{"not_picked":["Deflect","Dodge and Roll"],"picked":"Backflip"},{"not_picked":["Wraith Form","Bullet Time"],"picked":"A Thousand Cuts"},{"not_picked":["Underhanded Strike","Escape Plan"],"picked":"Prepared"}],"player_experience":29547,"potions_floor_usage":[10,10,14,16],"damage_taken":[{"damage":0,"enemies":"Jaw Worm","floor":1,"turns":4},{"damage":5,"enemies":"Cultist","floor":3,"turns":4},{"damage":0,"enemies":"2 Louse","floor":4,"turns":3},{"damage":1,"enemies":"2 Fungi Beasts","floor":7,"turns":4},{"damage":4,"enemies":"Looter","floor":8,"turns":4},{"damage":5,"enemies":"Gremlin Nob","floor":10,"turns":3},{"damage":11,"enemies":"3 Louse","floor":11,"turns":5},{"damage":0,"enemies":"2 Fungi Beasts","floor":14,"turns":4},{"damage":35,"enemies":"Hexaghost","floor":16,"turns":13},{"damage":24,"enemies":"2 Thieves","floor":18,"turns":4},{"damage":48,"enemies":"3 Byrds","floor":20,"turns":4}],"event_choices":[{"event_name":"The Cleric","player_choice":"Leave","floor":2,"damage_taken":0},{"event_name":"Golden Wing","player_choice":"Card Removal","floor":5,"damage_taken":0},{"event_name":"World of Goop","player_choice":"Left","floor":12,"damage_taken":0},{"event_name":"Golden Shrine","player_choice":"Pray","floor":19,"damage_taken":0}],"boss_relics":[{"not_picked":["Question Card","Eternal Feather"],"picked":"Philosopher\u0027s Stone"}],"potions_floor_spawned":[1,7,10,11],"seed_played":"-2122278833776230800","killed_by":"3 Byrds","is_trial":false}