{"gold_per_floor":[113,113,113,131,131,165,41,70,70,70,86,86,413,432,432,529,529,548,463,463,432,19,47,47,47],"floor_reached":25,"playtime":1397,"items_purged":["Strike_G","Strike_G"],"score":275,"play_id":"985e745a-d08b-47a9-8d32-60283c076de9","local_time":"20190724215204","is_ascension_mode":true,"campfire_choices":[{"data":"Blur","floor":10,"key":"SMITH"},{"data":"Neutralize","floor":12,"key":"SMITH"},{"floor":15,"key":"REST"},{"floor":24,"key":"REST"}],"neow_cost":"NONE","seed_source_timestamp":3020377547918700,"circlet_count":0,"master_deck":["Strike_G","Strike_G","Defend_G","Defend_G","Defend_G","Defend_G","Defend_G","Survivor","Neutralize+1","Underhanded Strike+1","Blur+1","Dagger Throw","Purity","Blur","Bane","Deadly Poison","Poisoned Stab","Blur","Catalyst","Adrenaline","Outmaneuver","PiercingWail","After Image+1","Sadistic Nature+1","Deadly Poison","Bane"],"relics":["Ring of the Snake","NeowsBlessing","Calipers","Snake Skull","Ice Cream","Old Coin","Black Star","Ancient Tea Set","Frozen Egg 2","Regal Pillow","Shuriken"],"potions_floor_usage":[8,13,13,18,23],"damage_taken":[{"damage":0,"enemies":"Small Slimes","floor":1,"turns":1},{"damage":0,"enemies":"Jaw Worm","floor":4,"turns":1},{"damage":0,"enemies":"Gremlin Nob","floor":6,"turns":1},{"damage":30,"enemies":"3 Sentries","floor":8,"turns":12},{"damage":0,"enemies":"Cultist","floor":11,"turns":3},{"damage":8,"enemies":"Lagavulin","floor":13,"turns":4},{"damage":3,"enemies":"2 Fungi Beasts","floor":14,"turns":4},{"damage":11,"enemies":"Hexaghost","floor":16,"turns":9},{"damage":14,"enemies":"Spheric Guardian","floor":18,"turns":8},{"damage":24,"enemies":"2 Thieves","floor":21,"turns":5},{"damage":5,"enemies":"Book of Stabbing","floor":23,"turns":6},{"damage":63,"enemies":"Gremlin Leader","floor":25,"turns":8}],"seed_played":"6614217244284362511","potions_obtained":[{"floor":6,"key":"AttackPotion"},{"floor":8,"key":"GamblersBrew"},{"floor":11,"key":"Poison Potion"},{"floor":13,"key":"Ancient Potion"},{"floor":16,"key":"GhostInAJar"},{"floor":21,"key":"GhostInAJar"}],"is_trial":false,"path_per_floor":["M","?","?","M","?","E","$","E","T","R","M","R","E","M","R","B",null,"M","?","T","M","$","E","R","E"],"character_chosen":"THE_SILENT","items_purchased":["Bane","After Image+1","Sadistic Nature+1","Deadly Poison"],"campfire_rested":2,"item_purchase_floors":[7,22,22,22],"current_hp_per_floor":[70,70,63,63,63,63,63,33,33,33,33,33,25,22,43,32,70,56,56,56,32,32,27,63,0],"gold":47,"neow_bonus":"THREE_ENEMY_KILL","is_prod":false,"is_daily":false,"chose_seed":false,"campfire_upgraded":2,"win_rate":0,"timestamp":1564030324,"path_taken":["M","?","?","M","?","E","$","E","T","R","?","R","E","M","R","BOSS","M","?","?","M","?","E","R","E"],"build_version":"2019-07-17","purchased_purges":2,"victory":false,"max_hp_per_floor":[70,70,70,70,70,70,70,70,70,70,70,70,70,70,70,70,70,70,70,70,70,70,70,70,70],"card_choices":[{"not_picked":["Dagger Throw","Slice"],"picked":"Underhanded Strike","floor":1},{"not_picked":["Dagger Throw","Quick Slash"],"picked":"Blur","floor":4},{"not_picked":["Dash","Underhanded Strike"],"picked":"Blur","floor":6},{"not_picked":["Dagger Throw","Acrobatics"],"picked":"Deadly Poison","floor":8},{"not_picked":["Flying Knee","Predator"],"picked":"Poisoned Stab","floor":11},{"not_picked":["Storm of Steel","Blade Dance"],"picked":"Blur","floor":13},{"not_picked":["Underhanded Strike","Crippling Poison"],"picked":"Catalyst","floor":14},{"not_picked":["A Thousand Cuts","Grand Finale"],"picked":"Adrenaline","floor":16},{"not_picked":["Flying Knee","Blade Dance"],"picked":"Outmaneuver","floor":18},{"not_picked":["Outmaneuver+1","Blade Dance+1"],"picked":"PiercingWail","floor":21},{"not_picked":["Glass Knife","Escape Plan"],"picked":"Bane","floor":23}],"player_experience":75906,"relics_obtained":[{"floor":6,"key":"Calipers"},{"floor":8,"key":"Snake Skull"},{"floor":9,"key":"Ice Cream"},{"floor":13,"key":"Old Coin"},{"floor":20,"key":"Frozen Egg 2"},{"floor":23,"key":"Regal Pillow"},{"floor":23,"key":"Shuriken"}],"event_choices":[{"damage_healed":0,"gold_gain":0,"player_choice":"Grow","damage_taken":0,"max_hp_gain":0,"max_hp_loss":0,"event_name":"Living Wall","floor":2,"gold_loss":0,"cards_upgraded":["Underhanded Strike"]},{"cards_removed":["Strike_G"],"damage_healed":0,"gold_gain":0,"player_choice":"Card Removal","damage_taken":7,"max_hp_gain":0,"max_hp_loss":0,"event_name":"Golden Wing","floor":3,"gold_loss":0},{"damage_healed":0,"gold_gain":0,"player_choice":"2 cards matched","damage_taken":0,"max_hp_gain":0,"max_hp_loss":0,"event_name":"Match and Keep!","floor":5,"gold_loss":0,"cards_obtained":["Dagger Throw","Purity"]},{"damage_healed":0,"gold_gain":0,"player_choice":"Obtained Relic","damage_taken":0,"relics_obtained":["Ancient Tea Set"],"max_hp_gain":0,"max_hp_loss":0,"event_name":"Addict","floor":19,"gold_loss":85}],"is_beta":false,"boss_relics":[{"not_picked":["Philosopher\u0027s Stone","Velvet Choker"],"picked":"Black Star"}],"items_purged_floors":[7,22],"is_endless":false,"potions_floor_spawned":[6,8,11,13,16,21],"killed_by":"Gremlin Leader","ascension_level":1}