{"gold_per_floor":[116,132,144,63,138,138,148,148,172,190,190,36,36,47,47,149,149,169,169,94,68,88,88,104,124,151,170,170,170,185,185],"floor_reached":31,"playtime":979,"items_purged":[],"score":252,"play_id":"4a8f8904-d17a-404d-b382-eabf5e61d969","local_time":"20190701202634","is_ascension_mode":true,"campfire_choices":[{"data":"Defragment","floor":6,"key":"SMITH"},{"data":"Static Discharge","floor":8,"key":"SMITH"},{"floor":15,"key":"REST"},{"data":"Electrodynamics","floor":23,"key":"SMITH"}],"neow_cost":"NONE","seed_source_timestamp":359528293396300,"circlet_count":0,"master_deck":["Strike_B","Strike_B","Strike_B","Defend_B","Defend_B+1","Defend_B","Defend_B","Zap","Dualcast","Defragment+1","Static Discharge+1","Capacitor+1","Electrodynamics+1","Conserve Battery","Thunder Strike","Auto Shields+1","Defragment"],"relics":["Cracked Core","Happy Flower","DataDisk","Omamori","Potion Belt"],"potions_floor_usage":[],"damage_taken":[{"damage":0,"enemies":"Cultist","floor":1,"turns":4},{"damage":7,"enemies":"Small Slimes","floor":2,"turns":3},{"damage":9,"enemies":"2 Louse","floor":3,"turns":3},{"damage":10,"enemies":"2 Fungi Beasts","floor":7,"turns":3},{"damage":10,"enemies":"3 Louse","floor":10,"turns":3},{"damage":3,"enemies":"Exordium Wildlife","floor":14,"turns":3},{"damage":31,"enemies":"Hexaghost","floor":16,"turns":6},{"damage":26,"enemies":"2 Thieves","floor":18,"turns":3},{"damage":7,"enemies":"Chosen","floor":22,"turns":4},{"damage":20,"enemies":"Centurion and Healer","floor":24,"turns":4},{"damage":5,"enemies":"3 Cultists","floor":25,"turns":3},{"damage":21,"enemies":"Cultist and Chosen","floor":27,"turns":5},{"damage":10,"enemies":"Centurion and Healer","floor":30,"turns":3},{"damage":27,"enemies":"Snecko","floor":31,"turns":4}],"seed_played":"-9095728783473994483","potions_obtained":[{"floor":3,"key":"FearPotion"},{"floor":7,"key":"Fire Potion"},{"floor":16,"key":"Dexterity Potion"},{"floor":30,"key":"FocusPotion"}],"is_trial":false,"path_per_floor":["M","M","M","$","?","R","M","R","T","M","?","$","?","M","R","B",null,"M","?","?","$","M","R","M","M","T","M","$","?","M","M"],"character_chosen":"DEFECT","items_purchased":["Static Discharge","DataDisk","Conserve Battery"],"campfire_rested":1,"item_purchase_floors":[4,12,21],"current_hp_per_floor":[82,75,66,66,55,55,45,45,45,35,62,62,46,43,67,36,82,56,82,82,82,75,75,55,50,50,29,29,29,19,0],"gold":185,"neow_bonus":"TEN_PERCENT_HP_BONUS","is_prod":false,"is_daily":false,"chose_seed":false,"campfire_upgraded":3,"win_rate":0,"timestamp":1561994794,"path_taken":["M","?","M","$","?","R","M","R","T","M","?","$","?","M","R","BOSS","M","?","?","$","M","R","M","M","T","M","?","?","M","M"],"build_version":"2019-01-23","purchased_purges":0,"victory":false,"max_hp_per_floor":[82,82,82,82,82,82,82,82,82,82,82,82,82,82,82,82,82,82,82,82,82,82,82,82,82,82,82,82,82,82,82],"card_choices":[{"not_picked":["Sweeping Beam","Rip and Tear","Doom and Gloom"],"picked":"SKIP","floor":1},{"not_picked":["Streamline","Darkness"],"picked":"Defragment","floor":2},{"not_picked":["Hello World","Ball Lightning","Recycle"],"picked":"SKIP","floor":3},{"not_picked":["Genetic Algorithm","Heatsinks"],"picked":"Capacitor","floor":7},{"not_picked":["Stack","Chill","Barrage"],"picked":"SKIP","floor":10},{"not_picked":["Steam","Ball Lightning","Go for the Eyes"],"picked":"SKIP","floor":14},{"not_picked":["Buffer","Meteor Strike"],"picked":"Electrodynamics","floor":16},{"not_picked":["Compile Driver","Go for the Eyes+1","Barrage+1"],"picked":"SKIP","floor":18},{"not_picked":["Streamline+1","Darkness+1","Doom and Gloom+1"],"picked":"SKIP","floor":22},{"not_picked":["Scrape","Go for the Eyes"],"picked":"Thunder Strike","floor":24},{"not_picked":["Coolheaded+1","Redo"],"picked":"Auto Shields+1","floor":25},{"not_picked":["Stack+1","Capacitor","Sweeping Beam"],"picked":"SKIP","floor":27},{"not_picked":["Genetic Algorithm+1","Beam Cell"],"picked":"Defragment","floor":30}],"player_experience":82140,"relics_obtained":[{"floor":9,"key":"Happy Flower"},{"floor":26,"key":"Omamori"},{"floor":29,"key":"Potion Belt"}],"event_choices":[{"damage_healed":0,"gold_gain":75,"player_choice":"Gather Gold","damage_taken":11,"max_hp_gain":0,"max_hp_loss":0,"event_name":"World of Goop","floor":5,"gold_loss":0},{"damage_healed":27,"gold_gain":0,"player_choice":"Banana","damage_taken":0,"max_hp_gain":0,"max_hp_loss":0,"event_name":"Big Fish","floor":11,"gold_loss":0},{"damage_healed":0,"gold_gain":0,"player_choice":"Entered Light","damage_taken":16,"max_hp_gain":0,"max_hp_loss":0,"event_name":"Shining Light","floor":13,"gold_loss":0,"cards_upgraded":["Defend_B","Capacitor"]},{"damage_healed":27,"gold_gain":0,"player_choice":"Heal","damage_taken":0,"max_hp_gain":0,"max_hp_loss":0,"event_name":"The Library","floor":19,"gold_loss":0},{"cards_removed":["Strike_B"],"damage_healed":0,"gold_gain":0,"player_choice":"Gave Gold","damage_taken":0,"max_hp_gain":0,"max_hp_loss":0,"event_name":"Beggar","floor":20,"gold_loss":75},{"damage_healed":0,"gold_gain":0,"player_choice":"Relic","damage_taken":0,"max_hp_gain":0,"max_hp_loss":0,"event_name":"Wheel of Change","floor":29,"gold_loss":0}],"is_beta":false,"boss_relics":[{"not_picked":["Cursed Key","Astrolabe","Busted Crown"]}],"items_purged_floors":[],"is_endless":false,"potions_floor_spawned":[3,7,16,18,25,27,30],"killed_by":"Snecko","ascension_level":2}