{"gold_per_floor":[116,116,130,148,167,167,232,232,232,258,285,301,44,61,61,140,140,151,151,68,82,82,113,27,27,104,133,133,168,168,183,183,260,260,275,275,321,1,1],"floor_reached":39,"playtime":3375,"items_purged":[],"score":871,"play_id":"39cd1b23-6d51-4ad4-9f06-5eaeadce5019","local_time":"20190721120905","is_ascension_mode":true,"campfire_choices":[{"data":"Zap","floor":6.0,"key":"SMITH"},{"floor":8.0,"key":"REST"},{"data":"Defragment","floor":15.0,"key":"SMITH"},{"data":"Defragment","floor":25.0,"key":"SMITH"},{"floor":28.0,"key":"REST"},{"data":"Loop","floor":30.0,"key":"SMITH"},{"data":"Buffer","floor":32.0,"key":"SMITH"}],"neow_cost":"NONE","seed_source_timestamp":0,"circlet_count":0,"master_deck":["AscendersBane","Strike_B","Strike_B","Defend_B","Defend_B","Defend_B","Defend_B","Zap+1","Dualcast","Cold Snap","Gash","Hologram","Cold Snap","All For One","Ball Lightning","Buffer+1","Ball Lightning","Defragment+1","Go for the Eyes","Echo Form","Glacier","Steam","Sweeping Beam","Blizzard","Turbo","White Noise+1","Loop+1","Hello World+1","Defragment+1","Capacitor","Cold Snap+1","Core Surge","Gash","Echo Form","Steam Power","Steam+1","Storm"],"special_seed":0,"relics":["Cracked Core","Tiny Chest","Meat on the Bone","Odd Mushroom","Incense Burner","PreservedInsect","Orrery","Torii","Mummified Hand","Oddly Smooth Stone","Blue Candle","White Beast Statue","Gambling Chip","Bottled Tornado"],"potions_floor_usage":[],"damage_taken":[{"damage":4.0,"enemies":"Small Slimes","floor":1.0,"turns":4.0},{"damage":0.0,"enemies":"2 Louse","floor":3.0,"turns":4.0},{"damage":2.0,"enemies":"Jaw Worm","floor":4.0,"turns":4.0},{"damage":8.0,"enemies":"Large Slime","floor":5.0,"turns":6.0},{"damage":10.0,"enemies":"Lagavulin","floor":7.0,"turns":8.0},{"damage":23.0,"enemies":"The Mushroom Lair","floor":10.0,"turns":4.0},{"damage":18.0,"enemies":"Gremlin Nob","floor":11.0,"turns":4.0},{"damage":9.0,"enemies":"Looter","floor":12.0,"turns":3.0},{"damage":6.0,"enemies":"Blue Slaver","floor":14.0,"turns":5.0},{"damage":5.0,"enemies":"Hexaghost","floor":16.0,"turns":9.0},{"damage":20.0,"enemies":"3 Byrds","floor":18.0,"turns":6.0},{"damage":4.0,"enemies":"Chosen","floor":21.0,"turns":5.0},{"damage":37.0,"enemies":"Slavers","floor":23.0,"turns":5.0},{"damage":27.0,"enemies":"Book of Stabbing","floor":27.0,"turns":5.0},{"damage":6.0,"enemies":"Gremlin Leader","floor":29.0,"turns":6.0},{"damage":0.0,"enemies":"3 Cultists","floor":31.0,"turns":5.0},{"damage":19.0,"enemies":"Collector","floor":33.0,"turns":9.0},{"damage":24.0,"enemies":"3 Shapes","floor":35.0,"turns":4.0},{"damage":32.0,"enemies":"2 Orb Walkers","floor":37.0,"turns":7.0},{"damage":24,"enemies":"3 Darklings","floor":39,"turns":1}],"seed_played":"6578373458932625526","potions_obtained":[{"floor":1.0,"key":"SkillPotion"},{"floor":5.0,"key":"Ancient Potion"},{"floor":7.0,"key":"Strength Potion"},{"floor":16.0,"key":"Block Potion"},{"floor":18.0,"key":"AttackPotion"},{"floor":29.0,"key":"AttackPotion"},{"floor":31.0,"key":"AttackPotion"},{"floor":35.0,"key":"Dexterity Potion"},{"floor":37.0,"key":"Strength Potion"}],"is_trial":false,"path_per_floor":["M","?","M","M","M","R","E","R","T","?","E","M","$","M","R","B",null,"M","?","$","M","?","E","$","R","T","E","R","E","R","M","R","B",null,"M","?","?","$","M"],"character_chosen":"DEFECT","items_purchased":["Defragment","PreservedInsect","SkillPotion","Loop","Capacitor","Bottled Tornado","Storm"],"campfire_rested":2,"item_purchase_floors":[13,13,13,20,24,38,38],"current_hp_per_floor":[60,53,53,51,43,43,33,54,54,43,37,40,40,46,46,41,64,44,58,58,54,54,29,29,29,29,14,35,41,41,41,41,34,62,38,38,18,18,0],"gold":1,"neow_bonus":"REMOVE_CARD","is_prod":false,"is_daily":false,"chose_seed":false,"campfire_upgraded":5,"win_rate":0,"timestamp":1563736145,"path_taken":["M","?","M","M","M","R","E","R","T","?","E","?","$","M","R","BOSS","M","?","$","M","?","E","?","R","T","E","R","E","R","M","R","BOSS","M","?","?","$","M"],"build_version":"2019-07-17","purchased_purges":0,"victory":false,"max_hp_per_floor":[71,71,71,71,71,71,71,71,71,71,71,71,71,71,71,71,71,71,71,71,71,71,71,71,71,71,71,71,71,71,71,71,71,71,71,71,71,71,71],"card_choices":[{"not_picked":["Scrape","Coolheaded"],"picked":"Cold Snap","floor":1.0},{"not_picked":["Redo","Leap"],"picked":"Gash","floor":3.0},{"not_picked":["Steam","Force Field"],"picked":"Hologram","floor":4.0},{"not_picked":["Redo","Coolheaded"],"picked":"Cold Snap","floor":5.0},{"not_picked":["Capacitor","Ball Lightning"],"picked":"All For One","floor":7.0},{"not_picked":["Double Energy","Reinforced Body"],"picked":"Ball Lightning","floor":10.0},{"not_picked":["Force Field","Leap"],"picked":"Buffer","floor":11.0},{"not_picked":["Steam","Stack"],"picked":"Ball Lightning","floor":12.0},{"not_picked":["Force Field","Steam Power"],"picked":"Go for the Eyes","floor":14.0},{"not_picked":["Rainbow","Machine Learning"],"picked":"Echo Form","floor":16.0},{"not_picked":["Ball Lightning","Leap"],"picked":"Glacier","floor":17.0},{"not_picked":["Hologram","Barrage"],"picked":"Steam","floor":17.0},{"not_picked":["Aggregate","Chaos"],"picked":"Sweeping Beam","floor":17.0},{"not_picked":["Rebound","Steam"],"picked":"Blizzard","floor":17.0},{"not_picked":["Rebound","Aggregate"],"picked":"Turbo","floor":17.0},{"not_picked":["Leap","Compile Driver"],"picked":"White Noise+1","floor":18.0},{"not_picked":["Meteor Strike","Turbo"],"picked":"Hello World+1","floor":21.0},{"not_picked":["Barrage","Capacitor"],"picked":"Defragment","floor":23.0},{"not_picked":["Rebound","Stack+1"],"picked":"Cold Snap+1","floor":27.0},{"not_picked":["Genetic Algorithm","Force Field"],"picked":"Core Surge","floor":29.0},{"not_picked":["Sunder","Reinforced Body"],"picked":"Gash","floor":31.0},{"not_picked":["Core Surge","Hyperbeam"],"picked":"Echo Form","floor":33.0},{"not_picked":["Stack+1","Redo+1"],"picked":"Steam Power","floor":35.0},{"not_picked":["Darkness+1","White Noise"],"picked":"Steam+1","floor":37.0}],"player_experience":563492,"relics_obtained":[{"floor":7.0,"key":"Tiny Chest"},{"floor":9.0,"key":"Meat on the Bone"},{"floor":10.0,"key":"Odd Mushroom"},{"floor":11.0,"key":"Incense Burner"},{"floor":23.0,"key":"Torii"},{"floor":26.0,"key":"Mummified Hand"},{"floor":27.0,"key":"Oddly Smooth Stone"},{"floor":29.0,"key":"Blue Candle"},{"floor":37.0,"key":"Gambling Chip"}],"event_choices":[{"cards_removed":["Strike_B"],"damage_healed":0.0,"max_hp_gain":0.0,"max_hp_loss":0.0,"gold_gain":0.0,"event_name":"Golden Wing","player_choice":"Card Removal","floor":2.0,"gold_loss":0.0,"damage_taken":7.0},{"damage_healed":0.0,"max_hp_gain":0.0,"max_hp_loss":0.0,"gold_gain":0.0,"event_name":"Mushrooms","player_choice":"Fought Mushrooms","floor":10.0,"gold_loss":0.0,"damage_taken":0.0},{"damage_healed":14.0,"max_hp_gain":0.0,"max_hp_loss":0.0,"gold_gain":0.0,"event_name":"The Library","player_choice":"Heal","floor":19.0,"gold_loss":0.0,"damage_taken":0.0},{"damage_healed":0.0,"max_hp_gain":0.0,"max_hp_loss":0.0,"gold_gain":0.0,"event_name":"The Mausoleum","player_choice":"Ignored","floor":22.0,"gold_loss":0.0,"damage_taken":0.0},{"damage_healed":0.0,"max_hp_gain":0.0,"max_hp_loss":0.0,"gold_gain":0.0,"event_name":"Tomb of Lord Red Mask","player_choice":"Ignored","floor":36.0,"gold_loss":0.0,"damage_taken":0.0},{"damage_healed":0.0,"max_hp_gain":0.0,"max_hp_loss":0.0,"gold_gain":0.0,"event_name":"Mysterious Sphere","player_choice":"Fight","floor":37.0,"gold_loss":0.0,"damage_taken":0.0}],"is_beta":false,"boss_relics":[{"not_picked":["Cursed Key","Runic Dome"],"picked":"Orrery"},{"not_picked":["Pandora\u0027s Box","Lizard Tail"],"picked":"White Beast Statue"}],"items_purged_floors":[],"is_endless":false,"potions_floor_spawned":[1,5,7,16,18,29,31,35,37],"killed_by":"3 Darklings","ascension_level":18}