{"gold_per_floor":[109,34,34,44,63,63,78,78,78,94,94,111,127,140,140,243,243,231,248,23,23,23,48,48,48,75,94,106,106,106,51,51,148,148,161,20,37,37,56,56,56,86,98,110,122,464,476,517,529,541],"floor_reached":50,"playtime":2437,"items_purged":["Writhe","Defend_R"],"score":640,"play_id":"550b721a-2cd8-40a5-b1bd-664e031c9b97","local_time":"20190502002709","is_ascension_mode":false,"campfire_choices":[{"data":"Intimidate","floor":6.0,"key":"SMITH"},{"data":"Shrug It Off","floor":8.0,"key":"SMITH"},{"data":"Shrug It Off","floor":15.0,"key":"SMITH"},{"data":"Limit Break","floor":24.0,"key":"SMITH"},{"data":"Limit Break","floor":29.0,"key":"SMITH"},{"data":"Metallicize","floor":32.0,"key":"SMITH"},{"floor":40.0,"key":"REST"},{"floor":44.0,"key":"RECALL"},{"floor":47.0,"key":"REST"},{"floor":49.0,"key":"REST"}],"neow_cost":"CURSE","seed_source_timestamp":94809092824,"circlet_count":0,"master_deck":["Defend_R","Defend_R","Defend_R","Bash","Pommel Strike","Headbutt","Intimidate+1","Rage","Spot Weakness","Shrug It Off+1","Second Wind","Inflame","Shrug It Off+1","Limit Break+1","Power Through","Heavy Blade","Metallicize+1","Limit Break+1","Bite","Bite","Bite","Bite","Bite","Metallicize","Metallicize+1","Infernal Blade","Demon Form","Shockwave","Armaments+1","Madness","Madness","Flash of Steel","Dropkick+1","Infernal Blade+1","Dual Wield+1"],"special_seed":0,"relics":["Burning Blood","Prayer Wheel","Pantograph","Philosopher\u0027s Stone","Ornamental Fan","Pen Nib","Tiny Chest","Fusion Hammer","MawBank","Bird Faced Urn","Old Coin","Mummified Hand"],"potions_floor_usage":[],"damage_taken":[{"damage":5.0,"enemies":"Cultist","floor":1.0,"turns":4.0},{"damage":3.0,"enemies":"Jaw Worm","floor":4.0,"turns":4.0},{"damage":9.0,"enemies":"Small Slimes","floor":5.0,"turns":4.0},{"damage":1.0,"enemies":"Exordium Wildlife","floor":7.0,"turns":4.0},{"damage":19.0,"enemies":"Large Slime","floor":10.0,"turns":6.0},{"damage":0.0,"enemies":"Blue Slaver","floor":12.0,"turns":3.0},{"damage":0.0,"enemies":"Looter","floor":13.0,"turns":4.0},{"damage":6.0,"enemies":"3 Louse","floor":14.0,"turns":3.0},{"damage":73.0,"enemies":"Slime Boss","floor":16.0,"turns":15.0},{"damage":22.0,"enemies":"2 Thieves","floor":18.0,"turns":4.0},{"damage":18.0,"enemies":"3 Byrds","floor":19.0,"turns":3.0},{"damage":27.0,"enemies":"Gremlin Leader","floor":23.0,"turns":7.0},{"damage":22.0,"enemies":"Centurion and Healer","floor":27.0,"turns":6.0},{"damage":16.0,"enemies":"Snake Plant","floor":28.0,"turns":5.0},{"damage":21.0,"enemies":"Colosseum Slavers","floor":30.0,"turns":6.0},{"damage":33.0,"enemies":"Champ","floor":33.0,"turns":9.0},{"damage":0.0,"enemies":"3 Shapes","floor":35.0,"turns":6.0},{"damage":22.0,"enemies":"3 Darklings","floor":37.0,"turns":6.0},{"damage":19.0,"enemies":"Transient","floor":39.0,"turns":5.0},{"damage":10.0,"enemies":"Giant Head","floor":42.0,"turns":6.0},{"damage":47.0,"enemies":"Reptomancer","floor":46.0,"turns":6.0},{"damage":27.0,"enemies":"Nemesis","floor":48.0,"turns":7.0},{"damage":85,"enemies":"Awakened One","floor":50,"turns":9}],"seed_played":"4509416470419583021","potions_obtained":[{"floor":4.0,"key":"Ancient Potion"},{"floor":7.0,"key":"Regen Potion"},{"floor":10.0,"key":"Swift Potion"},{"floor":13.0,"key":"Regen Potion"},{"floor":16.0,"key":"LiquidBronze"},{"floor":19.0,"key":"Explosive Potion"},{"floor":27.0,"key":"Weak Potion"},{"floor":37.0,"key":"GamblersBrew"}],"is_trial":false,"path_per_floor":["M","$","?","M","M","R","M","R","T","M","?","M","M","M","R","B",null,"M","M","$","?","?","E","R","T","T","M","M","R","?","?","R","B",null,"M","$","M","?","M","R","?","E","T","R","?","E","R","E","R","B"],"character_chosen":"IRONCLAD","items_purchased":["Metallicize","Limit Break","Shockwave"],"campfire_rested":3,"item_purchase_floors":[20,20,36],"current_hp_per_floor":[80,80,80,80,77,77,80,80,80,67,60,66,72,72,72,28,80,64,52,52,52,43,53,53,53,53,51,49,49,44,44,44,50,61,61,61,53,45,40,58,58,59,59,59,59,34,52,44,61,0],"gold":541,"neow_bonus":"ONE_RARE_RELIC","is_prod":false,"is_daily":false,"chose_seed":false,"campfire_upgraded":6,"win_rate":0,"timestamp":1556744229,"path_taken":["M","?","?","M","M","R","M","R","T","?","?","M","M","M","R","BOSS","M","M","$","?","?","E","R","?","T","M","M","R","?","?","R","BOSS","M","$","M","?","M","R","?","E","T","R","?","E","R","E","R","BOSS"],"build_version":"2019-04-21","purchased_purges":2,"victory":false,"max_hp_per_floor":[80,80,80,80,80,80,80,80,80,80,80,80,80,80,80,80,80,80,80,80,56,61,61,61,61,61,61,61,61,61,61,61,61,61,61,61,61,61,61,61,61,61,61,61,61,61,61,61,61,61],"card_choices":[{"not_picked":["Havoc","Flex"],"picked":"Pommel Strike","floor":1.0},{"not_picked":["Combust","Pommel Strike"],"picked":"Headbutt","floor":1.0},{"not_picked":["Feel No Pain","Hemokinesis"],"picked":"Intimidate","floor":4.0},{"not_picked":["Flex","Warcry"],"picked":"Rage","floor":4.0},{"not_picked":["Ghostly Armor","True Grit"],"picked":"Spot Weakness","floor":5.0},{"not_picked":["Rampage","Warcry","Entrench"],"picked":"SKIP","floor":5.0},{"not_picked":["Twin Strike","Headbutt"],"picked":"Shrug It Off","floor":7.0},{"not_picked":["Anger","Headbutt","Blood for Blood"],"picked":"SKIP","floor":7.0},{"not_picked":["Havoc","Twin Strike","Flex"],"picked":"SKIP","floor":10.0},{"not_picked":["Burning Pact","Sentinel","Body Slam"],"picked":"SKIP","floor":10.0},{"not_picked":["Wild Strike","Armaments"],"picked":"Second Wind","floor":12.0},{"not_picked":["Body Slam","Clothesline","Sever Soul"],"picked":"SKIP","floor":12.0},{"not_picked":["Seeing Red","Immolate"],"picked":"Inflame","floor":13.0},{"not_picked":["True Grit","Dropkick","Iron Wave"],"picked":"SKIP","floor":13.0},{"not_picked":["Dropkick","Sword Boomerang"],"picked":"Shrug It Off","floor":14.0},{"not_picked":["Burning Pact","Wild Strike","Rupture"],"picked":"SKIP","floor":14.0},{"not_picked":["Reaper","Brutality"],"picked":"Limit Break","floor":16.0},{"not_picked":["True Grit+1","Perfected Strike"],"picked":"Power Through","floor":18.0},{"not_picked":["Pommel Strike","Warcry+1","Cleave"],"picked":"SKIP","floor":18.0},{"not_picked":["Body Slam","Dual Wield"],"picked":"Heavy Blade","floor":19.0},{"not_picked":["Bloodletting","Heavy Blade","Rampage"],"picked":"SKIP","floor":19.0},{"not_picked":["Flex","Perfected Strike+1"],"picked":"Metallicize","floor":23.0},{"not_picked":["Uppercut","Rage"],"picked":"Metallicize","floor":27.0},{"not_picked":["Twin Strike+1","Havoc","Dropkick+1"],"picked":"SKIP","floor":27.0},{"not_picked":["Shrug It Off","Sword Boomerang+1"],"picked":"Infernal Blade","floor":28.0},{"not_picked":["Spot Weakness","Clothesline","Rampage"],"picked":"SKIP","floor":28.0},{"not_picked":["Reaper","Fiend Fire"],"picked":"Demon Form","floor":33.0},{"not_picked":["Thunderclap+1","Cleave+1","Havoc"],"picked":"SKIP","floor":35.0},{"not_picked":["Power Through","Thunderclap","Perfected Strike+1"],"picked":"SKIP","floor":35.0},{"not_picked":["Shockwave+1","Feel No Pain"],"picked":"Armaments+1","floor":37.0},{"not_picked":["Warcry","True Grit","Sword Boomerang+1"],"picked":"SKIP","floor":37.0},{"not_picked":["Bloodletting","Uppercut","Limit Break"],"picked":"SKIP","floor":39.0},{"not_picked":["Sword Boomerang+1","Reckless Charge+1","Headbutt+1"],"picked":"SKIP","floor":39.0},{"not_picked":["Jack Of All Trades","Blind"],"picked":"Flash of Steel","floor":41.0},{"not_picked":["Power Through","Ghostly Armor"],"picked":"Dropkick+1","floor":42.0},{"not_picked":["True Grit","Rage+1"],"picked":"Infernal Blade+1","floor":46.0},{"not_picked":["Rage+1","Reckless Charge"],"picked":"Dual Wield+1","floor":48.0}],"player_experience":667442,"relics_obtained":[{"floor":9.0,"key":"Pantograph"},{"floor":23.0,"key":"Ornamental Fan"},{"floor":26.0,"key":"Pen Nib"},{"floor":42.0,"key":"MawBank"},{"floor":43.0,"key":"Bird Faced Urn"},{"floor":46.0,"key":"Old Coin"},{"floor":48.0,"key":"Mummified Hand"}],"event_choices":[{"damage_healed":0.0,"max_hp_gain":0.0,"max_hp_loss":0.0,"gold_gain":0.0,"event_name":"Match and Keep!","player_choice":"0 cards matched","floor":3.0,"gold_loss":0.0,"damage_taken":0.0,"cards_obtained":[]},{"cards_removed":["Strike_R"],"damage_healed":0.0,"max_hp_gain":0.0,"max_hp_loss":0.0,"gold_gain":0.0,"event_name":"Golden Wing","player_choice":"Card Removal","floor":11.0,"gold_loss":0.0,"damage_taken":7.0},{"damage_healed":0.0,"max_hp_gain":0.0,"max_hp_loss":24.0,"gold_gain":0.0,"event_name":"Vampires","player_choice":"Became a vampire","floor":21.0,"gold_loss":0.0,"damage_taken":0.0,"cards_obtained":["Bite","Bite","Bite","Bite","Bite"]},{"damage_healed":0.0,"max_hp_gain":5.0,"max_hp_loss":0.0,"gold_gain":0.0,"event_name":"Forgotten Altar","player_choice":"Shed Blood","floor":22.0,"gold_loss":0.0,"damage_taken":14.0},{"damage_healed":0.0,"max_hp_gain":0.0,"max_hp_loss":0.0,"gold_gain":0.0,"event_name":"Colosseum","player_choice":"Fight","floor":30.0,"gold_loss":0.0,"damage_taken":0.0},{"damage_healed":0.0,"max_hp_gain":0.0,"max_hp_loss":0.0,"gold_gain":0.0,"event_name":"Colosseum","player_choice":"Fled From Nobs","floor":30.0,"gold_loss":0.0,"damage_taken":0.0},{"damage_healed":0.0,"max_hp_gain":0.0,"max_hp_loss":0.0,"gold_gain":0.0,"event_name":"Addict","player_choice":"Obtained Relic","floor":31.0,"gold_loss":85.0,"damage_taken":0.0,"relics_obtained":["Tiny Chest"]},{"damage_healed":0.0,"max_hp_gain":0.0,"max_hp_loss":0.0,"gold_gain":0.0,"event_name":"Winding Halls","player_choice":"Embrace Madness","floor":38.0,"gold_loss":0.0,"damage_taken":8.0,"cards_obtained":["Madness","Madness"]},{"damage_healed":0.0,"max_hp_gain":0.0,"max_hp_loss":0.0,"gold_gain":0.0,"event_name":"SensoryStone","player_choice":"Memory 1","floor":41.0,"gold_loss":0.0,"damage_taken":0.0},{"damage_healed":0.0,"max_hp_gain":0.0,"max_hp_loss":0.0,"gold_gain":0.0,"event_name":"Upgrade Shrine","player_choice":"Upgraded","floor":45.0,"gold_loss":0.0,"damage_taken":0.0,"cards_upgraded":["Metallicize"]}],"is_beta":true,"boss_relics":[{"not_picked":["Coffee Dripper","White Beast Statue"],"picked":"Philosopher\u0027s Stone"},{"not_picked":["Runic Cube","Eternal Feather"],"picked":"Fusion Hammer"}],"items_purged_floors":[2,36],"is_endless":false,"potions_floor_spawned":[4,7,10,13,14,16,19,27,30,37],"killed_by":"Awakened One","ascension_level":0}