{"gold_per_floor":[111,127,127,52,52,82,95,95,95,127,139,153,153,168,168,241,241,253,178,197,222,202,202,202,202,202,232,69,96,96,112,112,188,188,207,51,63,113,132,132,147,159,211,211,229,243,253,253,253,253],"floor_reached":51,"playtime":5567,"items_purged":["Strike_G"],"score":1378,"play_id":"22be22bf-3c0b-488d-85e4-61cf52ce2c59","local_time":"20190730181744","is_ascension_mode":true,"campfire_choices":[{"data":"Cloak And Dagger","floor":8.0,"key":"SMITH"},{"data":"Neutralize","floor":13.0,"key":"SMITH"},{"data":"A Thousand Cuts","floor":15.0,"key":"SMITH"},{"data":"Footwork","floor":23.0,"key":"SMITH"},{"data":"Caltrops","floor":25.0,"key":"SMITH"},{"data":"Cloak And Dagger","floor":30.0,"key":"SMITH"},{"floor":32.0,"key":"REST"},{"floor":40.0,"key":"REST"},{"floor":44.0,"key":"REST"},{"floor":49.0,"key":"REST"}],"neow_cost":"NONE","seed_source_timestamp":1769283388548477,"circlet_count":0,"master_deck":["AscendersBane","Strike_G","Strike_G+1","Defend_G+1","Defend_G","Defend_G","Defend_G","Defend_G","Survivor","Neutralize+1","Finisher","Leg Sweep","Cloak And Dagger+1","Blur","Flying Knee","Cloak And Dagger+1","Dagger Throw","A Thousand Cuts+1","Malaise","Footwork+1","Caltrops+1","Cloak And Dagger","A Thousand Cuts","Sucker Punch+1","Glass Knife","Wraith Form v2","Infinite Blades","Finisher+1","Backstab+1","Cloak And Dagger+1","Accuracy","Skewer+1","Finisher","Terror","Footwork+1"],"special_seed":0,"relics":["Ring of the Snake","NeowsBlessing","Torii","Calipers","Ninja Scroll","Philosopher\u0027s Stone","Juzu Bracelet","Orichalcum","Anchor","Shuriken","Pocketwatch","WristBlade","Nunchaku","Boot"],"potions_floor_usage":[50,50],"damage_taken":[{"damage":0.0,"enemies":"Cultist","floor":1.0,"turns":1.0},{"damage":0.0,"enemies":"2 Louse","floor":2.0,"turns":1.0},{"damage":0.0,"enemies":"3 Sentries","floor":6.0,"turns":1.0},{"damage":1.0,"enemies":"Jaw Worm","floor":7.0,"turns":4.0},{"damage":23.0,"enemies":"Lagavulin","floor":10.0,"turns":7.0},{"damage":1.0,"enemies":"Exordium Wildlife","floor":11.0,"turns":2.0},{"damage":0.0,"enemies":"Large Slime","floor":12.0,"turns":4.0},{"damage":0.0,"enemies":"Gremlin Gang","floor":14.0,"turns":4.0},{"damage":7.0,"enemies":"The Guardian","floor":16.0,"turns":14.0},{"damage":0.0,"enemies":"3 Byrds","floor":18.0,"turns":5.0},{"damage":1.0,"enemies":"2 Thieves","floor":20.0,"turns":2.0},{"damage":9.0,"enemies":"Slavers","floor":27.0,"turns":4.0},{"damage":0.0,"enemies":"Book of Stabbing","floor":29.0,"turns":6.0},{"damage":9.0,"enemies":"Snecko","floor":31.0,"turns":4.0},{"damage":36.0,"enemies":"Champ","floor":33.0,"turns":9.0},{"damage":0.0,"enemies":"Orb Walker","floor":35.0,"turns":1.0},{"damage":0.0,"enemies":"3 Shapes","floor":37.0,"turns":4.0},{"damage":35.0,"enemies":"2 Orb Walkers","floor":38.0,"turns":4.0},{"damage":18.0,"enemies":"Maw","floor":39.0,"turns":7.0},{"damage":0.0,"enemies":"4 Shapes","floor":41.0,"turns":5.0},{"damage":1.0,"enemies":"Transient","floor":42.0,"turns":6.0},{"damage":1.0,"enemies":"Maw","floor":45.0,"turns":5.0},{"damage":0.0,"enemies":"3 Darklings","floor":46.0,"turns":2.0},{"damage":1.0,"enemies":"Spire Growth","floor":47.0,"turns":5.0},{"damage":23,"enemies":"Time Eater","floor":50,"turns":10}],"seed_played":"628941492717116903","potions_obtained":[{"floor":1.0,"key":"Block Potion"},{"floor":2.0,"key":"Block Potion"},{"floor":14.0,"key":"Strength Potion"},{"floor":16.0,"key":"SkillPotion"},{"floor":18.0,"key":"LiquidBronze"},{"floor":20.0,"key":"SpeedPotion"},{"floor":22.0,"key":"SteroidPotion"},{"floor":31.0,"key":"EssenceOfSteel"},{"floor":38.0,"key":"PowerPotion"}],"is_trial":false,"path_per_floor":["M","M","?","?","?","E","M","R","T","E","M","M","R","M","R","B",null,"M","?","M","T","?","R","?","R","T","E","$","E","R","M","R","B",null,"M","$","M","?","M","R","M","M","T","R","M","M","M","?","R","B",null],"character_chosen":"THE_SILENT","items_purchased":["A Thousand Cuts","Infinite Blades"],"campfire_rested":4,"item_purchase_floors":[28,36],"current_hp_per_floor":[59,59,39,39,44,44,43,43,43,20,19,19,19,19,19,12,56,56,56,55,55,55,55,55,55,55,46,46,46,46,37,58,22,59,59,59,59,24,6,27,27,26,26,47,46,46,45,45,66,43],"gold":253,"neow_bonus":"THREE_ENEMY_KILL","is_prod":false,"is_daily":false,"chose_seed":false,"campfire_upgraded":6,"win_rate":0,"timestamp":1564525064,"path_taken":["M","?","?","?","?","E","M","R","T","E","M","M","R","M","R","BOSS","M","?","M","?","?","R","?","R","T","E","$","E","R","M","R","BOSS","M","$","M","?","M","R","M","M","T","R","M","M","M","?","R","BOSS"],"build_version":"2019-07-17","purchased_purges":1,"victory":true,"max_hp_per_floor":[66,66,66,66,71,71,71,71,71,71,71,71,71,71,71,71,71,71,71,71,71,71,71,71,71,71,71,71,71,71,71,71,71,71,71,71,71,71,71,71,71,71,71,71,71,71,71,71,71,71],"card_choices":[{"not_picked":["Heel Hook","Blade Dance"],"picked":"Finisher","floor":1.0},{"not_picked":["Dagger Spray","Acrobatics"],"picked":"Leg Sweep","floor":2.0},{"not_picked":["Heel Hook","Slice"],"picked":"Cloak And Dagger","floor":6.0},{"not_picked":["Distraction","Slice"],"picked":"Blur","floor":7.0},{"not_picked":["Dodge and Roll","Deflect"],"picked":"Flying Knee","floor":10.0},{"not_picked":["Dagger Spray","PiercingWail"],"picked":"Cloak And Dagger","floor":11.0},{"not_picked":["Acrobatics","Crippling Poison"],"picked":"Dagger Throw","floor":12.0},{"not_picked":["Cloak And Dagger","Concentrate"],"picked":"A Thousand Cuts","floor":14.0},{"not_picked":["Venomology","Grand Finale"],"picked":"Malaise","floor":16.0},{"not_picked":["Prepared","Dagger Throw"],"picked":"Footwork","floor":18.0},{"not_picked":["Prepared","Flechettes"],"picked":"Caltrops","floor":20.0},{"not_picked":["Slice","Quick Slash"],"picked":"Cloak And Dagger","floor":27.0},{"not_picked":["Catalyst","Expertise"],"picked":"Sucker Punch+1","floor":29.0},{"not_picked":["Blade Dance","Flechettes"],"picked":"Glass Knife","floor":31.0},{"not_picked":["A Thousand Cuts","Unload"],"picked":"Wraith Form v2","floor":33.0},{"not_picked":["Slice","Outmaneuver","Choke"],"picked":"SKIP","floor":35.0},{"not_picked":["Distraction","Blur"],"picked":"Finisher+1","floor":37.0},{"not_picked":["Expertise","Dagger Spray"],"picked":"Backstab+1","floor":38.0},{"not_picked":["Dagger Throw","Backflip"],"picked":"Cloak And Dagger+1","floor":39.0},{"not_picked":["Deadly Poison","PiercingWail"],"picked":"Accuracy","floor":41.0},{"not_picked":["All Out Attack","Leg Sweep"],"picked":"Skewer+1","floor":42.0},{"not_picked":["Flying Knee","Outmaneuver","Setup+1"],"picked":"SKIP","floor":45.0},{"not_picked":["PiercingWail","Predator"],"picked":"Finisher","floor":46.0},{"not_picked":["Storm of Steel","Poisoned Stab"],"picked":"Terror","floor":47.0}],"player_experience":911790,"relics_obtained":[{"floor":6.0,"key":"Torii"},{"floor":9.0,"key":"Calipers"},{"floor":10.0,"key":"Ninja Scroll"},{"floor":21.0,"key":"Juzu Bracelet"},{"floor":26.0,"key":"Anchor"},{"floor":27.0,"key":"Shuriken"},{"floor":29.0,"key":"Pocketwatch"},{"floor":38.0,"key":"Nunchaku"},{"floor":43.0,"key":"Boot"}],"event_choices":[{"damage_healed":0.0,"max_hp_gain":0.0,"max_hp_loss":0.0,"gold_gain":0.0,"event_name":"Shining Light","player_choice":"Entered Light","floor":3.0,"gold_loss":0.0,"damage_taken":20.0,"cards_upgraded":["Defend_G","Strike_G"]},{"cards_removed":["Strike_G"],"damage_healed":0.0,"max_hp_gain":0.0,"max_hp_loss":0.0,"gold_gain":0.0,"event_name":"The Cleric","player_choice":"Card Removal","floor":4.0,"gold_loss":75.0,"damage_taken":0.0},{"damage_healed":0.0,"max_hp_gain":5.0,"max_hp_loss":0.0,"gold_gain":0.0,"event_name":"Big Fish","player_choice":"Donut","floor":5.0,"gold_loss":0.0,"damage_taken":0.0},{"cards_removed":["Strike_G"],"damage_healed":0.0,"max_hp_gain":0.0,"max_hp_loss":0.0,"gold_gain":0.0,"event_name":"Beggar","player_choice":"Gave Gold","floor":19.0,"gold_loss":75.0,"damage_taken":0.0},{"damage_healed":0.0,"max_hp_gain":0.0,"max_hp_loss":0.0,"gold_gain":0.0,"event_name":"The Woman in Blue","player_choice":"Bought 1 Potion","floor":22.0,"gold_loss":0.0,"damage_taken":0.0},{"damage_healed":0.0,"max_hp_gain":0.0,"max_hp_loss":0.0,"gold_gain":0.0,"event_name":"WeMeetAgain","player_choice":"Gave Potion","floor":24.0,"gold_loss":0.0,"damage_taken":0.0,"relics_obtained":["Orichalcum"]},{"damage_healed":0.0,"max_hp_gain":0.0,"max_hp_loss":0.0,"gold_gain":0.0,"event_name":"Mysterious Sphere","player_choice":"Fight","floor":38.0,"gold_loss":0.0,"damage_taken":0.0},{"damage_healed":0.0,"max_hp_gain":0.0,"max_hp_loss":0.0,"gold_gain":0.0,"event_name":"Duplicator","player_choice":"Copied","floor":48.0,"gold_loss":0.0,"damage_taken":0.0,"cards_obtained":["Footwork"]}],"is_beta":false,"boss_relics":[{"not_picked":["Astrolabe","Lizard Tail"],"picked":"Philosopher\u0027s Stone"},{"not_picked":["Cursed Key","Calling Bell"],"picked":"WristBlade"}],"items_purged_floors":[36],"is_endless":false,"potions_floor_spawned":[1,2,14,16,18,20,31,38,41,42,45],"ascension_level":18}