{"gold_per_floor":[214,10,24,36,36,64,64,89,89,89,104,124,141,172,172,246,246,261,280,205,120,131,165,57,57,111,111,126,153,153,70,70,147,147,160,79,79,96,113,113,27,27,52,62,62,95,115,11,11,11],"floor_reached":51,"playtime":6006,"items_purged":["Strike_R","Strike_R"],"score":1233,"play_id":"5e477d5c-f145-4177-b1f6-f3e0856170a0","local_time":"20190727211330","is_ascension_mode":true,"campfire_choices":[{"data":"Uppercut","floor":7.0,"key":"SMITH"},{"data":"Carnage","floor":10.0,"key":"SMITH"},{"data":"Inflame","floor":15.0,"key":"SMITH"},{"data":"Immolate","floor":25.0,"key":"SMITH"},{"data":"Metallicize","floor":27.0,"key":"SMITH"},{"data":"Dual Wield","floor":30.0,"key":"SMITH"},{"data":"Metallicize","floor":32.0,"key":"SMITH"},{"data":"Anger","floor":40.0,"key":"SMITH"},{"data":"Spot Weakness","floor":42.0,"key":"SMITH"},{"data":"True Grit","floor":49.0,"key":"SMITH"}],"neow_cost":"NONE","seed_source_timestamp":1519880767801771,"circlet_count":0,"master_deck":["AscendersBane","Strike_R","Strike_R","Strike_R","Defend_R","Defend_R","Defend_R+1","Defend_R+1","Bash","Metallicize+1","Anger+1","Uppercut+1","Inflame+1","Anger","Carnage+1","Pummel","Sword Boomerang","Dual Wield+1","Immolate+1","Shrug It Off","Armaments","Headbutt","Havoc+1","Metallicize+1","Demon Form","Shrug It Off","Flame Barrier","Shrug It Off+1","Spot Weakness+1","Battle Trance","Master of Strategy","Burning Pact","True Grit+1"],"special_seed":0,"relics":["Black Blood","Bag of Preparation","Pantograph","Happy Flower","Dodecahedron","Ornamental Fan","Incense Burner","Question Card","Orichalcum","Omamori","Cursed Key","Potion Belt","Smiling Mask"],"potions_floor_usage":[50,50,50],"damage_taken":[{"damage":7.0,"enemies":"Small Slimes","floor":1.0,"turns":4.0},{"damage":1.0,"enemies":"2 Louse","floor":3.0,"turns":3.0},{"damage":0.0,"enemies":"Cultist","floor":4.0,"turns":2.0},{"damage":17.0,"enemies":"Lagavulin","floor":6.0,"turns":7.0},{"damage":10.0,"enemies":"Gremlin Nob","floor":8.0,"turns":3.0},{"damage":13.0,"enemies":"3 Louse","floor":11.0,"turns":3.0},{"damage":5.0,"enemies":"Gremlin Gang","floor":12.0,"turns":4.0},{"damage":4.0,"enemies":"Lots of Slimes","floor":13.0,"turns":2.0},{"damage":7.0,"enemies":"Lagavulin","floor":14.0,"turns":5.0},{"damage":17.0,"enemies":"Hexaghost","floor":16.0,"turns":7.0},{"damage":2.0,"enemies":"3 Byrds","floor":18.0,"turns":4.0},{"damage":3.0,"enemies":"Chosen","floor":19.0,"turns":4.0},{"damage":17.0,"enemies":"Sentry and Sphere","floor":22.0,"turns":4.0},{"damage":30.0,"enemies":"Book of Stabbing","floor":23.0,"turns":5.0},{"damage":24.0,"enemies":"Snake Plant","floor":28.0,"turns":4.0},{"damage":25.0,"enemies":"Slavers","floor":29.0,"turns":4.0},{"damage":43.0,"enemies":"Champ","floor":33.0,"turns":9.0},{"damage":0.0,"enemies":"3 Shapes","floor":35.0,"turns":5.0},{"damage":0.0,"enemies":"Orb Walker","floor":38.0,"turns":3.0},{"damage":13.0,"enemies":"Transient","floor":39.0,"turns":5.0},{"damage":1.0,"enemies":"Sphere and 2 Shapes","floor":44.0,"turns":5.0},{"damage":30.0,"enemies":"Reptomancer","floor":46.0,"turns":5.0},{"damage":0.0,"enemies":"4 Shapes","floor":47.0,"turns":8.0},{"damage":68,"enemies":"Time Eater","floor":50,"turns":9}],"seed_played":"-7199489164187806666","potions_obtained":[{"floor":1.0,"key":"Weak Potion"},{"floor":6.0,"key":"PowerPotion"},{"floor":11.0,"key":"Explosive Potion"},{"floor":13.0,"key":"Strength Potion"},{"floor":16.0,"key":"Fire Potion"},{"floor":18.0,"key":"BloodPotion"},{"floor":29.0,"key":"Energy Potion"},{"floor":33.0,"key":"Poison Potion"},{"floor":35.0,"key":"GamblersBrew"},{"floor":37.0,"key":"Fruit Juice"},{"floor":37.0,"key":"SteroidPotion"},{"floor":47.0,"key":"LiquidBronze"}],"is_trial":false,"path_per_floor":["M","$","M","M","?","E","R","E","T","R","M","M","M","E","R","B",null,"M","M","$","?","M","E","?","R","T","R","M","E","R","$","R","B",null,"M","$","?","M","M","R","$","R","T","M","?","E","M","$","R","B",null],"character_chosen":"IRONCLAD","items_purchased":["Anger","Uppercut","Inflame","Metallicize","Flame Barrier","Spot Weakness","True Grit"],"campfire_rested":0,"item_purchase_floors":[2,2,2,31,36,41,48],"current_hp_per_floor":[67,67,72,75,52,41,41,37,37,37,30,31,33,32,32,46,68,75,75,75,75,68,66,66,66,66,66,52,37,37,37,37,29,64,74,74,79,80,77,77,77,77,77,80,80,60,70,70,70,22],"gold":11,"neow_bonus":"HUNDRED_GOLD","is_prod":false,"is_daily":false,"chose_seed":false,"campfire_upgraded":10,"win_rate":0,"timestamp":1564276410,"path_taken":["M","$","M","M","?","E","R","E","T","R","M","M","M","E","R","BOSS","M","M","$","?","M","E","?","R","T","R","?","E","R","$","R","BOSS","M","$","?","?","?","R","?","R","T","?","?","E","M","$","R","BOSS"],"build_version":"2019-07-17","purchased_purges":2,"victory":true,"max_hp_per_floor":[75,75,75,75,75,75,75,75,75,75,75,75,75,75,75,75,75,75,75,75,75,75,75,75,75,75,75,75,75,75,75,75,75,75,75,75,80,80,80,80,80,80,80,80,80,80,80,80,80,80],"card_choices":[{"not_picked":["Power Through","Fire Breathing"],"picked":"Metallicize","floor":1.0},{"not_picked":["Iron Wave","Twin Strike"],"picked":"Anger","floor":3.0},{"not_picked":["Body Slam","Clash","Clothesline"],"picked":"SKIP","floor":4.0},{"not_picked":["Wild Strike","Impervious"],"picked":"Carnage","floor":6.0},{"not_picked":["Infernal Blade","Perfected Strike"],"picked":"Pummel","floor":8.0},{"not_picked":["Thunderclap","Iron Wave"],"picked":"Sword Boomerang","floor":11.0},{"not_picked":["Anger","Cleave","Heavy Blade"],"picked":"SKIP","floor":12.0},{"not_picked":["Rage","Flex"],"picked":"Dual Wield","floor":13.0},{"not_picked":["Thunderclap","Cleave","Heavy Blade"],"picked":"SKIP","floor":14.0},{"not_picked":["Bludgeon","Barricade"],"picked":"Immolate","floor":16.0},{"not_picked":["Rupture","Sentinel","Body Slam+1"],"picked":"SKIP","floor":18.0},{"not_picked":["Body Slam","Wild Strike"],"picked":"Shrug It Off","floor":19.0},{"not_picked":["Twin Strike","Dual Wield"],"picked":"Armaments","floor":22.0},{"not_picked":["Heavy Blade","Warcry","Sword Boomerang"],"picked":"SKIP","floor":23.0},{"not_picked":["Wild Strike","Clash","Armaments"],"picked":"Headbutt","floor":28.0},{"not_picked":["Evolve","Flex","Sentinel"],"picked":"Havoc+1","floor":29.0},{"not_picked":["Impervious","Offering","Limit Break"],"picked":"Demon Form","floor":33.0},{"not_picked":["Perfected Strike+1","Heavy Blade","Body Slam"],"picked":"Shrug It Off","floor":35.0},{"not_picked":["Clothesline","Iron Wave+1","Thunderclap+1","Immolate"],"picked":"SKIP","floor":38.0},{"not_picked":["Evolve","Flex","Perfected Strike+1"],"picked":"Shrug It Off+1","floor":39.0},{"not_picked":["Flex+1","Pummel","Perfected Strike"],"picked":"Battle Trance","floor":44.0},{"not_picked":["Sadistic Nature","Panacea","Enlightenment"],"picked":"Master of Strategy","floor":45.0},{"not_picked":["Body Slam","Flex+1","Headbutt","Perfected Strike"],"picked":"SKIP","floor":46.0},{"not_picked":["Wild Strike","Headbutt+1","Infernal Blade"],"picked":"Burning Pact","floor":47.0}],"player_experience":844394,"relics_obtained":[{"floor":6.0,"key":"Bag of Preparation"},{"floor":8.0,"key":"Pantograph"},{"floor":9.0,"key":"Happy Flower"},{"floor":14.0,"key":"Dodecahedron"},{"floor":23.0,"key":"Incense Burner"},{"floor":26.0,"key":"Orichalcum"},{"floor":29.0,"key":"Omamori"},{"floor":43.0,"key":"Potion Belt"},{"floor":46.0,"key":"Smiling Mask"}],"event_choices":[{"damage_healed":0.0,"max_hp_gain":0.0,"max_hp_loss":0.0,"gold_gain":0.0,"event_name":"Shining Light","player_choice":"Entered Light","floor":5.0,"gold_loss":0.0,"damage_taken":23.0,"cards_upgraded":["Defend_R","Defend_R"]},{"damage_healed":0.0,"max_hp_gain":0.0,"max_hp_loss":0.0,"gold_gain":0.0,"event_name":"Addict","player_choice":"Obtained Relic","floor":21.0,"gold_loss":85.0,"damage_taken":0.0,"relics_obtained":["Ornamental Fan"]},{"damage_healed":0.0,"max_hp_gain":0.0,"max_hp_loss":0.0,"gold_gain":0.0,"event_name":"WeMeetAgain","player_choice":"Paid Gold","floor":24.0,"gold_loss":108.0,"damage_taken":0.0,"relics_obtained":["Question Card"]},{"damage_healed":0.0,"max_hp_gain":0.0,"max_hp_loss":0.0,"gold_gain":0.0,"event_name":"Lab","player_choice":"Got Potions","floor":37.0,"gold_loss":0.0,"damage_taken":0.0},{"damage_healed":0.0,"max_hp_gain":0.0,"max_hp_loss":0.0,"gold_gain":0.0,"event_name":"SensoryStone","player_choice":"Memory 1","floor":45.0,"gold_loss":0.0,"damage_taken":0.0}],"is_beta":false,"boss_relics":[{"not_picked":["Calling Bell","Lizard Tail"],"picked":"Black Blood"},{"not_picked":["Velvet Choker","Tiny House"],"picked":"Cursed Key"}],"items_purged_floors":[20,48],"is_endless":false,"potions_floor_spawned":[1,6,11,13,16,18,19,29,33,35,47],"ascension_level":16}