{"gold_per_floor":[110,26,26,36,55,55,74,101,174,185,215,225,225,238,238,238],"floor_reached":16,"playtime":551,"items_purged":[],"score":109,"play_id":"2d720cb8-70c2-4aa9-b3e9-222c4f012fbe","local_time":"20181226170137","is_ascension_mode":true,"campfire_choices":[{"data":"1","floor":6,"key":"LIFT"},{"data":"2","floor":15,"key":"LIFT"}],"neow_cost":"CURSE","seed_source_timestamp":178208347837980,"circlet_count":0,"master_deck":["Strike_R","Strike_R","Strike_R","Strike_R","Strike_R+1","Defend_R","Defend_R","Defend_R","Defend_R","Bash","Normality","Pommel Strike","Shockwave+1","Clash","Infernal Blade","Clash","Bloodletting","Shrug It Off","Clash","Flex"],"relics":["Burning Blood","Girya","Unceasing Top","Omamori","Ornamental Fan","Tiny Chest"],"potions_floor_usage":[5,8,8],"damage_taken":[{"damage":5,"enemies":"Cultist","floor":1,"turns":4},{"damage":3,"enemies":"Jaw Worm","floor":4,"turns":2},{"damage":0,"enemies":"Small Slimes","floor":5,"turns":2},{"damage":0,"enemies":"Looter","floor":7,"turns":2},{"damage":12,"enemies":"Lagavulin","floor":8,"turns":5},{"damage":12,"enemies":"Exordium Thugs","floor":10,"turns":4},{"damage":5,"enemies":"2 Fungi Beasts","floor":12,"turns":3},{"damage":10,"enemies":"Exordium Wildlife","floor":14,"turns":3},{"damage":50,"enemies":"Slime Boss","floor":16,"turns":8}],"seed_played":"5423022220033047798","potions_obtained":[{"floor":1,"key":"Explosive Potion"},{"floor":5,"key":"FearPotion"},{"floor":7,"key":"EssenceOfSteel"}],"is_trial":false,"path_per_floor":["M","$","T","M","M","R","M","E","T","M","?","M","?","M","R","B"],"character_chosen":"IRONCLAD","items_purchased":["Shockwave","Clash"],"campfire_rested":0,"item_purchase_floors":[2,2],"current_hp_per_floor":[80,80,80,80,80,80,80,74,74,68,68,69,53,49,49,0],"gold":238,"neow_bonus":"ONE_RARE_RELIC","is_prod":false,"is_daily":false,"chose_seed":false,"campfire_upgraded":0,"win_rate":0,"timestamp":1545831097,"path_taken":["M","$","?","M","M","R","M","E","T","M","?","M","?","M","R","BOSS"],"build_version":"2018-12-20","purchased_purges":0,"victory":false,"max_hp_per_floor":[80,80,80,80,80,80,80,80,80,80,80,80,80,80,80,80],"card_choices":[{"not_picked":["Sever Soul","Cleave"],"picked":"Pommel Strike","floor":1},{"not_picked":["Cleave","Perfected Strike"],"picked":"Infernal Blade","floor":4},{"not_picked":["Shockwave","Perfected Strike"],"picked":"Clash","floor":5},{"not_picked":["Clash","Exhume"],"picked":"Bloodletting","floor":7},{"not_picked":["Sentinel","Wild Strike"],"picked":"Shrug It Off","floor":8},{"not_picked":["Body Slam","Iron Wave","Sword Boomerang"],"picked":"SKIP","floor":10},{"not_picked":["Heavy Blade","Clothesline"],"picked":"Clash","floor":12},{"not_picked":["Ghostly Armor","Pommel Strike"],"picked":"Flex","floor":14}],"player_experience":244074,"relics_obtained":[{"floor":3,"key":"Unceasing Top"},{"floor":8,"key":"Omamori"},{"floor":9,"key":"Ornamental Fan"}],"event_choices":[{"damage_healed":0,"gold_gain":0,"player_choice":"Box","damage_taken":0,"relics_obtained":["Tiny Chest"],"max_hp_gain":0,"max_hp_loss":0,"event_name":"Big Fish","floor":11,"gold_loss":0,"cards_obtained":["Regret"]},{"damage_healed":0,"gold_gain":0,"player_choice":"Entered Light","damage_taken":16,"max_hp_gain":0,"max_hp_loss":0,"event_name":"Shining Light","floor":13,"gold_loss":0,"cards_upgraded":["Shockwave","Strike_R"]}],"is_beta":true,"boss_relics":[],"items_purged_floors":[],"is_endless":false,"potions_floor_spawned":[1,5,7],"killed_by":"Slime Boss","ascension_level":1}