{"gold_per_floor":[360,377,377,396,8,8,28,28,53,79,91,121,35,65,65,169,169,181,195,195,208,221,221,250,250,296,306,66,66,78,3,3,103,103,117,130,230,246,80,80,80,95,121,121,138,154,168,168,168,168,168,168,21,55,55],"floor_reached":55,"playtime":3301,"items_purged":["Strike_R"],"score":718,"play_id":"dd1a7cce-b02a-4790-abaf-ce0987aac7b3","local_time":"20190407164117","is_ascension_mode":false,"campfire_choices":[{"data":"Infernal Blade","floor":6.0,"key":"SMITH"},{"data":"Dual Wield","floor":8.0,"key":"SMITH"},{"data":"Shrug It Off","floor":15.0,"key":"SMITH"},{"data":"Offering","floor":23.0,"key":"SMITH"},{"floor":25.0,"key":"REST"},{"floor":32,"key":"REST"},{"data":"Havoc","floor":40,"key":"SMITH"},{"floor":44,"key":"RECALL"},{"floor":49,"key":"REST"},{"data":"Bandage Up","floor":52,"key":"SMITH"}],"neow_cost":"PERCENT_DAMAGE","seed_source_timestamp":3532712249668,"circlet_count":0,"master_deck":["Strike_R","Strike_R","Strike_R","Strike_R","Defend_R","Defend_R","Defend_R","Defend_R+1","Pommel Strike","Shrug It Off+1","Infernal Blade+1","Pummel","Dual Wield+1","Shockwave","Second Wind","Dramatic Entrance","Feel No Pain","Offering+1","Battle Trance","Infernal Blade+1","Bandage Up+1","Disarm","Offering+1","Inflame","Havoc+1","Sever Soul+1","Purity","Feel No Pain","Havoc+1","Havoc+1","Whirlwind+1"],"special_seed":0,"relics":["Burning Blood","Dead Branch","MawBank","Incense Burner","PreservedInsect","Sozu","Nilry\u0027s Codex","Bag of Preparation","Blood Vial","Black Star","Torii","War Paint","Lantern","Mercury Hourglass","Charon\u0027s Ashes"],"potions_floor_usage":[],"damage_taken":[{"damage":5.0,"enemies":"Cultist","floor":1.0,"turns":4.0},{"damage":6.0,"enemies":"Jaw Worm","floor":2.0,"turns":3.0},{"damage":0.0,"enemies":"2 Louse","floor":4.0,"turns":3.0},{"damage":2.0,"enemies":"Blue Slaver","floor":7.0,"turns":3.0},{"damage":1.0,"enemies":"3 Louse","floor":10.0,"turns":2.0},{"damage":13.0,"enemies":"Gremlin Gang","floor":12.0,"turns":4.0},{"damage":15.0,"enemies":"Gremlin Nob","floor":14.0,"turns":4.0},{"damage":7.0,"enemies":"Slime Boss","floor":16.0,"turns":10.0},{"damage":11.0,"enemies":"Spheric Guardian","floor":18.0,"turns":3.0},{"damage":6.0,"enemies":"Chosen","floor":19.0,"turns":3.0},{"damage":12.0,"enemies":"3 Cultists","floor":21.0,"turns":4.0},{"damage":9.0,"enemies":"Snecko","floor":22.0,"turns":3.0},{"damage":25.0,"enemies":"Book of Stabbing","floor":24.0,"turns":6.0},{"damage":6.0,"enemies":"Chosen and Byrds","floor":27.0,"turns":5.0},{"damage":9,"enemies":"Centurion and Healer","floor":30,"turns":4},{"damage":34,"enemies":"Champ","floor":33,"turns":10},{"damage":8,"enemies":"3 Darklings","floor":35,"turns":3},{"damage":9,"enemies":"3 Shapes","floor":36,"turns":4},{"damage":1,"enemies":"Mind Bloom Boss Battle","floor":37,"turns":4},{"damage":17,"enemies":"Transient","floor":38,"turns":5},{"damage":14,"enemies":"Writhing Mass","floor":42,"turns":6},{"damage":37,"enemies":"Spire Growth","floor":45,"turns":3},{"damage":12,"enemies":"Jaw Worm Horde","floor":46,"turns":3},{"damage":9,"enemies":"3 Darklings","floor":47,"turns":3},{"damage":15,"enemies":"Time Eater","floor":50,"turns":9},{"damage":38,"enemies":"Shield and Spear","floor":54,"turns":2},{"damage":62,"enemies":"The Heart","floor":55,"turns":9}],"seed_played":"125571263547868049","potions_obtained":[{"floor":10.0,"key":"SkillPotion"},{"floor":12.0,"key":"Strength Potion"},{"floor":14.0,"key":"GamblersBrew"},{"floor":16.0,"key":"EntropicBrew"}],"is_trial":false,"path_per_floor":["M","M","?","M","$","R","M","R","T","M","T","M","$","E","R","B",null,"M","M","?","M","M","R","E","R","T","M","$","?","M","$","R","B",null,"M","M","?","M","$","R","?","M","T","R","M","M","M","?","R","B",null,"R","$","E","B"],"character_chosen":"IRONCLAD","items_purchased":["Dead Branch","Pummel","Dramatic Entrance","Bandage Up","Blood Vial","Purity","Feel No Pain","Lantern"],"campfire_rested":3,"item_purchase_floors":[5,5,13,28,28,39,39,53],"current_hp_per_floor":[57,57,57,63,63,63,67,67,67,72,72,65,65,56,56,55,80,75,75,59,53,50,50,31,55,55,55,55,40,43,43,68,46,85,85,85,85,77,77,77,77,71,71,71,46,46,49,49,74,71,85,85,85,53,0],"gold":55,"neow_bonus":"TWO_FIFTY_GOLD","is_prod":false,"is_daily":false,"chose_seed":false,"campfire_upgraded":6,"win_rate":0,"timestamp":1554642677,"path_taken":["M","?","?","M","$","R","M","R","T","M","?","M","$","E","R","BOSS","M","M","?","M","M","R","E","R","T","M","$","?","M","$","R","BOSS","M","M","?","M","$","R","?","M","T","R","M","M","M","?","R","BOSS","R","$","E","BOSS"],"build_version":"2019-03-15","purchased_purges":1,"victory":false,"max_hp_per_floor":[80,80,80,80,80,80,80,80,80,80,80,80,80,80,80,80,80,80,80,80,80,80,80,80,80,80,80,80,85,85,85,85,85,85,85,85,85,85,85,85,85,85,85,85,85,85,85,85,85,85,85,85,85,85,85],"card_choices":[{"not_picked":["Warcry","Dual Wield"],"picked":"Pommel Strike","floor":1.0},{"not_picked":["Sword Boomerang","Body Slam"],"picked":"Shrug It Off","floor":2.0},{"not_picked":["Second Wind","Rupture"],"picked":"Infernal Blade","floor":4.0},{"not_picked":["Shockwave","Headbutt"],"picked":"Dual Wield","floor":7.0},{"not_picked":["Anger","Shrug It Off"],"picked":"Shockwave","floor":10.0},{"not_picked":["Clash","Thunderclap"],"picked":"Second Wind","floor":12.0},{"not_picked":["Body Slam","Pommel Strike"],"picked":"Feel No Pain","floor":14.0},{"not_picked":["Reaper","Fiend Fire"],"picked":"Offering","floor":16.0},{"not_picked":["Clash","Sword Boomerang","Rupture"],"picked":"SKIP","floor":18.0},{"not_picked":["Shockwave","Heavy Blade","Dropkick"],"picked":"SKIP","floor":19.0},{"not_picked":["Combust","Carnage","Hemokinesis"],"picked":"SKIP","floor":21.0},{"not_picked":["Warcry+1","Thunderclap"],"picked":"Battle Trance","floor":22.0},{"not_picked":["Bludgeon","Heavy Blade","Perfected Strike+1"],"picked":"SKIP","floor":24.0},{"not_picked":["Cleave","Perfected Strike"],"picked":"Infernal Blade+1","floor":27.0},{"not_picked":["Cleave","Sword Boomerang"],"picked":"Disarm","floor":30},{"not_picked":["Bludgeon","Reaper"],"picked":"Offering","floor":33},{"not_picked":["Searing Blow","Carnage+1"],"picked":"Inflame","floor":35},{"not_picked":["Wild Strike","Clash"],"picked":"Havoc","floor":36},{"not_picked":["Pummel","Clothesline"],"picked":"Sever Soul+1","floor":38},{"not_picked":["Iron Wave+1","Clash"],"picked":"Havoc+1","floor":42},{"not_picked":["Clothesline","Entrench+1"],"picked":"Havoc+1","floor":45},{"not_picked":["Warcry+1","Flex+1","Blood for Blood"],"picked":"SKIP","floor":46},{"not_picked":["Wild Strike","Searing Blow+1"],"picked":"Whirlwind+1","floor":47},{"not_picked":["Iron Wave","Dark Embrace","Twin Strike+1"],"picked":"SKIP","floor":54}],"player_experience":655875,"relics_obtained":[{"floor":9.0,"key":"MawBank"},{"floor":11.0,"key":"Incense Burner"},{"floor":14.0,"key":"PreservedInsect"},{"floor":20.0,"key":"Nilry\u0027s Codex"},{"floor":24.0,"key":"Bag of Preparation"},{"floor":37,"key":"Torii"},{"floor":43,"key":"War Paint"},{"floor":54,"key":"Mercury Hourglass"},{"floor":54,"key":"Charon\u0027s Ashes"}],"event_choices":[{"cards_removed":["Bash"],"damage_healed":0.0,"max_hp_gain":0.0,"max_hp_loss":0.0,"gold_gain":0.0,"event_name":"Living Wall","player_choice":"Forget","floor":3.0,"gold_loss":0.0,"damage_taken":0.0},{"damage_healed":0.0,"max_hp_gain":0.0,"max_hp_loss":0.0,"gold_gain":0.0,"event_name":"Cursed Tome","player_choice":"Obtained Book","floor":20.0,"gold_loss":0.0,"damage_taken":16.0},{"damage_healed":0.0,"max_hp_gain":5.0,"max_hp_loss":0.0,"gold_gain":0.0,"event_name":"Forgotten Altar","player_choice":"Shed Blood","floor":29.0,"gold_loss":0.0,"damage_taken":20.0},{"damage_healed":0,"gold_gain":0,"player_choice":"Fight","damage_taken":0,"max_hp_gain":0,"max_hp_loss":0,"event_name":"MindBloom","floor":37,"gold_loss":0},{"damage_healed":0,"gold_gain":0,"player_choice":"Memory 1","damage_taken":0,"max_hp_gain":0,"max_hp_loss":0,"event_name":"SensoryStone","floor":41,"gold_loss":0},{"damage_healed":0,"gold_gain":0,"player_choice":"Ignored","damage_taken":0,"max_hp_gain":0,"max_hp_loss":0,"event_name":"Transmorgrifier","floor":48,"gold_loss":0}],"is_beta":true,"boss_relics":[{"not_picked":["Mark of Pain","White Beast Statue"],"picked":"Sozu"},{"not_picked":["Snecko Eye","Runic Dome"],"picked":"Black Star"}],"items_purged_floors":[31],"is_endless":false,"potions_floor_spawned":[10,12,14,16,21,24,30,35,36,42],"killed_by":"The Heart","ascension_level":0}