{"gold_per_floor":[117,133,153,74,84,84,110,110,110,122,122,132,147,166,166,265,265,277,293,293,304,304,304,336,336,385,385,385,385,8,18,18,118,118,136,154,165,182,182,182,282,32,82,82,100,118,46,63,63,63,63,63,63,89,89],"floor_reached":55,"playtime":3040,"items_purged":["Defend_B","Strike_B"],"score":693,"play_id":"e87ea88b-495a-4c0e-b4cc-589b03170067","local_time":"20190130174311","is_ascension_mode":false,"campfire_choices":[{"data":"Seek","floor":6.0,"key":"SMITH"},{"data":"Echo Form","floor":8.0,"key":"SMITH"},{"data":"Redo","floor":11.0,"key":"SMITH"},{"data":"Static Discharge","floor":15.0,"key":"SMITH"},{"data":"Storm","floor":23.0,"key":"SMITH"},{"data":"Coolheaded","floor":25.0,"key":"SMITH"},{"data":"Dualcast","floor":27.0,"key":"SMITH"},{"data":"RitualDagger","floor":32.0,"key":"SMITH"},{"floor":40.0,"key":"RECALL"},{"floor":44.0,"key":"REST"},{"floor":49.0,"key":"REST"},{"floor":52.0,"key":"REST"}],"neow_cost":"NONE","seed_source_timestamp":0,"circlet_count":0,"master_deck":["Strike_B","Strike_B","Strike_B","Defend_B","Defend_B","Defend_B","Zap+1","Dualcast+1","Redo+1","BootSequence","Sweeping Beam","Seek+1","BootSequence","Echo Form+1","Darkness","Conserve Battery","Static Discharge+1","Leap","Core Surge","Conserve Battery","Storm+1","Coolheaded+1","Cold Snap","RitualDagger+1","Capacitor+1","Fission","Glacier+1","Self Repair+1","Turbo+1","Go for the Eyes+1","BootSequence+1","Parasite","Defragment","Capacitor","Doom and Gloom+1","Buffer"],"special_seed":0,"relics":["Cracked Core","Boot","Omamori","Calling Bell","Bronze Scales","Matryoshka","Du-Vu Doll","Symbiotic Virus","Regal Pillow","Art of War","Lantern","Oddly Smooth Stone","Fusion Hammer","Emotion Chip","Orichalcum","Pen Nib","Anchor"],"potions_floor_usage":[55,55],"damage_taken":[{"damage":2.0,"enemies":"2 Louse","floor":1.0,"turns":2.0},{"damage":1.0,"enemies":"Cultist","floor":2.0,"turns":3.0},{"damage":0.0,"enemies":"Small Slimes","floor":3.0,"turns":2.0},{"damage":0.0,"enemies":"3 Louse","floor":5.0,"turns":2.0},{"damage":16.0,"enemies":"Lagavulin","floor":7.0,"turns":8.0},{"damage":0.0,"enemies":"Looter","floor":10.0,"turns":4.0},{"damage":2.0,"enemies":"Blue Slaver","floor":12.0,"turns":3.0},{"damage":6.0,"enemies":"Gremlin Gang","floor":13.0,"turns":4.0},{"damage":0.0,"enemies":"Looter","floor":14.0,"turns":3.0},{"damage":20.0,"enemies":"The Guardian","floor":16.0,"turns":8.0},{"damage":7.0,"enemies":"Shell Parasite","floor":18.0,"turns":4.0},{"damage":3.0,"enemies":"Spheric Guardian","floor":19.0,"turns":3.0},{"damage":5.0,"enemies":"Snake Plant","floor":21.0,"turns":3.0},{"damage":20.0,"enemies":"Book of Stabbing","floor":24.0,"turns":4.0},{"damage":7.0,"enemies":"Sentry and Sphere","floor":31.0,"turns":4.0},{"damage":31.0,"enemies":"Automaton","floor":33.0,"turns":9.0},{"damage":14.0,"enemies":"3 Shapes","floor":35.0,"turns":4.0},{"damage":30.0,"enemies":"3 Darklings","floor":36.0,"turns":5.0},{"damage":18.0,"enemies":"Transient","floor":37.0,"turns":5.0},{"damage":12.0,"enemies":"4 Shapes","floor":38.0,"turns":6.0},{"damage":30.0,"enemies":"Mind Bloom Boss Battle","floor":41.0,"turns":5.0},{"damage":7.0,"enemies":"Writhing Mass","floor":45.0,"turns":8.0},{"damage":6.0,"enemies":"Spire Growth","floor":46.0,"turns":4.0},{"damage":12.0,"enemies":"Jaw Worm Horde","floor":48.0,"turns":4.0},{"damage":43.0,"enemies":"Time Eater","floor":50.0,"turns":12.0},{"damage":47.0,"enemies":"Shield and Spear","floor":54.0,"turns":5.0},{"damage":75,"enemies":"The Heart","floor":55,"turns":3}],"seed_played":"-7128689140928497302","potions_obtained":[{"floor":5.0,"key":"Block Potion"},{"floor":7.0,"key":"Strength Potion"},{"floor":10.0,"key":"GamblersBrew"},{"floor":13.0,"key":"SkillPotion"},{"floor":18.0,"key":"Fire Potion"},{"floor":19.0,"key":"SteroidPotion"},{"floor":21.0,"key":"Fire Potion"},{"floor":31.0,"key":"Strength Potion"},{"floor":35.0,"key":"Strength Potion"},{"floor":38.0,"key":"SneckoOil"},{"floor":45.0,"key":"Block Potion"},{"floor":54.0,"key":"Ancient Potion"}],"is_trial":false,"path_per_floor":["M","M","M","$","M","R","E","R","T","M","R","M","M","M","R","B",null,"M","M","?","M","?","R","E","R","T","R","?","?","$","M","R","B",null,"M","M","M","M","?","R","?","$","T","R","M","M","$","M","R","B",null,"R","$","E","B"],"character_chosen":"DEFECT","items_purchased":["Seek","Lantern","Oddly Smooth Stone","Orichalcum","Capacitor"],"campfire_rested":3,"item_purchase_floors":[4,30,30,42,47],"current_hp_per_floor":[73,72,72,72,72,72,56,56,56,56,56,54,48,48,48,28,75,68,65,65,60,60,60,40,40,40,40,65,59,59,52,52,21,75,61,31,23,21,66,66,46,46,46,66,66,60,60,58,66,33,66,66,66,39,0],"gold":89,"neow_bonus":"UPGRADE_CARD","is_prod":false,"is_daily":false,"chose_seed":false,"campfire_upgraded":8,"win_rate":0,"timestamp":1548857591,"path_taken":["M","M","M","$","M","R","E","R","T","M","R","M","M","M","R","BOSS","M","M","?","?","?","R","E","R","T","R","?","?","?","M","R","BOSS","M","?","M","M","?","R","?","$","T","R","M","M","?","M","R","BOSS","R","$","E","BOSS"],"build_version":"2019-01-23","purchased_purges":2,"victory":false,"max_hp_per_floor":[75,75,75,75,75,75,75,75,75,75,75,75,75,75,75,75,75,75,75,75,75,75,75,75,75,75,75,75,75,75,75,75,75,75,75,75,75,75,66,66,66,66,66,66,66,66,66,66,66,66,66,66,66,66,66],"card_choices":[{"not_picked":["Gash","Chaos"],"picked":"Redo","floor":1.0},{"not_picked":["Hologram","Barrage"],"picked":"BootSequence","floor":2.0},{"not_picked":["Streamline","Gash"],"picked":"Sweeping Beam","floor":3.0},{"not_picked":["Doom and Gloom","Aggregate"],"picked":"BootSequence","floor":5.0},{"not_picked":["Sweeping Beam","Gash"],"picked":"Echo Form","floor":7.0},{"not_picked":["Rebound","Streamline"],"picked":"Darkness","floor":10.0},{"not_picked":["Redo","Go for the Eyes"],"picked":"Conserve Battery","floor":12.0},{"not_picked":["Turbo","Redo"],"picked":"Static Discharge","floor":13.0},{"not_picked":["Go for the Eyes","Static Discharge"],"picked":"Leap","floor":14.0},{"not_picked":["Echo Form","Amplify"],"picked":"Core Surge","floor":16.0},{"not_picked":["Reinforced Body","Compile Driver"],"picked":"Conserve Battery","floor":18.0},{"not_picked":["White Noise","Tempest"],"picked":"Storm","floor":19.0},{"not_picked":["Hologram","Leap"],"picked":"Coolheaded","floor":21.0},{"not_picked":["Rip and Tear","Skim"],"picked":"Cold Snap","floor":24.0},{"not_picked":["Skim","Blizzard"],"picked":"Capacitor+1","floor":31.0},{"not_picked":["Seek","Multi-Cast"],"picked":"Fission","floor":33.0},{"not_picked":["Hologram+1","Beam Cell"],"picked":"Glacier+1","floor":35.0},{"not_picked":["Go for the Eyes","Tempest"],"picked":"Self Repair+1","floor":36.0},{"not_picked":["Force Field+1","Hello World"],"picked":"Turbo+1","floor":37.0},{"not_picked":["Streamline+1","Sweeping Beam"],"picked":"Go for the Eyes+1","floor":38.0},{"not_picked":["Leap+1","Gash"],"picked":"BootSequence+1","floor":41.0},{"not_picked":["Go for the Eyes+1","Rebound"],"picked":"Defragment","floor":45.0},{"not_picked":["Recycle","Creative AI","Steam"],"picked":"SKIP","floor":46.0},{"not_picked":["Rebound","Gash+1"],"picked":"Doom and Gloom+1","floor":48.0},{"not_picked":["Melter+1","White Noise+1"],"picked":"Buffer","floor":54.0}],"player_experience":496700,"relics_obtained":[{"floor":7.0,"key":"Boot"},{"floor":9.0,"key":"Omamori"},{"floor":17.0,"key":"Bronze Scales"},{"floor":17.0,"key":"Matryoshka"},{"floor":17.0,"key":"Du-Vu Doll"},{"floor":24.0,"key":"Symbiotic Virus"},{"floor":26.0,"key":"Regal Pillow"},{"floor":26.0,"key":"Art of War"},{"floor":41.0,"key":"Emotion Chip"},{"floor":43.0,"key":"Pen Nib"},{"floor":54.0,"key":"Anchor"}],"event_choices":[{"cards_removed":["Regret"],"damage_healed":0.0,"max_hp_gain":0.0,"max_hp_loss":0.0,"gold_gain":0.0,"event_name":"Purifier","player_choice":"Purged","floor":20.0,"gold_loss":0.0,"damage_taken":0.0},{"damage_healed":0.0,"max_hp_gain":0.0,"max_hp_loss":0.0,"gold_gain":0.0,"event_name":"Vampires","player_choice":"Ignored","floor":22.0,"gold_loss":0.0,"damage_taken":0.0},{"damage_healed":25.0,"max_hp_gain":0.0,"max_hp_loss":0.0,"gold_gain":0.0,"event_name":"The Library","player_choice":"Heal","floor":28.0,"gold_loss":0.0,"damage_taken":0.0},{"damage_healed":0.0,"max_hp_gain":0.0,"max_hp_loss":0.0,"gold_gain":0.0,"event_name":"Nest","player_choice":"Joined the Cult","floor":29.0,"gold_loss":0.0,"damage_taken":6.0,"cards_obtained":["RitualDagger"]},{"damage_healed":66.0,"max_hp_gain":0.0,"max_hp_loss":9.0,"gold_gain":0.0,"event_name":"The Moai Head","player_choice":"Heal","floor":39.0,"gold_loss":0.0,"damage_taken":0.0},{"damage_healed":0.0,"max_hp_gain":0.0,"max_hp_loss":0.0,"gold_gain":0.0,"event_name":"MindBloom","player_choice":"Fight","floor":41.0,"gold_loss":0.0,"damage_taken":0.0}],"is_beta":true,"boss_relics":[{"not_picked":["Velvet Choker","Coffee Dripper"],"picked":"Calling Bell"},{"not_picked":["Empty Cage","Eternal Feather"],"picked":"Fusion Hammer"}],"items_purged_floors":[30,42],"is_endless":false,"potions_floor_spawned":[5,7,10,13,18,19,21,31,35,38,45,54],"killed_by":"The Heart","ascension_level":0}