{"gold_per_floor":[111,111,22,197,209,234,234,249,275,71,89,106,117,152,152,152],"floor_reached":16,"playtime":1147,"items_purged":["Doubt"],"score":118,"play_id":"d7f16037-092f-4df4-97b7-ad9c127161f0","local_time":"20180707041717","is_ascension_mode":true,"campfire_choices":[{"floor":7,"key":"REST"},{"floor":15,"key":"REST"}],"neow_cost":"","seed_source_timestamp":0,"circlet_count":0,"master_deck":["Defend_G","Defend_G","Defend_G","Defend_G","Defend_G","Strike_G","Strike_G","Strike_G","Strike_G","Survivor","Neutralize","Expertise","Acrobatics","Endless Agony","Quick Slash","Underhanded Strike","Catalyst","Dash","Outmaneuver","Endless Agony","Crippling Poison","Infinite Blades","Deadly Poison"],"special_seed":0,"relics":["Ring of the Snake","Ancient Tea Set","Anchor","Oddly Smooth Stone"],"potions_floor_usage":[6,14,16,16],"damage_taken":[{"damage":8.0,"enemies":"Jaw Worm","floor":1.0,"turns":3.0},{"damage":2.0,"enemies":"Small Slimes","floor":5.0,"turns":5.0},{"damage":28,"enemies":"3 Sentries","floor":6,"turns":11},{"damage":1,"enemies":"2 Louse","floor":8,"turns":4},{"damage":5,"enemies":"Looter","floor":11,"turns":3},{"damage":12,"enemies":"Large Slime","floor":12,"turns":10},{"damage":2,"enemies":"Exordium Thugs","floor":13,"turns":5},{"damage":23,"enemies":"Lagavulin","floor":14,"turns":7},{"damage":24,"enemies":"The Guardian","floor":16,"turns":7}],"seed_played":"2653494557934809681","potions_obtained":[{"floor":1.0,"key":"SpeedPotion"},{"floor":5.0,"key":"LiquidBronze"},{"floor":13,"key":"Ancient Potion"},{"floor":14,"key":"Explosive Potion"}],"is_trial":false,"path_per_floor":["M","?","$","?","M","E","R","M","T","$","M","M","M","E","R"],"character_chosen":"THE_SILENT","items_purchased":["Acrobatics","Endless Agony","Dash","Outmaneuver"],"campfire_rested":2,"item_purchase_floors":[],"current_hp_per_floor":[62,55,55,55,53,25,46,45,45,45,40,28,26,3,24,0],"gold":152,"neow_bonus":"","is_prod":false,"is_daily":false,"chose_seed":false,"campfire_upgraded":0,"win_rate":0,"timestamp":1530951437,"path_taken":["M","?","$","?","?","E","R","M","T","?","M","M","M","E","R","BOSS"],"build_version":"2018-07-05","purchased_purges":1,"victory":false,"max_hp_per_floor":[70,70,70,70,70,70,70,70,70,70,70,70,70,70,70,70],"card_choices":[{"not_picked":["Dagger Spray","Predator"],"picked":"Expertise","floor":1.0},{"not_picked":["Dagger Throw","Sucker Punch"],"picked":"Quick Slash","floor":5.0},{"not_picked":["Dagger Spray","Flechettes"],"picked":"Underhanded Strike","floor":6},{"not_picked":["Bane","Quick Slash"],"picked":"Catalyst","floor":8},{"not_picked":["Unload","Distraction"],"picked":"Endless Agony","floor":11},{"not_picked":["Acrobatics","Accuracy"],"picked":"Crippling Poison","floor":12},{"not_picked":["Cloak And Dagger","Deflect"],"picked":"Infinite Blades","floor":13},{"not_picked":["Dodge and Roll","Sucker Punch"],"picked":"Deadly Poison","floor":14}],"player_experience":120245,"relics_obtained":[{"floor":6,"key":"Ancient Tea Set"},{"floor":9,"key":"Anchor"},{"floor":14,"key":"Oddly Smooth Stone"}],"event_choices":[{"event_name":"Golden Wing","player_choice":"Card Removal","floor":2.0,"damage_taken":0.0},{"event_name":"Liars Game","player_choice":"agreed","floor":4.0,"damage_taken":0.0}],"boss_relics":[],"items_purged_floors":[10],"is_endless":false,"potions_floor_spawned":[1,5,13,14],"killed_by":"The Guardian","ascension_level":1}