{"gold_per_floor":[116,116,116,17,92,92,124,143,166,166,183,196,196,210,210,210],"floor_reached":16,"playtime":420,"items_purged":["Regret"],"score":110,"play_id":"e41a0594-e227-4db7-8e31-b01e059b4106","local_time":"20190731201538","is_ascension_mode":true,"campfire_choices":[{"floor":6,"key":"REST"},{"floor":10,"key":"DIG"},{"floor":13,"key":"DIG"},{"data":"Armaments","floor":15,"key":"SMITH"}],"neow_cost":"PERCENT_DAMAGE","seed_source_timestamp":3620373784807700,"circlet_count":0,"master_deck":["Strike_R","Strike_R","Strike_R","Strike_R","Strike_R","Defend_R","Defend_R","Defend_R","Defend_R","Bash","Fiend Fire","Uppercut","Heavy Blade","Burning Pact","Reaper","Body Slam","Armaments+1"],"relics":["Burning Blood","PreservedInsect","Shovel","Sundial","Anchor","Matryoshka","Dodecahedron"],"potions_floor_usage":[7,16],"damage_taken":[{"damage":13,"enemies":"2 Louse","floor":1,"turns":2},{"damage":15,"enemies":"Gremlin Nob","floor":7,"turns":3},{"damage":9,"enemies":"Jaw Worm","floor":8,"turns":3},{"damage":3,"enemies":"Small Slimes","floor":11,"turns":3},{"damage":11,"enemies":"Looter","floor":12,"turns":3},{"damage":0,"enemies":"Red Slaver","floor":14,"turns":2},{"damage":49,"enemies":"The Guardian","floor":16,"turns":5}],"seed_played":"6726459702454075205","potions_obtained":[{"floor":1,"key":"PowerPotion"},{"floor":14,"key":"SkillPotion"}],"is_trial":false,"path_per_floor":["M","?","?","$","?","R","E","M","T","R","M","M","R","M","R","B"],"character_chosen":"IRONCLAD","items_purchased":["Heavy Blade"],"campfire_rested":1,"item_purchase_floors":[4],"current_hp_per_floor":[49,37,37,37,26,50,41,38,38,38,41,40,40,46,46,0],"gold":210,"neow_bonus":"THREE_RARE_CARDS","is_prod":false,"is_daily":false,"chose_seed":false,"campfire_upgraded":1,"win_rate":0,"timestamp":1564629338,"path_taken":["M","?","?","?","?","R","E","M","T","R","M","M","R","M","R","BOSS"],"build_version":"2019-07-17","purchased_purges":1,"victory":false,"max_hp_per_floor":[80,80,80,80,80,80,80,80,80,80,80,80,80,80,80,80],"card_choices":[{"not_picked":["Berserk","Exhume"],"picked":"Fiend Fire","floor":0},{"not_picked":["Blood for Blood","Rampage"],"picked":"Uppercut","floor":1},{"not_picked":["Rampage","Double Tap"],"picked":"Burning Pact","floor":7},{"not_picked":["Anger","Headbutt","Twin Strike"],"picked":"SKIP","floor":8},{"not_picked":["Feel No Pain","Headbutt"],"picked":"Reaper","floor":11},{"not_picked":["Burning Pact","Thunderclap"],"picked":"Body Slam","floor":12},{"not_picked":["Perfected Strike","Headbutt"],"picked":"Armaments","floor":14}],"player_experience":105156,"relics_obtained":[{"floor":7,"key":"Sundial"},{"floor":9,"key":"Anchor"},{"floor":10,"key":"Matryoshka"},{"floor":13,"key":"Dodecahedron"}],"event_choices":[{"damage_healed":0,"gold_gain":0,"player_choice":"Success","damage_taken":12,"relics_obtained":["PreservedInsect"],"max_hp_gain":0,"max_hp_loss":0,"event_name":"Scrap Ooze","floor":2,"gold_loss":0},{"damage_healed":0,"gold_gain":0,"player_choice":"Box","damage_taken":0,"relics_obtained":["Shovel"],"max_hp_gain":0,"max_hp_loss":0,"event_name":"Big Fish","floor":3,"gold_loss":0,"cards_obtained":["Regret"]},{"damage_healed":0,"gold_gain":75,"player_choice":"Gather Gold","damage_taken":11,"max_hp_gain":0,"max_hp_loss":0,"event_name":"World of Goop","floor":5,"gold_loss":0}],"is_beta":false,"boss_relics":[],"items_purged_floors":[4],"is_endless":false,"potions_floor_spawned":[1,14],"killed_by":"The Guardian","ascension_level":2}