{"gold_per_floor":[117,117,134,149,27,27,55,55,55,86,96,112,112,142,142,242,242,258,258,271,284,184,215,215,42,42,53,153,153,170,185,185,284,284,299,299,299,317,93,93,105,105,105,34,34,34,47,47,47,47],"floor_reached":51,"playtime":2553,"items_purged":["Strike_R","Strike_R","Strike_R","Strike_R"],"score":700,"play_id":"045d57e0-9a69-4fe4-bcd5-a7d50cd46866","local_time":"20190630010009","is_ascension_mode":false,"campfire_choices":[{"data":"Flex","floor":6.0,"key":"SMITH"},{"data":"Flex","floor":8.0,"key":"SMITH"},{"data":"Shrug It Off","floor":15,"key":"SMITH"},{"data":"Double Tap","floor":24,"key":"SMITH"},{"data":"Flex","floor":29,"key":"SMITH"},{"floor":32,"key":"REST"},{"data":"Double Tap","floor":40,"key":"SMITH"},{"data":"J.A.X.","floor":42,"key":"SMITH"},{"data":"Bash","floor":46,"key":"SMITH"},{"data":"Defend_R","floor":49,"key":"SMITH"}],"neow_cost":"NONE","seed_source_timestamp":201531579672400,"circlet_count":0,"master_deck":["Strike_R","Defend_R","Defend_R","Defend_R","Defend_R+1","Bash+1","Shrug It Off+1","Flex+1","Flex+1","Inflame+1","Twin Strike+1","Sword Boomerang+1","Sword Boomerang+1","Double Tap+1","Heavy Blade+1","J.A.X.+1","Heavy Blade+1","Sword Boomerang+1","Inflame+1","Flex+1","Reaper+1","Double Tap+1","Whirlwind+1"],"special_seed":0,"relics":["Black Blood","Odd Mushroom","Gremlin Horn","Molten Egg 2","Darkstone Periapt","Eternal Feather","Mummified Hand","Shuriken","WingedGreaves","Bag of Preparation"],"potions_floor_usage":[],"damage_taken":[{"damage":1.0,"enemies":"Jaw Worm","floor":1.0,"turns":3.0},{"damage":5.0,"enemies":"2 Louse","floor":3.0,"turns":3.0},{"damage":0.0,"enemies":"Small Slimes","floor":4.0,"turns":3.0},{"damage":34.0,"enemies":"The Mushroom Lair","floor":7.0,"turns":6.0},{"damage":22.0,"enemies":"3 Sentries","floor":10.0,"turns":9.0},{"damage":0.0,"enemies":"Exordium Thugs","floor":11.0,"turns":3.0},{"damage":2.0,"enemies":"Blue Slaver","floor":12.0,"turns":2.0},{"damage":0.0,"enemies":"Lagavulin","floor":14.0,"turns":4.0},{"damage":34,"enemies":"The Guardian","floor":16,"turns":8},{"damage":8,"enemies":"3 Byrds","floor":18,"turns":4},{"damage":8,"enemies":"Shell Parasite","floor":20,"turns":3},{"damage":8,"enemies":"Cultist and Chosen","floor":21,"turns":3},{"damage":44,"enemies":"Slavers","floor":23,"turns":3},{"damage":13,"enemies":"Shelled Parasite and Fungi","floor":27,"turns":3},{"damage":8,"enemies":"Chosen and Byrds","floor":30,"turns":3},{"damage":19,"enemies":"Centurion and Healer","floor":31,"turns":3},{"damage":44,"enemies":"Champ","floor":33,"turns":6},{"damage":18,"enemies":"Orb Walker","floor":35,"turns":2},{"damage":19,"enemies":"3 Shapes","floor":38,"turns":3},{"damage":30,"enemies":"Spire Growth","floor":41,"turns":4},{"damage":6,"enemies":"Transient","floor":47,"turns":5},{"damage":83,"enemies":"Donu and Deca","floor":50,"turns":6}],"seed_played":"-9200591925170617057","potions_obtained":[{"floor":4.0,"key":"AttackPotion"},{"floor":11.0,"key":"Explosive Potion"},{"floor":12.0,"key":"Energy Potion"},{"floor":38,"key":"Fire Potion"}],"is_trial":false,"path_per_floor":["M","?","M","M","$","R","?","R","T","E","M","M","?","E","R","B",null,"M","?","M","M","$","E","R","$","T","M","?","R","M","M","R","B",null,"M","?","?","M","$","R","M","R","T","$","?","R","M","?","R","B",null],"character_chosen":"IRONCLAD","items_purchased":["Flex","Flex","Double Tap","Whirlwind+1"],"campfire_rested":1,"item_purchase_floors":[5,25,39,44],"current_hp_per_floor":[88,93,93,93,93,93,65,65,65,49,55,59,59,65,65,37,93,91,91,89,87,87,49,61,61,61,54,54,66,64,51,90,52,93,93,88,88,79,79,88,68,80,80,80,80,88,88,88,88,53],"gold":47,"neow_bonus":"TEN_PERCENT_HP_BONUS","is_prod":false,"is_daily":false,"chose_seed":false,"campfire_upgraded":9,"win_rate":0.0,"timestamp":1561838409,"path_taken":["M","?","M","M","$","R","?","R","T","E","M","M","?","E","R","BOSS","M","?","M","M","$","E","R","$","T","M","?","R","?","M","R","BOSS","M","?","?","M","$","R","?","R","T","$","?","R","M","?","R","BOSS"],"build_version":"2019-01-23","purchased_purges":4,"victory":true,"max_hp_per_floor":[88,93,93,93,93,93,93,93,93,93,93,93,93,93,93,93,93,93,93,93,93,93,93,93,93,93,93,93,93,93,93,93,93,93,93,88,88,88,88,88,88,88,88,88,88,88,88,88,88,88],"card_choices":[{"not_picked":["Perfected Strike","Havoc"],"picked":"Shrug It Off","floor":1.0},{"not_picked":["Sever Soul","Warcry","Iron Wave"],"picked":"SKIP","floor":3.0},{"not_picked":["Headbutt","Twin Strike"],"picked":"Flex","floor":4.0},{"not_picked":["Feel No Pain","Havoc"],"picked":"Inflame","floor":7.0},{"not_picked":["True Grit","Clothesline"],"picked":"Twin Strike","floor":10.0},{"not_picked":["True Grit","Metallicize"],"picked":"Sword Boomerang+1","floor":11.0},{"not_picked":["Headbutt+1","Uppercut+1"],"picked":"Sword Boomerang+1","floor":12.0},{"not_picked":["Pommel Strike+1","Carnage+1","Twin Strike+1"],"picked":"SKIP","floor":14.0},{"not_picked":["Barricade","Bludgeon+1"],"picked":"Double Tap","floor":16},{"not_picked":["Twin Strike+1","True Grit"],"picked":"Heavy Blade+1","floor":18},{"not_picked":["Shrug It Off","Entrench"],"picked":"Heavy Blade+1","floor":20},{"not_picked":["Thunderclap+1","Body Slam+1"],"picked":"Sword Boomerang+1","floor":21},{"not_picked":["Heavy Blade+1","Searing Blow+1"],"picked":"Inflame+1","floor":23},{"not_picked":["Clash+1","Immolate+1","Iron Wave+1"],"picked":"SKIP","floor":27},{"not_picked":["Feel No Pain","Clash+1","Flex"],"picked":"SKIP","floor":30},{"not_picked":["Dual Wield","Headbutt+1","Flex"],"picked":"SKIP","floor":31},{"not_picked":["Offering","Feed+1"],"picked":"Reaper+1","floor":33},{"not_picked":["Warcry","Carnage+1","Wild Strike+1"],"picked":"SKIP","floor":35},{"not_picked":["Cleave+1","Thunderclap+1","Dropkick+1"],"picked":"SKIP","floor":38},{"not_picked":["Armaments+1","Metallicize","Anger+1"],"picked":"SKIP","floor":41},{"not_picked":["Fiend Fire+1","Perfected Strike+1","Bloodletting+1"],"picked":"SKIP","floor":47}],"player_experience":61750,"relics_obtained":[{"floor":7.0,"key":"Odd Mushroom"},{"floor":9.0,"key":"Gremlin Horn"},{"floor":10.0,"key":"Molten Egg 2"},{"floor":14.0,"key":"Darkstone Periapt"},{"floor":23,"key":"Mummified Hand"},{"floor":26,"key":"Shuriken"},{"floor":43,"key":"Bag of Preparation"}],"event_choices":[{"damage_healed":0.0,"max_hp_gain":5.0,"max_hp_loss":0.0,"gold_gain":0.0,"event_name":"Big Fish","player_choice":"Donut","floor":2.0,"gold_loss":0.0,"damage_taken":0.0},{"damage_healed":0.0,"max_hp_gain":0.0,"max_hp_loss":0.0,"gold_gain":0.0,"event_name":"Mushrooms","player_choice":"Fought Mushrooms","floor":7.0,"gold_loss":0.0,"damage_taken":0.0},{"damage_healed":0.0,"max_hp_gain":0.0,"max_hp_loss":0.0,"gold_gain":0.0,"event_name":"Accursed Blacksmith","player_choice":"Forge","floor":13.0,"gold_loss":0.0,"damage_taken":0.0,"cards_upgraded":["Inflame"]},{"damage_healed":0,"gold_gain":0,"player_choice":"Obtain J.A.X.","damage_taken":0,"max_hp_gain":0,"max_hp_loss":0,"event_name":"Drug Dealer","floor":19,"gold_loss":0,"cards_obtained":["J.A.X."]},{"damage_healed":0,"gold_gain":100,"player_choice":"Pray","damage_taken":0,"max_hp_gain":0,"max_hp_loss":0,"event_name":"Golden Shrine","floor":28,"gold_loss":0},{"damage_healed":0,"gold_gain":0,"player_choice":"Max HP","damage_taken":0,"max_hp_gain":0,"max_hp_loss":5,"event_name":"Winding Halls","floor":36,"gold_loss":0},{"damage_healed":0,"gold_gain":0,"player_choice":"Gave Potion","damage_taken":0,"relics_obtained":["WingedGreaves"],"max_hp_gain":0,"max_hp_loss":0,"event_name":"WeMeetAgain","floor":37,"gold_loss":0},{"damage_healed":0,"gold_gain":0,"player_choice":"Ignored","damage_taken":0,"max_hp_gain":0,"max_hp_loss":0,"event_name":"Mysterious Sphere","floor":45,"gold_loss":0},{"damage_healed":0,"gold_gain":0,"player_choice":"Memory 1","damage_taken":0,"max_hp_gain":0,"max_hp_loss":0,"event_name":"SensoryStone","floor":48,"gold_loss":0}],"is_beta":false,"boss_relics":[{"not_picked":["Astrolabe","Lizard Tail"],"picked":"Eternal Feather"},{"not_picked":["Tiny House","Fusion Hammer"],"picked":"Black Blood"}],"items_purged_floors":[5,22,25,39],"is_endless":false,"potions_floor_spawned":[4,11,12,14,20,27,33,38,41],"ascension_level":0}