{"gold_per_floor":[109,109,122,136,150,150,160,10,10,23,23,58,58,71,71,71],"floor_reached":16,"playtime":476,"items_purged":["Strike_R"],"score":104,"play_id":"c0c16070-d1d8-40ba-9876-4c72023046d6","local_time":"20190209213325","is_ascension_mode":false,"campfire_choices":[{"data":"Cleave","floor":6,"key":"SMITH"},{"data":"Flame Barrier","floor":13,"key":"SMITH"},{"data":"Seeing Red","floor":15,"key":"SMITH"}],"neow_cost":"PERCENT_DAMAGE","seed_source_timestamp":2568785635186,"circlet_count":0,"master_deck":["Strike_R","Strike_R","Strike_R","Defend_R","Defend_R","Defend_R","Defend_R","Cleave+1","Pommel Strike","Rampage","Seeing Red+1","Immolate","Flame Barrier+1"],"relics":["Burning Blood","Frozen Egg 2","Strawberry"],"potions_floor_usage":[12],"damage_taken":[{"damage":7,"enemies":"2 Louse","floor":1,"turns":5},{"damage":8,"enemies":"Cultist","floor":3,"turns":5},{"damage":3,"enemies":"Small Slimes","floor":4,"turns":3},{"damage":6,"enemies":"Blue Slaver","floor":5,"turns":4},{"damage":4,"enemies":"2 Fungi Beasts","floor":7,"turns":3},{"damage":8,"enemies":"Red Slaver","floor":10,"turns":4},{"damage":16,"enemies":"Gremlin Nob","floor":12,"turns":4},{"damage":0,"enemies":"Lots of Slimes","floor":14,"turns":1},{"damage":63,"enemies":"The Guardian","floor":16,"turns":14}],"seed_played":"-698722063019233287","potions_obtained":[{"floor":1,"key":"SmokeBomb"},{"floor":2,"key":"LiquidBronze"},{"floor":2,"key":"SkillPotion"},{"floor":7,"key":"Explosive Potion"}],"is_trial":false,"path_per_floor":["M","?","M","M","M","R","M","$","T","M","?","E","R","M","R","B"],"character_chosen":"IRONCLAD","items_purchased":["Seeing Red"],"campfire_rested":0,"item_purchase_floors":[8],"current_hp_per_floor":[55,55,53,56,56,56,58,58,58,56,56,53,53,59,59,0],"gold":71,"neow_bonus":"REMOVE_TWO","is_prod":false,"is_daily":false,"chose_seed":false,"campfire_upgraded":3,"win_rate":0,"timestamp":1549735405,"path_taken":["M","?","M","?","M","R","M","$","T","M","?","E","R","?","R","BOSS"],"build_version":"2019-02-06","purchased_purges":1,"victory":false,"max_hp_per_floor":[80,80,80,80,80,80,80,80,80,80,80,87,87,87,87,87],"card_choices":[{"not_picked":["Blood for Blood","Searing Blow","Dropkick"],"picked":"SKIP","floor":1},{"not_picked":["Armaments","Clothesline"],"picked":"Cleave","floor":3},{"not_picked":["Carnage","Dropkick"],"picked":"Pommel Strike","floor":4},{"not_picked":["Havoc","Wild Strike","Cleave"],"picked":"SKIP","floor":5},{"not_picked":["Thunderclap","Havoc"],"picked":"Rampage","floor":7},{"not_picked":["Warcry","Flex","Havoc"],"picked":"SKIP","floor":10},{"not_picked":["Perfected Strike","Wild Strike"],"picked":"Flame Barrier","floor":12},{"not_picked":["Sword Boomerang","Combust+1","Thunderclap"],"picked":"SKIP","floor":14}],"player_experience":622862,"relics_obtained":[{"floor":9,"key":"Frozen Egg 2"},{"floor":12,"key":"Strawberry"}],"event_choices":[{"damage_healed":0,"gold_gain":0,"player_choice":"Got Potions","damage_taken":0,"max_hp_gain":0,"max_hp_loss":0,"event_name":"Lab","floor":2,"gold_loss":0},{"damage_healed":0,"gold_gain":0,"player_choice":"1 cards matched","damage_taken":0,"max_hp_gain":0,"max_hp_loss":0,"event_name":"Match and Keep!","floor":11,"gold_loss":0,"cards_obtained":["Immolate"]}],"is_beta":true,"boss_relics":[],"items_purged_floors":[8],"is_endless":false,"potions_floor_spawned":[1,4,7],"killed_by":"The Guardian","ascension_level":0}