{"gold_per_floor":[112,122,53,67,67,67,102,119,143,143,158,174,174,189,189,189],"floor_reached":16,"playtime":561,"items_purged":[],"score":150,"play_id":"ed6bc5ad-35cc-4979-87a6-38fad61a0ace","local_time":"20190628235315","is_ascension_mode":true,"campfire_choices":[{"data":"Havoc","floor":6,"key":"SMITH"},{"data":"Berserk","floor":10,"key":"SMITH"},{"floor":15,"key":"REST"}],"neow_cost":"TEN_PERCENT_HP_LOSS","seed_source_timestamp":116485312837517,"circlet_count":0,"master_deck":["Strike_R","Strike_R","Strike_R","Strike_R","Strike_R","Defend_R","Defend_R","Defend_R","Defend_R","Bash","Havoc","Havoc+1","Havoc+1","Warcry","Body Slam","Ghostly Armor","Berserk+1","Spot Weakness","Havoc","Entrench"],"relics":["Burning Blood","Charon\u0027s Ashes","Regal Pillow","Dream Catcher","NlothsMask"],"potions_floor_usage":[16,16],"damage_taken":[{"damage":4,"enemies":"Jaw Worm","floor":1,"turns":4},{"damage":6,"enemies":"Cultist","floor":2,"turns":4},{"damage":0,"enemies":"Small Slimes","floor":4,"turns":3},{"damage":56,"enemies":"Gremlin Nob","floor":7,"turns":4},{"damage":0,"enemies":"2 Fungi Beasts","floor":8,"turns":3},{"damage":7,"enemies":"Exordium Wildlife","floor":11,"turns":3},{"damage":9,"enemies":"Red Slaver","floor":12,"turns":4},{"damage":10,"enemies":"2 Fungi Beasts","floor":14,"turns":3},{"damage":56,"enemies":"Hexaghost","floor":16,"turns":10}],"seed_played":"-6407122723388129876","potions_obtained":[{"floor":8,"key":"Poison Potion"},{"floor":11,"key":"Energy Potion"},{"floor":14,"key":"SpeedPotion"}],"is_trial":false,"path_per_floor":["M","M","$","M","?","R","E","M","T","R","M","M","?","M","R","B"],"character_chosen":"IRONCLAD","items_purchased":["Havoc","Warcry"],"campfire_rested":1,"item_purchase_floors":[3,3],"current_hp_per_floor":[72,72,72,72,72,72,22,28,28,28,27,24,24,20,56,0],"gold":189,"neow_bonus":"ONE_RARE_RELIC","is_prod":false,"is_daily":false,"chose_seed":false,"campfire_upgraded":2,"win_rate":0,"timestamp":1561753395,"path_taken":["M","M","$","M","?","R","E","M","T","R","M","?","?","M","R","BOSS"],"build_version":"2019-06-11","purchased_purges":0,"victory":false,"max_hp_per_floor":[72,72,72,72,72,72,72,72,72,72,72,72,72,72,72,72],"card_choices":[{"not_picked":["Wild Strike","Flex"],"picked":"Havoc","floor":1},{"not_picked":["Iron Wave","Shockwave"],"picked":"Havoc","floor":2},{"not_picked":["Twin Strike","Bloodletting"],"picked":"Body Slam","floor":4},{"not_picked":["Flex","Clash"],"picked":"Ghostly Armor","floor":7},{"not_picked":["Cleave","Flex"],"picked":"Berserk","floor":8},{"not_picked":["Sword Boomerang","Perfected Strike"],"picked":"Spot Weakness","floor":11},{"not_picked":["Rage","Twin Strike"],"picked":"Havoc","floor":12},{"not_picked":["True Grit","Blood for Blood"],"picked":"Entrench","floor":14}],"player_experience":710800,"relics_obtained":[{"floor":7,"key":"Regal Pillow"},{"floor":9,"key":"Dream Catcher"}],"event_choices":[{"damage_healed":0,"gold_gain":0,"player_choice":"Upgraded","damage_taken":0,"max_hp_gain":0,"max_hp_loss":0,"event_name":"Upgrade Shrine","floor":5,"gold_loss":0,"cards_upgraded":["Havoc"]},{"damage_healed":0,"gold_gain":0,"player_choice":"Trade","damage_taken":0,"relics_obtained":["NlothsMask"],"max_hp_gain":0,"max_hp_loss":0,"event_name":"FaceTrader","floor":13,"gold_loss":0}],"is_beta":true,"boss_relics":[],"items_purged_floors":[],"is_endless":false,"potions_floor_spawned":[8,11,14],"killed_by":"Hexaghost","ascension_level":4}