{"gold_per_floor":[361,86,86,104,123,123,155,167,179,82,95,115,134,148,148,248,248,260,260,260,280,280],"floor_reached":22,"playtime":1254,"items_purged":["Writhe"],"score":197,"play_id":"60775e8d-c6d5-4a64-b443-b8a28dc95a29","local_time":"20181116211105","is_ascension_mode":true,"campfire_choices":[{"data":"Finesse","floor":6,"key":"SMITH"},{"data":"Blade Dance","floor":8,"key":"SMITH"},{"floor":15,"key":"REST"}],"neow_cost":"CURSE","seed_source_timestamp":14304809095247,"circlet_count":0,"master_deck":["Survivor","Neutralize","Footwork","Well Laid Plans","Outmaneuver","Finesse+1","Blade Dance+1","Prepared","Burst","Accuracy","Leg Sweep","Deadly Poison","Blade Dance","Flying Knee","Backstab","Malaise","Noxious Fumes","Outmaneuver","Caltrops","Sucker Punch","Prepared","Backflip","Deflect","Quick Slash","Heel Hook","Distraction","Writhe"],"relics":["Ring of the Snake","Turnip","MawBank","Pen Nib","Pandora\u0027s Box","Potion Belt","Frozen Egg 2"],"potions_floor_usage":[12,12,16,18,22],"damage_taken":[{"damage":3,"enemies":"Cultist","floor":1,"turns":5},{"damage":3,"enemies":"Jaw Worm","floor":4,"turns":6},{"damage":4,"enemies":"Small Slimes","floor":5,"turns":5},{"damage":31,"enemies":"Gremlin Nob","floor":7,"turns":5},{"damage":0,"enemies":"Gremlin Gang","floor":11,"turns":7},{"damage":10,"enemies":"Lots of Slimes","floor":12,"turns":6},{"damage":0,"enemies":"Large Slime","floor":13,"turns":6},{"damage":7,"enemies":"Exordium Wildlife","floor":14,"turns":3},{"damage":18,"enemies":"Hexaghost","floor":16,"turns":10},{"damage":25,"enemies":"2 Thieves","floor":18,"turns":5},{"damage":15,"enemies":"Spheric Guardian","floor":21,"turns":5},{"damage":44,"enemies":"Cultist and Chosen","floor":22,"turns":6}],"seed_played":"3235547732319138278","potions_obtained":[{"floor":7,"key":"EssenceOfSteel"},{"floor":11,"key":"SkillPotion"},{"floor":14,"key":"AttackPotion"},{"floor":16,"key":"GhostInAJar"},{"floor":18,"key":"PowerPotion"},{"floor":21,"key":"Energy Potion"}],"is_trial":false,"path_per_floor":["M","$","T","M","M","R","E","R","T","$","M","M","M","M","R","B",null,"M","?","?","M","M"],"character_chosen":"THE_SILENT","items_purchased":["Well Laid Plans","Outmaneuver","Finesse","Accuracy","Leg Sweep"],"campfire_rested":1,"item_purchase_floors":[2,2,2,10,10],"current_hp_per_floor":[67,67,67,64,60,60,29,29,29,29,29,19,19,12,33,15,70,45,45,45,30,0],"gold":280,"neow_bonus":"TWO_FIFTY_GOLD","is_prod":false,"is_daily":false,"chose_seed":false,"campfire_upgraded":2,"win_rate":0,"timestamp":1542390065,"path_taken":["M","?","?","M","M","R","E","R","T","$","M","M","M","M","R","BOSS","M","?","?","?","M"],"build_version":"2018-11-15","purchased_purges":1,"victory":false,"max_hp_per_floor":[70,70,70,70,70,70,70,70,70,70,70,70,70,70,70,70,70,70,70,70,70,70],"card_choices":[{"not_picked":["Dagger Spray","Acrobatics"],"picked":"Footwork","floor":1},{"not_picked":["Masterful Stab","Outmaneuver"],"picked":"Blade Dance","floor":4},{"not_picked":["Terror","Bane"],"picked":"Prepared","floor":5},{"not_picked":["Cloak And Dagger","Underhanded Strike"],"picked":"Burst","floor":7},{"not_picked":["Flechettes","Setup"],"picked":"Deadly Poison","floor":11},{"not_picked":["Underhanded Strike","Distraction"],"picked":"Blade Dance","floor":12},{"not_picked":["Sucker Punch","Underhanded Strike"],"picked":"Flying Knee","floor":13},{"not_picked":["Unload","Underhanded Strike"],"picked":"Backstab","floor":14},{"not_picked":["Corpse Explosion","Burst"],"picked":"Malaise","floor":16},{"not_picked":["Sucker Punch","Outmaneuver","Underhanded Strike"],"picked":"SKIP","floor":18},{"not_picked":["Underhanded Strike+1","PiercingWail","Dodge and Roll"],"picked":"SKIP","floor":21}],"player_experience":152563,"relics_obtained":[{"floor":3,"key":"Turnip"},{"floor":7,"key":"MawBank"},{"floor":9,"key":"Pen Nib"}],"event_choices":[{"damage_healed":0,"gold_gain":0,"player_choice":"Opened","damage_taken":0,"relics_obtained":["Potion Belt"],"max_hp_gain":0,"max_hp_loss":0,"event_name":"The Mausoleum","floor":19,"gold_loss":0,"cards_obtained":["Writhe"]},{"damage_healed":0,"gold_gain":0,"player_choice":"Gave Potion","damage_taken":0,"relics_obtained":["Frozen Egg 2"],"max_hp_gain":0,"max_hp_loss":0,"event_name":"WeMeetAgain","floor":20,"gold_loss":0}],"is_beta":true,"boss_relics":[{"not_picked":["Calling Bell","Busted Crown"],"picked":"Pandora\u0027s Box"}],"items_purged_floors":[2],"is_endless":false,"potions_floor_spawned":[7,11,14,16,18,21],"killed_by":"Cultist and Chosen","ascension_level":1}