{"gold_per_floor":[110,38,55,55,230,230,244,244,267,284,284,284,284,163,163,261,261,279,295,3,17,17,17,42,42,65,92,92,23,38,65,65,166,166,186,206,2,22,42,57,57,75,102,120,148,248,19,19,19,19],"floor_reached":51,"playtime":2695,"items_purged":["Doubt","Regret","Strike_B","Parasite"],"score":785,"play_id":"feb405a1-2551-47d2-8107-29a17ca66afc","local_time":"20190105201129","is_ascension_mode":true,"campfire_choices":[{"data":"Chill","floor":6.0,"key":"SMITH"},{"data":"Defragment","floor":8.0,"key":"SMITH"},{"floor":13.0,"key":"REST"},{"data":"White Noise","floor":15.0,"key":"SMITH"},{"data":"Loop","floor":23,"key":"SMITH"},{"floor":25,"key":"REST"},{"data":"Rainbow","floor":32,"key":"SMITH"},{"data":"Buffer","floor":41,"key":"SMITH"},{"data":"Capacitor","floor":49,"key":"SMITH"}],"neow_cost":"PERCENT_DAMAGE","seed_source_timestamp":0,"circlet_count":0,"master_deck":["Strike_B","Strike_B","Defend_B","Defend_B","Defend_B","Zap","Dualcast","White Noise+1","Defragment+1","Chill+1","Ball Lightning","Conserve Battery","Turbo","Rainbow+1","Darkness","Loop+1","Self Repair","Self Repair+1","BootSequence","Recycle","Capacitor+1","Glacier+1","Creative AI","Buffer+1","Self Repair+1","Machine Learning","Injury","Storm+1","Hologram+1","Defragment"],"special_seed":0,"relics":["Cracked Core","Dead Branch","Gremlin Horn","Juzu Bracelet","Anchor","Turnip","Lizard Tail","Art of War","Pantograph","Boot","Ice Cream","Blood Vial","Cursed Key","Omamori","Girya"],"potions_floor_usage":[21,21,27,31,45,50],"damage_taken":[{"damage":0.0,"enemies":"Small Slimes","floor":1.0,"turns":3.0},{"damage":2.0,"enemies":"2 Louse","floor":3.0,"turns":3.0},{"damage":2.0,"enemies":"Jaw Worm","floor":7.0,"turns":3.0},{"damage":8.0,"enemies":"Red Slaver","floor":10.0,"turns":3.0},{"damage":44.0,"enemies":"The Guardian","floor":16.0,"turns":9.0},{"damage":14,"enemies":"2 Thieves","floor":18,"turns":5},{"damage":4,"enemies":"Spheric Guardian","floor":19,"turns":4},{"damage":9,"enemies":"3 Cultists","floor":21,"turns":4},{"damage":52,"enemies":"Slavers","floor":24,"turns":4},{"damage":10,"enemies":"Book of Stabbing","floor":27,"turns":5},{"damage":5,"enemies":"Cultist and Chosen","floor":30,"turns":6},{"damage":0,"enemies":"Slavers","floor":31,"turns":9},{"damage":23,"enemies":"Champ","floor":33,"turns":11},{"damage":40,"enemies":"3 Darklings","floor":35,"turns":6},{"damage":27,"enemies":"3 Shapes","floor":36,"turns":4},{"damage":0,"enemies":"Sphere and 2 Shapes","floor":38,"turns":4},{"damage":45,"enemies":"4 Shapes","floor":39,"turns":5},{"damage":13,"enemies":"Writhing Mass","floor":40,"turns":7},{"damage":24,"enemies":"Jaw Worm Horde","floor":42,"turns":6},{"damage":0,"enemies":"4 Shapes","floor":44,"turns":4},{"damage":3,"enemies":"Nemesis","floor":45,"turns":5},{"damage":28,"enemies":"Time Eater","floor":50,"turns":8}],"seed_played":"3727666505076352445","potions_obtained":[{"floor":1.0,"key":"SkillPotion"},{"floor":7.0,"key":"AttackPotion"},{"floor":10.0,"key":"AttackPotion"},{"floor":18,"key":"AttackPotion"},{"floor":19,"key":"AttackPotion"},{"floor":24,"key":"Energy Potion"},{"floor":30,"key":"Dexterity Potion"},{"floor":38,"key":"SpeedPotion"},{"floor":40,"key":"SkillPotion"},{"floor":42,"key":"Regen Potion"}],"is_trial":false,"path_per_floor":["M","$","M","?","?","R","M","R","T","M","?","T","R","$","R","B","M","M","$","M","$","R","E","R","T","E","?","$","M","E","R","B",null,"M","M","$","M","M","M","R","M","T","M","E","?","$","?","R","B",null],"character_chosen":"DEFECT","items_purchased":["Defragment","Turbo","Self Repair","Art of War","Capacitor","Buffer","Defragment"],"campfire_rested":2,"item_purchase_floors":[2,14,20,20,29,37,47],"current_hp_per_floor":[54,54,52,52,52,52,50,50,50,42,24,24,46,46,46,2,75,61,57,57,62,62,62,10,32,32,39,39,39,51,68,68,59,75,52,27,27,39,54,63,63,68,68,75,75,75,72,72,72,68],"gold":19,"neow_bonus":"ONE_RARE_RELIC","is_prod":false,"is_daily":false,"chose_seed":false,"campfire_upgraded":7,"win_rate":0,"timestamp":1546706489,"path_taken":["M","$","M","?","?","R","M","R","T","M","?","?","R","$","R","BOSS","M","M","$","M","$","R","E","R","T","E","?","$","M","E","R","BOSS","M","M","$","M","M","M","R","M","T","M","E","?","$","?","R","BOSS"],"build_version":"2018-12-25","purchased_purges":4,"victory":true,"max_hp_per_floor":[75,75,75,75,75,75,75,75,75,75,75,75,75,75,75,75,75,75,75,75,75,75,75,75,75,75,75,75,75,75,75,75,75,75,75,75,75,75,75,75,75,75,75,75,75,75,72,72,72,72],"card_choices":[{"not_picked":["Stack","Chill"],"picked":"White Noise","floor":1.0},{"not_picked":["Hologram","Go for the Eyes"],"picked":"Chill","floor":3.0},{"not_picked":["Streamline","FTL"],"picked":"Ball Lightning","floor":7.0},{"not_picked":["Go for the Eyes","Melter"],"picked":"Conserve Battery","floor":10.0},{"not_picked":["Multi-Cast","Amplify"],"picked":"Rainbow","floor":16.0},{"not_picked":["Defragment+1","Barrage+1"],"picked":"Darkness","floor":18},{"not_picked":["Compile Driver","Aggregate"],"picked":"Loop","floor":19},{"not_picked":["Doom and Gloom","Loop"],"picked":"Self Repair+1","floor":21},{"not_picked":["Consume","Ball Lightning+1"],"picked":"BootSequence","floor":24},{"not_picked":["Hologram","Ball Lightning"],"picked":"Recycle","floor":27},{"not_picked":["Consume","Sweeping Beam"],"picked":"Glacier+1","floor":30},{"not_picked":["Beam Cell","Barrage+1","Hologram"],"picked":"SKIP","floor":31},{"not_picked":["Fission","Multi-Cast"],"picked":"Creative AI","floor":33},{"not_picked":["Sweeping Beam+1","Auto Shields","Gash+1"],"picked":"SKIP","floor":35},{"not_picked":["Redo","Beam Cell","Steam+1"],"picked":"SKIP","floor":36},{"not_picked":["Steam","Turbo","Scrape"],"picked":"SKIP","floor":38},{"not_picked":["Coolheaded+1","Rebound+1"],"picked":"Self Repair+1","floor":39},{"not_picked":["Conserve Battery","Lockon"],"picked":"Machine Learning","floor":40},{"not_picked":["Lockon","Hologram","Stack"],"picked":"SKIP","floor":42},{"not_picked":["Ball Lightning+1","Compile Driver+1"],"picked":"Storm+1","floor":44},{"not_picked":["Sweeping Beam+1","Conserve Battery"],"picked":"Hologram+1","floor":45}],"player_experience":299485,"relics_obtained":[{"floor":9.0,"key":"Juzu Bracelet"},{"floor":12.0,"key":"Turnip"},{"floor":24,"key":"Pantograph"},{"floor":26,"key":"Boot"},{"floor":27,"key":"Ice Cream"},{"floor":31,"key":"Blood Vial"},{"floor":43,"key":"Omamori"},{"floor":45,"key":"Girya"}],"event_choices":[{"damage_healed":0.0,"max_hp_gain":0.0,"max_hp_loss":0.0,"gold_gain":0.0,"event_name":"Big Fish","player_choice":"Box","floor":4.0,"gold_loss":0.0,"damage_taken":0.0,"relics_obtained":["Gremlin Horn"],"cards_obtained":["Regret"]},{"damage_healed":0.0,"max_hp_gain":0.0,"max_hp_loss":0.0,"gold_gain":175.0,"event_name":"Liars Game","player_choice":"AGREE","floor":5.0,"gold_loss":0.0,"damage_taken":0.0,"cards_obtained":["Doubt"]},{"damage_healed":0.0,"max_hp_gain":0.0,"max_hp_loss":0.0,"gold_gain":0.0,"event_name":"Scrap Ooze","player_choice":"Success","floor":11.0,"gold_loss":0.0,"damage_taken":18.0,"relics_obtained":["Anchor"]},{"cards_removed":["Strike_B"],"damage_healed":0,"gold_gain":0,"player_choice":"Purged","damage_taken":0,"max_hp_gain":0,"max_hp_loss":0,"event_name":"Purifier","floor":28,"gold_loss":0},{"damage_healed":0,"gold_gain":100,"player_choice":"Pray","damage_taken":0,"max_hp_gain":0,"max_hp_loss":0,"event_name":"Golden Shrine","floor":46,"gold_loss":0},{"cards_removed":["Defend_B"],"damage_healed":0,"gold_gain":0,"player_choice":"Removed Skill","damage_taken":0,"max_hp_gain":0,"max_hp_loss":0,"event_name":"Falling","floor":48,"gold_loss":0}],"is_beta":true,"boss_relics":[{"not_picked":["Calling Bell","Runic Dome"],"picked":"Lizard Tail"},{"not_picked":["Black Star","Philosopher\u0027s Stone"],"picked":"Cursed Key"}],"items_purged_floors":[14,20,37,47],"is_endless":false,"potions_floor_spawned":[1,7,10,18,19,24,30,38,40,42],"ascension_level":1}