{"gold_per_floor":[114,114,133,133,149,149,175,175,175,175,210,210,243,266,278,368,380,410,439,451,463,489,501],"floor_reached":23,"playtime":2356,"items_purged":[],"score":387,"play_id":"9e2503b8-9403-48b2-9f52-acef11546430","local_time":"20190726211727","is_ascension_mode":true,"campfire_choices":[{"data":"Core Surge","floor":6.0,"key":"SMITH"},{"data":"Coolheaded","floor":8.0,"key":"SMITH"},{"floor":12.0,"key":"REST"},{"data":"Rip and Tear","floor":15.0,"key":"SMITH"}],"neow_cost":"NONE","seed_source_timestamp":1437504548485024,"circlet_count":0,"master_deck":["AscendersBane","Strike_B","Strike_B","Strike_B","Strike_B","Defend_B","Defend_B","Defend_B","Defend_B","Zap+1","Dualcast+1","Core Surge+1","Steam+1","Coolheaded+1","Rainbow","Rip and Tear+1","Echo Form","Compile Driver","Multi-Cast","Leap+1","Biased Cognition","Writhe","RitualDagger","Hologram"],"special_seed":0,"relics":["Cracked Core","Mummified Hand","Bottled Lightning","Blood Vial","MawBank","Philosopher\u0027s Stone","Blue Candle"],"potions_floor_usage":[22,23],"damage_taken":[{"damage":0.0,"enemies":"2 Louse","floor":1.0,"turns":3.0},{"damage":0.0,"enemies":"Small Slimes","floor":3.0,"turns":2.0},{"damage":0.0,"enemies":"Cultist","floor":5.0,"turns":2.0},{"damage":17.0,"enemies":"Gremlin Nob","floor":7.0,"turns":5.0},{"damage":9.0,"enemies":"3 Sentries","floor":11.0,"turns":6.0},{"damage":2.0,"enemies":"Gremlin Nob","floor":13.0,"turns":3.0},{"damage":5.0,"enemies":"Looter","floor":14.0,"turns":3.0},{"damage":10.0,"enemies":"Slime Boss","floor":16.0,"turns":10.0},{"damage":17.0,"enemies":"2 Thieves","floor":18.0,"turns":4.0},{"damage":12.0,"enemies":"Shell Parasite","floor":19.0,"turns":4.0},{"damage":19,"enemies":"Snake Plant","floor":22,"turns":5},{"damage":24,"enemies":"Gremlin Leader","floor":23,"turns":4}],"seed_played":"8197184341027131643","potions_obtained":[{"floor":3.0,"key":"Weak Potion"},{"floor":11.0,"key":"AttackPotion"},{"floor":13.0,"key":"Poison Potion"},{"floor":16.0,"key":"Weak Potion"},{"floor":22,"key":"EssenceOfSteel"}],"is_trial":false,"path_per_floor":["M","?","M","?","M","R","E","R","T","?","E","R","E","M","R","B",null,"M","M","?","?","M","E"],"character_chosen":"DEFECT","items_purchased":[],"campfire_rested":1,"item_purchase_floors":[],"current_hp_per_floor":[64,43,43,43,43,43,26,26,26,26,17,38,38,35,35,27,60,45,35,35,29,12,0],"gold":501,"neow_bonus":"ONE_RANDOM_RARE_CARD","is_prod":false,"is_daily":false,"chose_seed":false,"campfire_upgraded":3,"win_rate":0,"timestamp":1564190247,"path_taken":["M","?","M","?","M","R","E","R","T","?","E","R","E","?","R","BOSS","M","M","?","?","M","E"],"build_version":"2019-07-17","purchased_purges":0,"victory":false,"max_hp_per_floor":[71,71,71,71,71,71,71,71,71,71,71,71,71,71,71,71,71,71,71,71,71,71,71],"card_choices":[{"not_picked":["Redo","Blizzard"],"picked":"Steam","floor":1.0},{"not_picked":["Barrage","BootSequence","Stack"],"picked":"SKIP","floor":3.0},{"not_picked":["Turbo","Melter"],"picked":"Coolheaded","floor":5.0},{"not_picked":["Go for the Eyes","Hello World"],"picked":"Rainbow","floor":7.0},{"not_picked":["Skim","Coolheaded"],"picked":"Rip and Tear","floor":11.0},{"not_picked":["Defragment","Streamline"],"picked":"Echo Form","floor":13.0},{"not_picked":["BootSequence","FTL"],"picked":"Compile Driver","floor":14.0},{"not_picked":["Hyperbeam","Thunder Strike"],"picked":"Multi-Cast","floor":16.0},{"not_picked":["Chill","Conserve Battery"],"picked":"Leap+1","floor":18.0},{"not_picked":["Compile Driver","Coolheaded"],"picked":"Biased Cognition","floor":19.0},{"not_picked":["Barrage","Gash"],"picked":"Hologram","floor":22}],"player_experience":822396,"relics_obtained":[{"floor":7.0,"key":"Mummified Hand"},{"floor":9.0,"key":"Bottled Lightning"},{"floor":11.0,"key":"Blood Vial"},{"floor":13.0,"key":"MawBank"}],"event_choices":[{"damage_healed":0.0,"max_hp_gain":0.0,"max_hp_loss":0.0,"gold_gain":0.0,"event_name":"Shining Light","player_choice":"Entered Light","floor":2.0,"gold_loss":0.0,"damage_taken":21.0,"cards_upgraded":["Steam","Zap"]},{"damage_healed":0.0,"max_hp_gain":0.0,"max_hp_loss":0.0,"gold_gain":0.0,"event_name":"Liars Game","player_choice":"Ignored","floor":4.0,"gold_loss":0.0,"damage_taken":0.0},{"damage_healed":0.0,"max_hp_gain":0.0,"max_hp_loss":0.0,"gold_gain":0.0,"event_name":"Upgrade Shrine","player_choice":"Upgraded","floor":10.0,"gold_loss":0.0,"damage_taken":0.0,"cards_upgraded":["Dualcast"]},{"damage_healed":0.0,"max_hp_gain":0.0,"max_hp_loss":0.0,"gold_gain":0.0,"event_name":"The Mausoleum","player_choice":"Opened","floor":20.0,"gold_loss":0.0,"damage_taken":0.0,"relics_obtained":["Blue Candle"],"cards_obtained":["Writhe"]},{"damage_healed":0.0,"max_hp_gain":0.0,"max_hp_loss":0.0,"gold_gain":0.0,"event_name":"Nest","player_choice":"Joined the Cult","floor":21.0,"gold_loss":0.0,"damage_taken":6.0,"cards_obtained":["RitualDagger"]}],"is_beta":false,"boss_relics":[{"not_picked":["Runic Dome","Empty Cage"],"picked":"Philosopher\u0027s Stone"}],"items_purged_floors":[],"is_endless":false,"potions_floor_spawned":[3,11,13,16,22],"killed_by":"Gremlin Leader","ascension_level":17}