{"path_per_floor":["M","M","M","$","M","R","M","?","T","?","R","M","M","$","R","B",null,"M","M","$","?","M","R","M","M","T"],"character_chosen":"THE_SILENT","items_purchased":["Deflect","Trip","Backflip"],"gold_per_floor":[110,127,139,7,27,27,39,39,39,39,39,53,73,73,73,173,173,157,176,77,77,94,94,111,126,126],"floor_reached":27,"campfire_rested":2,"playtime":2027,"current_hp_per_floor":[67,67,60,60,58,58,55,48,48,48,48,48,42,42,63,36,70,56,44,44,35,27,49,36,16,16],"items_purged":["Defend_G"],"gold":126,"play_id":"956b27a8-a4dd-4d40-8d18-244a61c0d6c9","is_prod":false,"is_daily":false,"campfire_rituals":0,"campfire_upgraded":2,"is_hardmode":false,"path_taken":["M","?","M","$","M","R","M","?","T","?","R","?","M","?","R","BOSS","M","M","$","?","M","R","M","M","T","M"],"build_version":"2018-01-18-PROD4","purchased_purges":1,"victory":false,"master_deck":["Defend_G","Defend_G","Defend_G","Strike_G","Strike_G","Strike_G","Strike_G","Survivor","Neutralize","Flying Knee","Noxious Fumes","Slice","Deflect","Trip","Acrobatics","Poisoned Stab","Backflip","Backflip","Tools of the Trade","Caltrops","Outmaneuver","Backflip","Deadly Poison","PiercingWail"],"max_hp_per_floor":[70,70,70,70,70,70,70,70,70,70,70,70,70,70,70,70,70,70,70,70,75,75,75,75,75,75],"relics":["Ring of the Snake","Frozen Egg","Runic Pyramid","Sundial"],"campfire_meditates":0,"card_choices":[{"not_picked":["All Out Attack","Dodge and Roll"],"picked":"Flying Knee"},{"not_picked":["Quick Slash","Flying Knee"],"picked":"Noxious Fumes"},{"not_picked":["PiercingWail","Dagger Throw"],"picked":"Slice"},{"not_picked":["Footwork","Deadly Poison"],"picked":"Acrobatics"},{"not_picked":["Calculated Gamble","Bouncing Flask"],"picked":"Poisoned Stab"},{"not_picked":["Endless Agony","Infinite Blades"],"picked":"Backflip"},{"not_picked":["Quick Slash","Slice"],"picked":"Backflip"},{"not_picked":["Adrenaline","Night Terror"],"picked":"Tools of the Trade"},{"not_picked":["Bane","Dodge and Roll"],"picked":"Caltrops"},{"not_picked":["Acrobatics","Prepared"],"picked":"Outmaneuver"},{"not_picked":["Distraction","Acrobatics"],"picked":"Deadly Poison"},{"not_picked":["Eviscerate","Bane"],"picked":"PiercingWail"}],"player_experience":27520,"potions_floor_usage":[16,18,24,24],"damage_taken":[{"damage":3,"enemies":"Blue Slaver","floor":1,"turns":6},{"damage":0,"enemies":"Small Slimes","floor":2,"turns":4},{"damage":7,"enemies":"2 Louse","floor":3,"turns":3},{"damage":2,"enemies":"Looter","floor":5,"turns":3},{"damage":3,"enemies":"2 Fungi Beasts","floor":7,"turns":4},{"damage":0,"enemies":"Large Slime","floor":12,"turns":5},{"damage":6,"enemies":"Red Slaver","floor":13,"turns":4},{"damage":27,"enemies":"Slime Boss","floor":16,"turns":10},{"damage":14,"enemies":"2 Thieves","floor":18,"turns":4},{"damage":12,"enemies":"Shell Parasite","floor":19,"turns":7},{"damage":8,"enemies":"Centurion and Healer","floor":22,"turns":7},{"damage":13,"enemies":"Chosen and Byrds","floor":24,"turns":7},{"damage":20,"enemies":"Snecko","floor":25,"turns":5},{"damage":16,"enemies":"Slaver and Parasite","floor":27,"turns":2}],"event_choices":[{"event_name":"Golden Wing","player_choice":"Card Removal","floor":8,"damage_taken":0},{"event_name":"Liars Game","player_choice":"disagreed","floor":10,"damage_taken":0},{"event_name":"Forgotten Altar","player_choice":"Shed Blood","floor":21,"damage_taken":0}],"boss_relics":[{"not_picked":["Question Card","Eternal Feather"],"picked":"Runic Pyramid"}],"potions_floor_spawned":[1,5,16,18,25],"seed_played":"6483769673502741354","killed_by":"Slaver and Parasite","is_trial":false}