{"gold_per_floor":[119,138,155,155,168,168,201,201,201,201,224,240,190,190,190,190],"floor_reached":16,"playtime":680,"items_purged":[],"score":107,"play_id":"faa103db-4ae8-4901-9774-c353dd664a5f","local_time":"20181229174220","is_ascension_mode":true,"campfire_choices":[{"data":"Shrug It Off","floor":6,"key":"SMITH"},{"data":"Flame Barrier","floor":8,"key":"SMITH"},{"data":"Cleave","floor":10,"key":"SMITH"},{"data":"Defend_R","floor":15,"key":"SMITH"}],"neow_cost":"NONE","seed_source_timestamp":1845559581411,"circlet_count":0,"master_deck":["Strike_R","Strike_R","Strike_R","Strike_R","Strike_R","Defend_R","Defend_R","Defend_R","Defend_R+1","Cleave+1","Headbutt","Shrug It Off+1","Flame Barrier+1"],"relics":["Burning Blood","Golden Idol","Omamori","Meat on the Bone","Magic Flower"],"potions_floor_usage":[16,16],"damage_taken":[{"damage":7,"enemies":"Small Slimes","floor":1,"turns":5},{"damage":2,"enemies":"2 Louse","floor":2,"turns":2},{"damage":9,"enemies":"Jaw Worm","floor":3,"turns":4},{"damage":0,"enemies":"Large Slime","floor":5,"turns":3},{"damage":20,"enemies":"3 Sentries","floor":7,"turns":7},{"damage":0,"enemies":"Exordium Thugs","floor":11,"turns":4},{"damage":7,"enemies":"Blue Slaver","floor":12,"turns":4},{"damage":71,"enemies":"The Guardian","floor":16,"turns":17}],"seed_played":"-5203509384872460813","potions_obtained":[{"floor":1,"key":"Poison Potion"},{"floor":5,"key":"Regen Potion"},{"floor":12,"key":"GamblersBrew"}],"is_trial":false,"path_per_floor":["M","M","M","?","M","R","E","R","T","R","M","M","?","?","R","B"],"character_chosen":"IRONCLAD","items_purchased":[],"campfire_rested":0,"item_purchase_floors":[],"current_hp_per_floor":[87,88,85,63,69,69,55,55,55,55,61,60,60,42,42,0],"gold":190,"neow_bonus":"TEN_PERCENT_HP_BONUS","is_prod":false,"is_daily":false,"chose_seed":false,"campfire_upgraded":4,"win_rate":0,"timestamp":1546092740,"path_taken":["M","M","M","?","M","R","E","R","T","R","M","M","?","?","R","BOSS"],"build_version":"2018-12-25","purchased_purges":0,"victory":false,"max_hp_per_floor":[88,88,88,88,88,88,88,88,88,88,88,88,88,88,88,88],"card_choices":[{"not_picked":["Searing Blow","Body Slam"],"picked":"Cleave","floor":1},{"not_picked":["Twin Strike","Thunderclap","Iron Wave"],"picked":"SKIP","floor":2},{"not_picked":["Sever Soul","Feel No Pain"],"picked":"Headbutt","floor":3},{"not_picked":["Thunderclap","Spot Weakness"],"picked":"Shrug It Off","floor":5},{"not_picked":["Cleave","Impervious"],"picked":"Flame Barrier","floor":7},{"not_picked":["Entrench","Armaments","True Grit"],"picked":"SKIP","floor":11},{"not_picked":["Body Slam","Second Wind","Wild Strike"],"picked":"SKIP","floor":12}],"player_experience":261063,"relics_obtained":[{"floor":7,"key":"Omamori"},{"floor":9,"key":"Meat on the Bone"}],"event_choices":[{"damage_healed":0,"gold_gain":0,"player_choice":"Take Damage","damage_taken":22,"relics_obtained":["Golden Idol"],"max_hp_gain":0,"max_hp_loss":0,"event_name":"Golden Idol","floor":4,"gold_loss":0},{"cards_removed":["Bash"],"damage_healed":0,"gold_gain":0,"player_choice":"Card Removal","damage_taken":0,"max_hp_gain":0,"max_hp_loss":0,"event_name":"The Cleric","floor":13,"gold_loss":50},{"damage_healed":0,"gold_gain":0,"player_choice":"Success","damage_taken":18,"relics_obtained":["Magic Flower"],"max_hp_gain":0,"max_hp_loss":0,"event_name":"Scrap Ooze","floor":14,"gold_loss":0}],"is_beta":true,"boss_relics":[],"items_purged_floors":[],"is_endless":false,"potions_floor_spawned":[1,5,12],"killed_by":"The Guardian","ascension_level":1}