{"gold_per_floor":[114,114,114,114,124,124,46,46,72,1,1,29,45,75,75,176,176,194,194,226,251,56,56,56],"floor_reached":24,"playtime":1242,"items_purged":["Shame"],"score":202,"play_id":"d3e24aed-5da4-4367-883d-b7f49a382f63","local_time":"20181116222213","is_ascension_mode":true,"campfire_choices":[{"data":"Blade Dance","floor":6,"key":"SMITH"},{"data":"Infinite Blades","floor":8,"key":"SMITH"},{"data":"Noxious Fumes","floor":11,"key":"SMITH"},{"data":"Backflip","floor":15,"key":"SMITH"},{"floor":23,"key":"REST"}],"neow_cost":"NONE","seed_source_timestamp":18584958737387,"circlet_count":0,"master_deck":["Defend_G","Defend_G","Defend_G","Defend_G","Defend_G","Strike_G","Strike_G","Strike_G","Strike_G","Strike_G","Survivor","Neutralize+1","Blade Dance+1","Regret","Blade Dance+1","Infinite Blades+1","Noxious Fumes+1","Noxious Fumes","Backflip+1","Tools of the Trade","Pain","Writhe","Outmaneuver","Eviscerate+1","Catalyst","Catalyst","Swift Strike+1","Quick Slash+1"],"relics":["Ring of the Snake","Bird Faced Urn","Bag of Marbles","Bag of Preparation","The Courier","Calling Bell","Bronze Scales","Molten Egg 2","StoneCalendar","MawBank"],"potions_floor_usage":[12,24],"damage_taken":[{"damage":4,"enemies":"Small Slimes","floor":1,"turns":4},{"damage":0,"enemies":"2 Louse","floor":5,"turns":2},{"damage":22,"enemies":"Lagavulin","floor":12,"turns":5},{"damage":10,"enemies":"Jaw Worm","floor":13,"turns":3},{"damage":18,"enemies":"Hexaghost","floor":16,"turns":9},{"damage":23,"enemies":"3 Byrds","floor":18,"turns":3},{"damage":38,"enemies":"Spheric Guardian","floor":20,"turns":6},{"damage":11,"enemies":"Chosen and Byrds","floor":21,"turns":6},{"damage":45,"enemies":"Snake Plant","floor":24,"turns":4}],"seed_played":"2938860543786666144","potions_obtained":[{"floor":1,"key":"Block Potion"},{"floor":16,"key":"Energy Potion"},{"floor":18,"key":"Energy Potion"}],"is_trial":false,"path_per_floor":["M","?","?","?","M","R","$","R","T","$","R","E","M","?","R","B",null,"M","?","M","M","$","R","M"],"character_chosen":"THE_SILENT","items_purchased":["Infinite Blades","Noxious Fumes","Catalyst","Swift Strike+1","Quick Slash+1"],"campfire_rested":1,"item_purchase_floors":[7,10,22,22,22],"current_hp_per_floor":[66,63,63,63,63,63,63,63,63,63,63,45,41,41,41,29,70,49,49,19,14,14,35,0],"gold":56,"neow_bonus":"UPGRADE_CARD","is_prod":false,"is_daily":false,"chose_seed":false,"campfire_upgraded":4,"win_rate":0,"timestamp":1542394333,"path_taken":["M","?","?","?","M","R","?","R","T","$","R","E","M","?","R","BOSS","M","?","M","?","$","R","M"],"build_version":"2018-11-15","purchased_purges":1,"victory":false,"max_hp_per_floor":[70,70,70,70,70,70,70,70,70,70,70,70,70,70,70,70,70,70,70,70,70,70,70,70],"card_choices":[{"not_picked":["Dash","Dagger Spray"],"picked":"Blade Dance","floor":1},{"not_picked":["Dodge and Roll","Deflect"],"picked":"Blade Dance","floor":5},{"not_picked":["Outmaneuver","Cloak And Dagger"],"picked":"Noxious Fumes","floor":12},{"not_picked":["Cloak And Dagger","Bouncing Flask"],"picked":"Backflip","floor":13},{"not_picked":["Wraith Form v2","Venomology"],"picked":"Tools of the Trade","floor":16},{"not_picked":["PiercingWail","Acrobatics"],"picked":"Outmaneuver","floor":18},{"not_picked":["Dagger Throw+1","Choke+1"],"picked":"Eviscerate+1","floor":20},{"not_picked":["Blade Dance+1","Dagger Throw+1"],"picked":"Catalyst","floor":21}],"player_experience":155595,"relics_obtained":[{"floor":9,"key":"Bag of Preparation"},{"floor":12,"key":"The Courier"},{"floor":17,"key":"Bronze Scales"},{"floor":17,"key":"Molten Egg 2"},{"floor":17,"key":"StoneCalendar"}],"event_choices":[{"damage_healed":0,"gold_gain":0,"player_choice":"Success","damage_taken":3,"relics_obtained":["Bird Faced Urn"],"max_hp_gain":0,"max_hp_loss":0,"event_name":"Scrap Ooze","floor":2,"gold_loss":0},{"damage_healed":0,"gold_gain":0,"player_choice":"Box","damage_taken":0,"relics_obtained":["Bag of Marbles"],"max_hp_gain":0,"max_hp_loss":0,"event_name":"Big Fish","floor":3,"gold_loss":0,"cards_obtained":["Regret"]},{"damage_healed":0,"gold_gain":0,"player_choice":"Grow","damage_taken":0,"max_hp_gain":0,"max_hp_loss":0,"event_name":"Living Wall","floor":4,"gold_loss":0,"cards_upgraded":["Blade Dance"]},{"damage_healed":0,"gold_gain":30,"player_choice":"Searched \u00271\u0027 times","damage_taken":0,"max_hp_gain":0,"max_hp_loss":0,"event_name":"Dead Adventurer","floor":14,"gold_loss":0},{"damage_healed":0,"gold_gain":0,"player_choice":"Gave Potion","damage_taken":0,"relics_obtained":["MawBank"],"max_hp_gain":0,"max_hp_loss":0,"event_name":"WeMeetAgain","floor":19,"gold_loss":0}],"is_beta":true,"boss_relics":[{"not_picked":["Snecko Eye","Velvet Choker"],"picked":"Calling Bell"}],"items_purged_floors":[22],"is_endless":false,"potions_floor_spawned":[1,16,18],"killed_by":"Snake Plant","ascension_level":1}