{"gold_per_floor":[115,134,146,164,134,134,8,8,34,34,45,62,62,62,62,166,166,156,156,172,72,90,43,60,72,72,83,83],"floor_reached":28,"playtime":966,"items_purged":["Defend_B","Parasite"],"score":214,"play_id":"a6c66b9e-0c33-40a0-857b-4720c00ce97a","local_time":"20190111201748","is_ascension_mode":false,"campfire_choices":[{"data":"Buffer","floor":6,"key":"SMITH"},{"data":"Capacitor","floor":8,"key":"SMITH"},{"data":"Coolheaded","floor":13,"key":"SMITH"},{"data":"Dualcast","floor":15,"key":"SMITH"}],"neow_cost":"NONE","seed_source_timestamp":147569360474434,"circlet_count":0,"master_deck":["Strike_B","Strike_B","Strike_B","Strike_B","Defend_B","Defend_B","Defend_B","Zap+1","Dualcast+1","Ball Lightning","Capacitor+1","Coolheaded+1","Buffer+1","Turbo","Conserve Battery","Conserve Battery","Consume","Leap","Chill","Redo","Skim+1"],"relics":["Coffee Dripper","Sozu","Nunchaku"],"potions_floor_usage":[16,16,16],"damage_taken":[{"damage":1,"enemies":"Cultist","floor":1,"turns":3},{"damage":0,"enemies":"2 Louse","floor":2,"turns":2},{"damage":2,"enemies":"Small Slimes","floor":3,"turns":3},{"damage":10,"enemies":"2 Fungi Beasts","floor":4,"turns":4},{"damage":3,"enemies":"Looter","floor":5,"turns":4},{"damage":24,"enemies":"Exordium Thugs","floor":11,"turns":5},{"damage":0,"enemies":"2 Fungi Beasts","floor":12,"turns":3},{"damage":20,"enemies":"The Guardian","floor":16,"turns":12},{"damage":15,"enemies":"2 Thieves","floor":18,"turns":4},{"damage":17,"enemies":"3 Byrds","floor":20,"turns":6},{"damage":0,"enemies":"Snecko","floor":22,"turns":7},{"damage":23,"enemies":"Snake Plant","floor":24,"turns":6},{"damage":0,"enemies":"Cultist and Chosen","floor":25,"turns":10},{"damage":10,"enemies":"Chosen and Byrds","floor":27,"turns":9}],"seed_played":"2442445600904620056","potions_obtained":[{"floor":2,"key":"FearPotion"},{"floor":3,"key":"SpeedPotion"},{"floor":11,"key":"Strength Potion"},{"floor":12,"key":"Swift Potion"}],"is_trial":false,"path_per_floor":["M","M","M","M","M","R","$","R","T","?","M","M","R","?","R","B",null,"M","?","M","$","M","$","M","M","T","M","?"],"character_chosen":"DEFECT","items_purchased":["Turbo","Redo"],"campfire_rested":0,"item_purchase_floors":[7,23],"current_hp_per_floor":[74,74,72,62,59,59,59,59,59,59,35,35,35,53,53,33,75,60,60,43,43,43,43,20,20,20,10,0],"gold":83,"neow_bonus":"BOSS_RELIC","is_prod":false,"is_daily":false,"chose_seed":false,"campfire_upgraded":4,"win_rate":0,"timestamp":1547225268,"path_taken":["M","?","M","M","?","R","$","R","T","?","M","M","R","?","R","BOSS","M","?","M","$","M","$","M","M","T","?","?"],"build_version":"2019-01-10","purchased_purges":2,"victory":false,"max_hp_per_floor":[75,75,75,75,75,75,75,75,75,75,75,75,75,75,75,75,75,75,75,75,72,72,72,72,72,72,72,72],"card_choices":[{"not_picked":["Barrage","Reprogram"],"picked":"Ball Lightning","floor":1},{"not_picked":["Barrage","Stack","Rebound"],"picked":"SKIP","floor":2},{"not_picked":["Gash","Steam Power"],"picked":"Capacitor","floor":3},{"not_picked":["Sunder","Rip and Tear"],"picked":"Coolheaded","floor":4},{"not_picked":["Gash","Go for the Eyes"],"picked":"Buffer","floor":5},{"not_picked":["Reinforced Body","Compile Driver"],"picked":"Conserve Battery","floor":11},{"not_picked":["Scrape","Redo"],"picked":"Conserve Battery","floor":12},{"not_picked":["Sweeping Beam","Ball Lightning"],"picked":"Consume","floor":18},{"not_picked":["Barrage","Melter"],"picked":"Leap","floor":20},{"not_picked":["Steam+1","Lockon"],"picked":"Chill","floor":22},{"not_picked":["Sweeping Beam","Barrage","Go for the Eyes"],"picked":"SKIP","floor":24},{"not_picked":["Sweeping Beam+1","Chaos"],"picked":"Skim+1","floor":25},{"not_picked":["Barrage","Compile Driver","Streamline"],"picked":"SKIP","floor":27}],"player_experience":362830,"relics_obtained":[{"floor":26,"key":"Nunchaku"}],"event_choices":[{"damage_healed":0,"gold_gain":0,"player_choice":"Grow","damage_taken":0,"max_hp_gain":0,"max_hp_loss":0,"event_name":"Living Wall","floor":10,"gold_loss":0,"cards_upgraded":["Zap"]},{"damage_healed":18,"gold_gain":0,"player_choice":"Healed and dodged fight","damage_taken":0,"max_hp_gain":0,"max_hp_loss":0,"event_name":"Mushrooms","floor":14,"gold_loss":0,"cards_obtained":["Parasite"]},{"damage_healed":0,"gold_gain":0,"player_choice":"Ignored","damage_taken":0,"max_hp_gain":0,"max_hp_loss":0,"event_name":"NoteForYourself","floor":19,"gold_loss":0}],"is_beta":true,"boss_relics":[{"not_picked":["Tiny House","Lizard Tail"],"picked":"Sozu"}],"items_purged_floors":[7,21],"is_endless":false,"potions_floor_spawned":[2,3,11,12,20,22],"ascension_level":0}