{"gold_per_floor":[367,367,442,67,82,82,32,52,52,52,65,95,95,115,115,215,215,232,202,221,8,8,8,20,35,62,62,79,91,91,110,110,110],"floor_reached":33,"playtime":1239,"items_purged":["Strike_G"],"score":239,"play_id":"837f3cc7-bbc2-4e4e-9dd0-dac6093cc354","local_time":"20190111060047","is_ascension_mode":false,"campfire_choices":[{"floor":6.0,"key":"REST"},{"data":"Envenom","floor":10.0,"key":"SMITH"},{"data":"Infinite Blades","floor":13.0,"key":"SMITH"},{"floor":15.0,"key":"REST"},{"data":"Adrenaline","floor":23.0,"key":"SMITH"},{"data":"Adrenaline","floor":27.0,"key":"SMITH"},{"floor":32.0,"key":"REST"}],"neow_cost":"PERCENT_DAMAGE","seed_source_timestamp":0,"circlet_count":0,"master_deck":["Defend_G+1","Defend_G","Defend_G","Defend_G","Strike_G","Strike_G","Strike_G","Strike_G","Survivor","Neutralize","PiercingWail+1","Envenom+1","Caltrops","Infinite Blades+1","Blade Dance","Crippling Poison","Adrenaline+1","Deflect+1","Flying Knee+1","Adrenaline+1","Noxious Fumes","Deflect+1","Slice+1","Cloak And Dagger","Cloak And Dagger"],"special_seed":0,"relics":["Ring of the Snake","Vajra","WristBlade","Oddly Smooth Stone"],"potions_floor_usage":[33],"damage_taken":[{"damage":2.0,"enemies":"Jaw Worm","floor":1.0,"turns":8.0},{"damage":2.0,"enemies":"2 Louse","floor":5.0,"turns":3.0},{"damage":2.0,"enemies":"Small Slimes","floor":8.0,"turns":4.0},{"damage":0.0,"enemies":"Exordium Wildlife","floor":11.0,"turns":4.0},{"damage":0.0,"enemies":"3 Louse","floor":14.0,"turns":3.0},{"damage":17.0,"enemies":"Slime Boss","floor":16.0,"turns":10.0},{"damage":14.0,"enemies":"Shell Parasite","floor":18.0,"turns":5.0},{"damage":7.0,"enemies":"Spheric Guardian","floor":20.0,"turns":4.0},{"damage":3.0,"enemies":"Centurion and Healer","floor":24.0,"turns":5.0},{"damage":0.0,"enemies":"3 Cultists","floor":25.0,"turns":4.0},{"damage":16.0,"enemies":"Sentry and Sphere","floor":28.0,"turns":4.0},{"damage":0.0,"enemies":"Snake Plant","floor":29.0,"turns":4.0},{"damage":5.0,"enemies":"Colosseum Slavers","floor":30.0,"turns":3.0},{"damage":0.0,"enemies":"3 Cultists","floor":31.0,"turns":4.0},{"damage":48,"enemies":"Champ","floor":33,"turns":8}],"seed_played":"4148023824114812399","potions_obtained":[{"floor":5.0,"key":"Strength Potion"},{"floor":8.0,"key":"GhostInAJar"},{"floor":19.0,"key":"PowerPotion"},{"floor":19.0,"key":"FearPotion"},{"floor":20.0,"key":"SkillPotion"},{"floor":24.0,"key":"PowerPotion"},{"floor":25.0,"key":"Fire Potion"}],"is_trial":false,"path_per_floor":["M","?","?","$","M","R","?","M","T","R","M","?","R","M","R","B",null,"M","?","M","$","?","R","M","M","T","R","M","M","?","M","R","B"],"character_chosen":"THE_SILENT","items_purchased":["Envenom","Vajra","Adrenaline","Noxious Fumes"],"campfire_rested":3,"item_purchase_floors":[4,4,21,21],"current_hp_per_floor":[47,33,22,22,20,41,41,39,39,39,39,39,39,39,60,43,70,56,56,49,49,49,49,46,46,46,46,30,30,25,25,46,0],"gold":110,"neow_bonus":"TWO_FIFTY_GOLD","is_prod":false,"is_daily":false,"chose_seed":false,"campfire_upgraded":4,"win_rate":0,"timestamp":1547173847,"path_taken":["M","?","?","?","M","R","?","M","T","R","?","?","R","M","R","BOSS","M","?","M","?","?","R","M","M","T","R","M","M","?","M","R","BOSS"],"build_version":"2019-01-09","purchased_purges":1,"victory":false,"max_hp_per_floor":[70,70,70,70,70,70,70,70,70,70,70,70,70,70,70,70,70,70,70,70,70,70,70,70,70,70,70,70,70,70,70,70,70],"card_choices":[{"not_picked":["Bane","Underhanded Strike"],"picked":"PiercingWail","floor":1.0},{"not_picked":["Dagger Spray","Bouncing Flask"],"picked":"Caltrops","floor":5.0},{"not_picked":["Leg Sweep","Reflex"],"picked":"Infinite Blades","floor":8.0},{"not_picked":["Slice","Dagger Throw"],"picked":"Blade Dance","floor":11.0},{"not_picked":["Dagger Spray","Concentrate"],"picked":"Crippling Poison","floor":14.0},{"not_picked":["Doppelganger","Night Terror"],"picked":"Adrenaline","floor":16.0},{"not_picked":["Underhanded Strike","Deadly Poison"],"picked":"Deflect+1","floor":18.0},{"not_picked":["Bouncing Flask+1","Quick Slash"],"picked":"Flying Knee+1","floor":20.0},{"not_picked":["Sucker Punch","Poisoned Stab"],"picked":"Deflect+1","floor":24.0},{"not_picked":["Deflect+1","Poisoned Stab"],"picked":"Slice+1","floor":25.0},{"not_picked":["Dash+1","Dagger Throw"],"picked":"Cloak And Dagger","floor":28.0},{"not_picked":["Backstab","Dagger Throw"],"picked":"Cloak And Dagger","floor":29.0},{"not_picked":["Underhanded Strike+1","Wraith Form v2","Quick Slash"],"picked":"SKIP","floor":31.0}],"player_experience":355844,"relics_obtained":[{"floor":26.0,"key":"Oddly Smooth Stone"}],"event_choices":[{"damage_healed":0.0,"max_hp_gain":0.0,"max_hp_loss":0.0,"gold_gain":0.0,"event_name":"Shining Light","player_choice":"Entered Light","floor":2.0,"gold_loss":0.0,"damage_taken":14.0,"cards_upgraded":["Defend_G","PiercingWail"]},{"damage_healed":0.0,"max_hp_gain":0.0,"max_hp_loss":0.0,"gold_gain":75.0,"event_name":"World of Goop","player_choice":"Gather Gold","floor":3.0,"gold_loss":0.0,"damage_taken":11.0},{"cards_removed":["Defend_G"],"damage_healed":0.0,"max_hp_gain":0.0,"max_hp_loss":0.0,"gold_gain":0.0,"event_name":"The Cleric","player_choice":"Card Removal","floor":7.0,"gold_loss":50.0,"damage_taken":0.0},{"damage_healed":0.0,"max_hp_gain":0.0,"max_hp_loss":0.0,"gold_gain":30.0,"event_name":"Dead Adventurer","player_choice":"Searched \u00272\u0027 times","floor":12.0,"gold_loss":0.0,"damage_taken":0.0},{"damage_healed":0.0,"max_hp_gain":0.0,"max_hp_loss":0.0,"gold_gain":0.0,"event_name":"The Woman in Blue","player_choice":"Bought 2 Potions","floor":19.0,"gold_loss":0.0,"damage_taken":0.0},{"damage_healed":0.0,"max_hp_gain":0.0,"max_hp_loss":0.0,"gold_gain":0.0,"event_name":"Vampires","player_choice":"Ignored","floor":22.0,"gold_loss":0.0,"damage_taken":0.0},{"damage_healed":0.0,"max_hp_gain":0.0,"max_hp_loss":0.0,"gold_gain":0.0,"event_name":"Colosseum","player_choice":"Fight","floor":30.0,"gold_loss":0.0,"damage_taken":0.0},{"damage_healed":0.0,"max_hp_gain":0.0,"max_hp_loss":0.0,"gold_gain":0.0,"event_name":"Colosseum","player_choice":"Fled From Nobs","floor":30.0,"gold_loss":0.0,"damage_taken":0.0}],"is_beta":true,"boss_relics":[{"not_picked":["Ring of the Serpent","Snecko Eye"],"picked":"WristBlade"}],"items_purged_floors":[4],"is_endless":false,"potions_floor_spawned":[5,8,20,24,25,30],"killed_by":"Champ","ascension_level":0}