{"gold_per_floor":[218,230,240,240,128,128,138,164,209,209,228,240,240,415,415,515,515,515,515,455,455,92,92],"floor_reached":23,"playtime":1249,"items_purged":["Strike_R","Bash+1"],"score":202,"play_id":"0244372c-787a-4ea8-8073-a89339d12370","local_time":"20181226055544","is_ascension_mode":true,"campfire_choices":[{"data":"Burning Pact","floor":6,"key":"SMITH"},{"floor":10,"key":"REST"},{"data":"Warcry","floor":13,"key":"SMITH"},{"data":"Rupture","floor":15,"key":"SMITH"}],"neow_cost":"NONE","seed_source_timestamp":137557557835634,"circlet_count":0,"master_deck":["Strike_R","Strike_R","Strike_R","Strike_R","Defend_R","Defend_R","Defend_R","Defend_R","Thunderclap","Body Slam+1","Burning Pact+1","Rampage","Pommel Strike","Rupture+1","Reckless Charge","Warcry+1","Double Tap","Rupture","Anger","Intimidate+1","Flex","Immolate","Finesse"],"relics":["Burning Blood","Kunai","Bronze Scales","Ectoplasm","Spirit Poop"],"potions_floor_usage":[7,12,16],"damage_taken":[{"damage":6,"enemies":"Jaw Worm","floor":1,"turns":4},{"damage":0,"enemies":"Small Slimes","floor":2,"turns":3},{"damage":5,"enemies":"Cultist","floor":3,"turns":4},{"damage":15,"enemies":"Exordium Wildlife","floor":7,"turns":6},{"damage":35,"enemies":"3 Sentries","floor":8,"turns":8},{"damage":5,"enemies":"Looter","floor":11,"turns":3},{"damage":5,"enemies":"Gremlin Gang","floor":12,"turns":3},{"damage":51,"enemies":"Hexaghost","floor":16,"turns":10},{"damage":5,"enemies":"Chosen","floor":18,"turns":3},{"damage":25,"enemies":"2 Thieves","floor":20,"turns":4},{"damage":32,"enemies":"Snake Plant","floor":21,"turns":5},{"damage":32,"enemies":"Slavers","floor":23,"turns":3}],"seed_played":"8709321411742150408","potions_obtained":[{"floor":2,"key":"Dexterity Potion"},{"floor":3,"key":"FearPotion"},{"floor":8,"key":"SteroidPotion"},{"floor":11,"key":"PowerPotion"},{"floor":21,"key":"FearPotion"}],"is_trial":false,"path_per_floor":["M","M","M","?","$","R","M","E","T","R","M","M","R","?","R","B",null,"M","?","M","M","$","E"],"character_chosen":"IRONCLAD","items_purchased":["Rampage","Flex","Immolate","Finesse"],"campfire_rested":1,"item_purchase_floors":[5,22,22,22],"current_hp_per_floor":[80,80,80,64,64,64,55,26,26,50,51,52,52,52,52,7,80,80,80,61,35,35,3],"gold":92,"neow_bonus":"HUNDRED_GOLD","is_prod":false,"is_daily":false,"chose_seed":false,"campfire_upgraded":3,"win_rate":0,"timestamp":1545791144,"path_taken":["M","M","M","?","$","R","M","E","T","R","M","M","R","?","R","BOSS","M","?","M","M","?","E"],"build_version":"2018-12-20","purchased_purges":2,"victory":false,"max_hp_per_floor":[80,80,80,80,80,80,80,80,80,80,80,80,80,80,80,80,80,80,80,80,80,80,80],"card_choices":[{"not_picked":["True Grit","Pummel"],"picked":"Thunderclap","floor":1},{"not_picked":["Armaments","Perfected Strike"],"picked":"Body Slam","floor":2},{"not_picked":["Sentinel","Pummel"],"picked":"Burning Pact","floor":3},{"not_picked":["Hemokinesis","Dropkick"],"picked":"Pommel Strike","floor":7},{"not_picked":["Infernal Blade","Body Slam"],"picked":"Rupture","floor":8},{"not_picked":["Clash","Pommel Strike"],"picked":"Reckless Charge","floor":11},{"not_picked":["True Grit","Burning Pact"],"picked":"Warcry","floor":12},{"not_picked":["Bludgeon","Fiend Fire"],"picked":"Double Tap","floor":16},{"not_picked":["Sword Boomerang","Perfected Strike"],"picked":"Rupture","floor":18},{"not_picked":["Headbutt","Body Slam"],"picked":"Anger","floor":20},{"not_picked":["Thunderclap","Body Slam+1"],"picked":"Intimidate+1","floor":21}],"player_experience":202213,"relics_obtained":[{"floor":8,"key":"Kunai"},{"floor":9,"key":"Bronze Scales"}],"event_choices":[{"damage_healed":0,"gold_gain":0,"player_choice":"Entered Light","damage_taken":16,"max_hp_gain":0,"max_hp_loss":0,"event_name":"Shining Light","floor":4,"gold_loss":0,"cards_upgraded":["Bash","Body Slam"]},{"damage_healed":0,"gold_gain":175,"player_choice":"AGREE","damage_taken":0,"max_hp_gain":0,"max_hp_loss":0,"event_name":"Liars Game","floor":14,"gold_loss":0,"cards_obtained":["Doubt"]},{"cards_removed":["Doubt"],"damage_healed":0,"gold_gain":0,"player_choice":"Offered Curse","damage_taken":0,"relics_obtained":["Spirit Poop"],"max_hp_gain":0,"max_hp_loss":0,"event_name":"Bonfire Elementals","floor":19,"gold_loss":0}],"is_beta":true,"boss_relics":[{"not_picked":["Runic Dome","Runic Cube"],"picked":"Ectoplasm"}],"items_purged_floors":[5,22],"is_endless":false,"potions_floor_spawned":[2,3,8,11,21],"killed_by":"Slavers","ascension_level":1}