{"path_per_floor":["M","M","$","?","M","R","E","R","T","M","M","R","?","M","R","B",null,"M","M","$","?","M","R","M","E","T","M","R","?","R","M","R","B",null,"M","M","M","T","$"],"character_chosen":"THE_SILENT","items_purchased":["Acrobatics","Purity","Underhanded Strike"],"gold_per_floor":[114,129,6,6,24,24,54,54,54,65,83,83,158,177,177,274,274,294,309,115,30,41,41,57,85,109,119,119,42,42,53,53,157,157,172,191,202,202,28,28],"floor_reached":40,"campfire_rested":5,"playtime":3474,"item_purchase_floors":[3,20,39],"current_hp_per_floor":[70,70,70,68,63,63,35,35,35,14,10,34,23,12,36,4,80,60,32,32,32,20,44,43,39,39,39,63,63,63,60,80,57,80,77,37,27,27,27,0],"items_purged":["Defend_G","Strike_G","Catalyst+1"],"gold":28,"score":410,"play_id":"4b9dfc6c-a4c9-4007-b7ee-b3dd0b9caa13","local_time":"20180612014652","is_prod":false,"is_daily":false,"chose_seed":false,"is_ascension_mode":false,"campfire_upgraded":3,"win_rate":0.0,"timestamp":1528782412,"campfire_choices":[{"data":"Neutralize","floor":6,"key":"SMITH"},{"data":"Malaise","floor":8,"key":"SMITH"},{"floor":12,"key":"REST"},{"floor":15,"key":"REST"},{"floor":23,"key":"REST"},{"floor":28,"key":"REST"},{"data":"Tactician","floor":30,"key":"SMITH"},{"floor":32,"key":"REST"}],"path_taken":["M","?","$","?","M","R","E","R","T","M","M","R","?","M","R","BOSS","M","?","$","?","M","R","M","E","T","M","R","?","R","M","R","BOSS","M","M","M","?","$","M"],"build_version":"2018-06-08","seed_source_timestamp":716047644863329,"purchased_purges":3,"victory":false,"master_deck":["Defend_G","Defend_G","Strike_G","Strike_G","Strike_G","Survivor","Neutralize+1","Heel Hook","Slice","Acrobatics","Flechettes","Malaise+1","Sucker Punch","Reflex","Blur","Tactician+1","All Out Attack+1","Backflip","Purity","Prepared+1","Deflect","Tactician","Leg Sweep+1","J.A.X.","Heel Hook","Tools of the Trade","Wraith Form v2+1","Footwork+1","Outmaneuver+1","Deflect+1","Predator+1","Underhanded Strike"],"max_hp_per_floor":[70,70,70,80,80,80,80,80,80,80,80,80,80,80,80,80,80,80,80,80,80,80,80,80,80,80,80,80,80,80,80,80,80,80,80,80,80,80,80,80],"relics":["Ring of the Snake","Pear","Sundial","Paper Crane","Runic Pyramid","Ice Cream","Vajra","Boot","Astrolabe","Darkstone Periapt"],"card_choices":[{"not_picked":["Well Laid Plans","Deadly Poison"],"picked":"Heel Hook","floor":1},{"not_picked":["Endless Agony","Distraction"],"picked":"Slice","floor":2},{"not_picked":["Skewer","Dagger Spray"],"picked":"Flechettes","floor":5},{"not_picked":["Skewer","Quick Slash"],"picked":"Malaise","floor":7},{"not_picked":["Bouncing Flask","Masterful Stab"],"picked":"Sucker Punch","floor":10},{"not_picked":["Acrobatics","Flying Knee"],"picked":"Reflex","floor":11},{"not_picked":["Prepared","Terror"],"picked":"Blur","floor":14},{"not_picked":["Venomology","Die Die Die"],"picked":"Tactician","floor":16},{"not_picked":["Quick Slash","Bane"],"picked":"All Out Attack+1","floor":18},{"not_picked":["Heel Hook+1","Acrobatics"],"picked":"Backflip","floor":19},{"not_picked":["Backflip","Riddle With Holes+1"],"picked":"Prepared+1","floor":22},{"not_picked":["Flying Knee","Accuracy"],"picked":"Deflect","floor":24},{"not_picked":["Quick Slash","Caltrops"],"picked":"Tactician","floor":25},{"not_picked":["Prepared","Bane"],"picked":"Leg Sweep+1","floor":27},{"not_picked":["Poisoned Stab","PiercingWail+1"],"picked":"Heel Hook","floor":31},{"not_picked":["Burst","Unload"],"picked":"Tools of the Trade","floor":33},{"not_picked":["Sucker Punch","Expertise+1"],"picked":"Outmaneuver+1","floor":35},{"not_picked":["Cloak And Dagger","Flying Knee"],"picked":"Deflect+1","floor":36},{"not_picked":["Catalyst","Finisher+1"],"picked":"Predator+1","floor":37}],"player_experience":96992,"potions_floor_usage":[7,7,10,14,16,24,33,33,33,35],"damage_taken":[{"damage":0,"enemies":"Cultist","floor":1,"turns":4},{"damage":0,"enemies":"Jaw Worm","floor":2,"turns":5},{"damage":5,"enemies":"2 Louse","floor":5,"turns":3},{"damage":28,"enemies":"Gremlin Nob","floor":7,"turns":5},{"damage":21,"enemies":"Large Slime","floor":10,"turns":11},{"damage":4,"enemies":"Exordium Wildlife","floor":11,"turns":6},{"damage":11,"enemies":"Lots of Slimes","floor":14,"turns":5},{"damage":32,"enemies":"Hexaghost","floor":16,"turns":22},{"damage":20,"enemies":"3 Byrds","floor":18,"turns":6},{"damage":28,"enemies":"Spheric Guardian","floor":19,"turns":7},{"damage":12,"enemies":"Cultist and Chosen","floor":22,"turns":11},{"damage":1,"enemies":"3 Cultists","floor":24,"turns":5},{"damage":4,"enemies":"Gremlin Leader","floor":25,"turns":7},{"damage":0,"enemies":"Snake Plant","floor":27,"turns":6},{"damage":3,"enemies":"Chosen and Byrds","floor":31,"turns":8},{"damage":23,"enemies":"Collector","floor":33,"turns":9},{"damage":3,"enemies":"3 Darklings","floor":35,"turns":5},{"damage":40,"enemies":"Flame Bruiser 1 Orb","floor":36,"turns":9},{"damage":10,"enemies":"3 Darklings","floor":37,"turns":6},{"damage":27,"enemies":"Sphere and 2 Shapes","floor":40,"turns":3}],"relics_obtained":[{"floor":7,"key":"Sundial"},{"floor":9,"key":"Paper Crane"},{"floor":25,"key":"Vajra"},{"floor":26,"key":"Boot"},{"floor":38,"key":"Darkstone Periapt"}],"event_choices":[{"event_name":"Scrap Ooze","player_choice":"success","floor":4,"damage_taken":12},{"event_name":"World of Goop","player_choice":"Gather Gold","floor":13,"damage_taken":0},{"event_name":"Addict","player_choice":"Obtained Relic","floor":21,"damage_taken":0},{"event_name":"Drug Dealer","player_choice":"Got JAXXED","floor":29,"damage_taken":0}],"boss_relics":[{"not_picked":["Busted Crown","Runic Dome"],"picked":"Runic Pyramid"},{"not_picked":["Eternal Feather","Philosopher\u0027s Stone"],"picked":"Astrolabe"}],"items_purged_floors":[3,20,39],"potions_floor_spawned":[1,5,7,11,14,18,25,27,31,33,37],"seed_played":"3587764355780375126","killed_by":"Sphere and 2 Shapes","ascension_level":0,"potions_obtained":[{"floor":1,"key":"Explosive Potion"},{"floor":5,"key":"Dexterity Potion"},{"floor":7,"key":"GamblersBrew"},{"floor":11,"key":"AttackPotion"},{"floor":14,"key":"Block Potion"},{"floor":18,"key":"SteroidPotion"},{"floor":25,"key":"Energy Potion"},{"floor":27,"key":"Block Potion"},{"floor":31,"key":"EssenceOfSteel"},{"floor":33,"key":"SkillPotion"},{"floor":37,"key":"Strength Potion"}],"is_trial":false}