{"gold_per_floor":[109,59,74,50,70,70,102,112,112,128,128,128,140,150,150,250,250,265,120,138,138,138,138,150,150,150,150,150,168,180,206,206,308,308,327,178,190,190,202,202,216,216,216,227,274,289,289,389,389,389],"floor_reached":50,"playtime":2453,"items_purged":["Strike_R","Strike_R"],"score":518,"play_id":"cf5290cd-ac15-42ef-9ae0-05772c67be60","local_time":"20181229182319","is_ascension_mode":true,"campfire_choices":[{"data":"Havoc","floor":6,"key":"SMITH"},{"data":"Shockwave","floor":12,"key":"SMITH"},{"data":"Metallicize","floor":15,"key":"SMITH"},{"data":"Bludgeon","floor":23,"key":"SMITH"},{"data":"Shrug It Off","floor":25,"key":"SMITH"},{"data":"Offering","floor":28,"key":"SMITH"},{"data":"Inflame","floor":32,"key":"SMITH"},{"data":"Seeing Red","floor":40,"key":"SMITH"},{"data":"Heavy Blade","floor":42,"key":"SMITH"},{"data":"Reaper","floor":47,"key":"SMITH"},{"data":"Barricade","floor":49,"key":"SMITH"}],"neow_cost":"PERCENT_DAMAGE","seed_source_timestamp":2535257291625,"circlet_count":0,"master_deck":["Strike_R","Strike_R","Strike_R","Defend_R","Defend_R","Defend_R","Pummel","Heavy Blade+1","Clothesline","Havoc+1","Shockwave+1","Shrug It Off+1","Battle Trance","Headbutt","Metallicize+1","Offering+1","Spot Weakness","Shrug It Off","Inflame+1","Bludgeon+1","Juggernaut","Cleave","Inflame","Seeing Red+1","Power Through+1","Reaper+1","Shrug It Off+1","Barricade+1"],"relics":["Black Blood","Mummified Hand","Singing Bowl","Sozu","Sundial","Bronze Scales","Gremlin Horn","Pocketwatch","StoneCalendar"],"potions_floor_usage":[7,16,16],"damage_taken":[{"damage":0,"enemies":"Small Slimes","floor":1,"turns":4},{"damage":1,"enemies":"Jaw Worm","floor":3,"turns":6},{"damage":0,"enemies":"Cultist","floor":5,"turns":3},{"damage":15,"enemies":"Gremlin Nob","floor":7,"turns":4},{"damage":11,"enemies":"Blue Slaver","floor":8,"turns":5},{"damage":15,"enemies":"Exordium Wildlife","floor":10,"turns":5},{"damage":4,"enemies":"2 Fungi Beasts","floor":13,"turns":4},{"damage":7,"enemies":"Large Slime","floor":14,"turns":6},{"damage":62,"enemies":"Slime Boss","floor":16,"turns":15},{"damage":9,"enemies":"Shell Parasite","floor":18,"turns":5},{"damage":9,"enemies":"Chosen","floor":20,"turns":4},{"damage":6,"enemies":"3 Cultists","floor":24,"turns":4},{"damage":12,"enemies":"Snake Plant","floor":29,"turns":4},{"damage":6,"enemies":"Cultist and Chosen","floor":30,"turns":3},{"damage":23,"enemies":"Collector","floor":33,"turns":5},{"damage":8,"enemies":"Orb Walker","floor":35,"turns":2},{"damage":18,"enemies":"3 Shapes","floor":37,"turns":3},{"damage":11,"enemies":"Jaw Worm Horde","floor":39,"turns":2},{"damage":6,"enemies":"Transient","floor":41,"turns":5},{"damage":6,"enemies":"Maw","floor":44,"turns":6},{"damage":44,"enemies":"2 Orb Walkers","floor":45,"turns":5},{"damage":13,"enemies":"3 Darklings","floor":46,"turns":4},{"damage":38,"enemies":"Mind Bloom Boss Battle","floor":48,"turns":4},{"damage":74,"enemies":"Donu and Deca","floor":50,"turns":6}],"seed_played":"-2150915433579196438","potions_obtained":[{"floor":5,"key":"Poison Potion"},{"floor":10,"key":"Block Potion"},{"floor":14,"key":"Fire Potion"}],"is_trial":false,"path_per_floor":["M","?","M","$","M","R","E","M","T","M","?","R","M","M","R","B",null,"M","$","M","?","?","R","M","R","T","?","R","M","M","T","R","B",null,"M","$","M","?","M","R","M","R","T","M","?","M","R","?","R","B"],"character_chosen":"IRONCLAD","items_purchased":["Clothesline","Spot Weakness","Cleave"],"campfire_rested":0,"item_purchase_floors":[4,19,36],"current_hp_per_floor":[78,78,83,83,89,89,80,75,75,66,71,71,73,72,72,16,101,100,100,97,97,97,97,99,99,99,99,99,95,97,97,97,80,109,111,111,103,105,104,104,108,108,108,114,80,79,79,64,64,0],"gold":389,"neow_bonus":"TWENTY_PERCENT_HP_BONUS","is_prod":false,"is_daily":false,"chose_seed":false,"campfire_upgraded":11,"win_rate":0,"timestamp":1546095199,"path_taken":["M","?","M","$","M","R","E","M","T","M","?","R","M","M","R","BOSS","M","$","M","?","?","R","?","R","T","?","R","M","M","?","R","BOSS","M","$","M","?","M","R","M","R","T","M","?","M","R","?","R","BOSS"],"build_version":"2018-12-25","purchased_purges":2,"victory":false,"max_hp_per_floor":[96,96,96,96,96,96,96,96,96,96,101,101,101,101,101,101,101,103,103,103,103,103,103,105,105,105,105,105,107,109,109,109,109,109,111,111,111,113,113,113,113,113,113,115,115,115,115,115,115,115],"card_choices":[{"not_picked":["True Grit","Wild Strike"],"picked":"Pummel","floor":1},{"not_picked":["Havoc","Twin Strike"],"picked":"Heavy Blade","floor":3},{"not_picked":["Armaments","Second Wind"],"picked":"Havoc","floor":5},{"not_picked":["Hemokinesis","Fiend Fire"],"picked":"Shockwave","floor":7},{"not_picked":["Disarm","Flex"],"picked":"Shrug It Off","floor":8},{"not_picked":["Iron Wave","Wild Strike"],"picked":"Battle Trance","floor":10},{"not_picked":["Warcry","Body Slam"],"picked":"Headbutt","floor":13},{"not_picked":["Shockwave","True Grit"],"picked":"Metallicize","floor":14},{"not_picked":["Feed","Dark Embrace"],"picked":"Offering","floor":16},{"not_picked":["Sever Soul","Fire Breathing","Clothesline+1"],"picked":"Singing Bowl","floor":18},{"not_picked":["Ghostly Armor","Clothesline+1"],"picked":"Shrug It Off","floor":20},{"not_picked":["Clothesline","Cleave","Searing Blow+1"],"picked":"Singing Bowl","floor":24},{"not_picked":["Warcry","Fiend Fire","Clash"],"picked":"Singing Bowl","floor":29},{"not_picked":["Perfected Strike+1","Clash","Combust"],"picked":"Singing Bowl","floor":30},{"not_picked":["Exhume","Bludgeon"],"picked":"Juggernaut","floor":33},{"not_picked":["Reckless Charge","Flex+1","Warcry"],"picked":"Singing Bowl","floor":35},{"not_picked":["Body Slam","Battle Trance"],"picked":"Inflame","floor":37},{"not_picked":["Good Instincts","HandOfGreed","Blind"],"picked":"Singing Bowl","floor":38},{"not_picked":["Warcry+1","Sever Soul"],"picked":"Seeing Red","floor":39},{"not_picked":["Clash","Heavy Blade"],"picked":"Power Through+1","floor":41},{"not_picked":["Shrug It Off+1","Headbutt","Armaments+1"],"picked":"Singing Bowl","floor":44},{"not_picked":["Pummel","Shrug It Off"],"picked":"Reaper","floor":45},{"not_picked":["Wild Strike","Flex+1"],"picked":"Shrug It Off+1","floor":46},{"not_picked":["Sword Boomerang","Thunderclap"],"picked":"Barricade","floor":48}],"player_experience":261743,"relics_obtained":[{"floor":7,"key":"Mummified Hand"},{"floor":9,"key":"Singing Bowl"},{"floor":26,"key":"Sundial"},{"floor":31,"key":"Bronze Scales"},{"floor":43,"key":"Gremlin Horn"},{"floor":45,"key":"Pocketwatch"},{"floor":48,"key":"StoneCalendar"}],"event_choices":[{"cards_removed":["Bash"],"damage_healed":0,"gold_gain":0,"player_choice":"Card Removal","damage_taken":0,"max_hp_gain":0,"max_hp_loss":0,"event_name":"The Cleric","floor":2,"gold_loss":50},{"damage_healed":0,"gold_gain":0,"player_choice":"Donut","damage_taken":0,"max_hp_gain":5,"max_hp_loss":0,"event_name":"Big Fish","floor":11,"gold_loss":0},{"damage_healed":0,"gold_gain":0,"player_choice":"Read","damage_taken":0,"max_hp_gain":0,"max_hp_loss":0,"event_name":"The Library","floor":21,"gold_loss":0,"cards_obtained":["Inflame"]},{"damage_healed":0,"gold_gain":0,"cards_transformed":["Defend_R"],"player_choice":"Transformed","damage_taken":0,"max_hp_gain":0,"max_hp_loss":0,"event_name":"Transmorgrifier","floor":22,"gold_loss":0,"cards_obtained":["Bludgeon"]},{"damage_healed":0,"gold_gain":0,"player_choice":"Ignored","damage_taken":0,"max_hp_gain":0,"max_hp_loss":0,"event_name":"Cursed Tome","floor":27,"gold_loss":0},{"damage_healed":0,"gold_gain":0,"player_choice":"Memory 1","damage_taken":0,"max_hp_gain":0,"max_hp_loss":0,"event_name":"SensoryStone","floor":38,"gold_loss":0},{"damage_healed":0,"gold_gain":0,"player_choice":"Fight","damage_taken":0,"max_hp_gain":0,"max_hp_loss":0,"event_name":"Mysterious Sphere","floor":45,"gold_loss":0},{"damage_healed":0,"gold_gain":0,"player_choice":"Fight","damage_taken":0,"max_hp_gain":0,"max_hp_loss":0,"event_name":"MindBloom","floor":48,"gold_loss":0}],"is_beta":true,"boss_relics":[{"not_picked":["Ectoplasm","Mark of Pain"],"picked":"Sozu"},{"not_picked":["Calling Bell","Velvet Choker"],"picked":"Black Blood"}],"items_purged_floors":[19,36],"is_endless":false,"potions_floor_spawned":[5,10,14,20,33,35,39,41,46],"killed_by":"Donu and Deca","ascension_level":1}