{"gold_per_floor":[115,290,290,303,316,341,352,422,446,472,472,490,490,520,520,624,624,637,637],"floor_reached":19,"playtime":893,"items_purged":[],"score":196,"play_id":"46bfc8d2-5df6-4ed1-95da-72c5bc7597bd","local_time":"20190726213056","is_ascension_mode":true,"campfire_choices":[{"floor":13,"key":"REST"},{"floor":15,"key":"RECALL"}],"neow_cost":"NONE","seed_source_timestamp":3192420073712200,"circlet_count":0,"master_deck":["Bash","Shockwave","Seeing Red","Cleave","Demon Form","Armaments","Cleave","Cleave","Limit Break","Dropkick","Searing Blow","Feed","Berserk","Blood for Blood","Hemokinesis","Burning Pact","Rupture","Twin Strike"],"relics":["Burning Blood","NeowsBlessing","Du-Vu Doll","Ancient Tea Set","PreservedInsect","Gremlin Horn","Pandora\u0027s Box"],"potions_floor_usage":[10,10,16,19],"damage_taken":[{"damage":0,"enemies":"Jaw Worm","floor":1,"turns":1},{"damage":0,"enemies":"Cultist","floor":4,"turns":1},{"damage":0,"enemies":"Small Slimes","floor":5,"turns":1},{"damage":33,"enemies":"Gremlin Nob","floor":6,"turns":5},{"damage":13,"enemies":"Exordium Wildlife","floor":7,"turns":4},{"damage":39,"enemies":"Lagavulin","floor":10,"turns":7},{"damage":10,"enemies":"Exordium Thugs","floor":12,"turns":4},{"damage":5,"enemies":"Gremlin Nob","floor":14,"turns":3},{"damage":26,"enemies":"Slime Boss","floor":16,"turns":7},{"damage":50,"enemies":"Shell Parasite","floor":18,"turns":5},{"damage":37,"enemies":"3 Byrds","floor":19,"turns":3}],"seed_played":"-3094320492002464006","potions_obtained":[{"floor":4,"key":"Weak Potion"},{"floor":6,"key":"FearPotion"},{"floor":12,"key":"SneckoOil"},{"floor":16,"key":"Strength Potion"},{"floor":18,"key":"PowerPotion"}],"is_trial":false,"path_per_floor":["M","?","?","M","M","E","M","T","T","E","?","M","R","E","R","B",null,"M","M"],"character_chosen":"IRONCLAD","items_purchased":[],"campfire_rested":1,"item_purchase_floors":[],"current_hp_per_floor":[80,80,80,80,80,53,46,46,46,13,13,9,33,34,34,14,80,36,0],"gold":637,"neow_bonus":"THREE_ENEMY_KILL","is_prod":false,"is_daily":false,"chose_seed":false,"campfire_upgraded":0,"win_rate":0,"timestamp":1564201856,"path_taken":["M","?","?","M","?","E","M","?","T","E","?","M","R","E","R","BOSS","M","?"],"build_version":"2019-07-17","purchased_purges":0,"victory":false,"max_hp_per_floor":[80,80,80,80,80,80,80,80,80,80,80,80,80,80,80,80,80,80,80],"card_choices":[{"not_picked":["Thunderclap","Whirlwind"],"picked":"Shockwave","floor":1},{"not_picked":["Rampage","Shrug It Off"],"picked":"Seeing Red","floor":4},{"not_picked":["Wild Strike","Clash"],"picked":"Cleave","floor":5},{"not_picked":["Anger","Perfected Strike"],"picked":"Demon Form","floor":6},{"not_picked":["Cleave","True Grit"],"picked":"Armaments","floor":7},{"not_picked":["Perfected Strike","Hemokinesis"],"picked":"Cleave","floor":10},{"not_picked":["Sword Boomerang","Perfected Strike"],"picked":"Cleave","floor":12},{"not_picked":["Combust","Perfected Strike","Reckless Charge"],"picked":"SKIP","floor":14},{"not_picked":["Fiend Fire","Juggernaut"],"picked":"Limit Break","floor":16},{"not_picked":["Corruption","Flex+1"],"picked":"Twin Strike","floor":18}],"player_experience":99643,"relics_obtained":[{"floor":6,"key":"Du-Vu Doll"},{"floor":9,"key":"Ancient Tea Set"},{"floor":10,"key":"PreservedInsect"},{"floor":14,"key":"Gremlin Horn"}],"event_choices":[{"damage_healed":0,"gold_gain":175,"player_choice":"AGREE","damage_taken":0,"max_hp_gain":0,"max_hp_loss":0,"event_name":"Liars Game","floor":2,"gold_loss":0,"cards_obtained":["Doubt"]},{"cards_removed":["Doubt"],"damage_healed":0,"gold_gain":0,"player_choice":"Removed Curses","damage_taken":0,"max_hp_gain":0,"max_hp_loss":0,"event_name":"Fountain of Cleansing","floor":3,"gold_loss":0},{"cards_removed":["Strike_R"],"damage_healed":0,"gold_gain":0,"player_choice":"Purged","damage_taken":0,"max_hp_gain":0,"max_hp_loss":0,"event_name":"Purifier","floor":11,"gold_loss":0}],"is_beta":false,"boss_relics":[{"not_picked":["Runic Dome","Fusion Hammer"],"picked":"Pandora\u0027s Box"}],"items_purged_floors":[],"is_endless":false,"potions_floor_spawned":[4,6,12,16,18],"killed_by":"3 Byrds","ascension_level":1}