{"gold_per_floor":[118,118,129,61,75,75,94,94,94,120,10,10,30,49,49,148,148,162,175,38,38,50,50,70,70,70,34,47,47,47,47,47,142,142,159,178,178,194,213,213,233,233,233,233,251,251,251,10,10,10],"floor_reached":51,"playtime":2229,"items_purged":["Strike_G","Strike_G"],"score":734,"play_id":"1699d023-b5bd-4d1f-835e-712bbc20ac68","local_time":"20190712001445","is_ascension_mode":true,"campfire_choices":[{"data":"Accuracy","floor":6,"key":"SMITH"},{"data":"Infinite Blades","floor":8,"key":"SMITH"},{"data":"Accuracy","floor":12,"key":"SMITH"},{"data":"Accuracy","floor":15,"key":"SMITH"},{"data":"Cloak And Dagger","floor":23,"key":"SMITH"},{"floor":25,"key":"REST"},{"data":"Cloak And Dagger","floor":29,"key":"SMITH"},{"floor":32,"key":"REST"},{"data":"Footwork","floor":40,"key":"SMITH"},{"data":"Blade Dance","floor":42,"key":"SMITH"},{"data":"Accuracy","floor":44,"key":"SMITH"},{"data":"Accuracy","floor":49,"key":"SMITH"}],"neow_cost":"NONE","seed_source_timestamp":46893201421200,"circlet_count":0,"master_deck":["Strike_G","Strike_G","Defend_G","Defend_G","Defend_G","Defend_G","Defend_G","Survivor","Neutralize+1","Blade Dance","Outmaneuver","Accuracy+1","Infinite Blades+1","Deflect","Accuracy+1","Deflect","Accuracy+1","Tools of the Trade","Cloak And Dagger+1","Accuracy+1","Accuracy+1","Cloak And Dagger+1","Blade Dance+1","Footwork+1","Footwork+1"],"relics":["Ring of the Serpent","Thread and Needle","Ice Cream","Blue Candle","Coffee Dripper","Ninja Scroll","Ornamental Fan"],"potions_floor_usage":[50,50,50],"damage_taken":[{"damage":4,"enemies":"Jaw Worm","floor":1,"turns":5},{"damage":0,"enemies":"Small Slimes","floor":3,"turns":3},{"damage":4,"enemies":"Cultist","floor":5,"turns":4},{"damage":2,"enemies":"3 Louse","floor":7,"turns":4},{"damage":12,"enemies":"3 Sentries","floor":10,"turns":8},{"damage":0,"enemies":"Blue Slaver","floor":13,"turns":3},{"damage":1,"enemies":"2 Fungi Beasts","floor":14,"turns":4},{"damage":38,"enemies":"Slime Boss","floor":16,"turns":9},{"damage":5,"enemies":"Shell Parasite","floor":18,"turns":6},{"damage":13,"enemies":"2 Thieves","floor":19,"turns":4},{"damage":17,"enemies":"Snake Plant","floor":22,"turns":4},{"damage":24,"enemies":"Shelled Parasite and Fungi","floor":24,"turns":7},{"damage":0,"enemies":"Snecko","floor":28,"turns":5},{"damage":28,"enemies":"Collector","floor":33,"turns":8},{"damage":0,"enemies":"3 Shapes","floor":35,"turns":3},{"damage":15,"enemies":"3 Darklings","floor":36,"turns":4},{"damage":0,"enemies":"Maw","floor":38,"turns":6},{"damage":23,"enemies":"Spire Growth","floor":39,"turns":4},{"damage":13,"enemies":"3 Darklings","floor":41,"turns":6},{"damage":8,"enemies":"4 Shapes","floor":45,"turns":5},{"damage":5,"enemies":"Awakened One","floor":50,"turns":9}],"seed_played":"-7134815425290882721","potions_obtained":[{"floor":7,"key":"EssenceOfSteel"},{"floor":10,"key":"Energy Potion"},{"floor":13,"key":"Block Potion"},{"floor":35,"key":"Regen Potion"}],"is_trial":false,"path_per_floor":["M","?","M","$","M","R","M","R","T","E","$","R","M","M","R","B",null,"M","M","$","?","M","R","M","R","T","$","M","R","T","?","R","B",null,"M","M","?","M","M","R","M","R","T","R","M","?","?","$","R","B",null],"character_chosen":"THE_SILENT","items_purchased":["Accuracy","Accuracy","Accuracy","Footwork","Ornamental Fan"],"campfire_rested":2,"item_purchase_floors":[4,11,20,27,48],"current_hp_per_floor":[66,71,71,71,67,67,65,65,65,53,53,53,53,52,52,14,75,70,57,57,57,40,40,16,38,38,38,38,38,38,38,60,32,75,75,60,60,60,37,37,24,24,24,24,16,16,62,62,62,62],"gold":10,"neow_bonus":"UPGRADE_CARD","is_prod":false,"is_daily":false,"chose_seed":false,"campfire_upgraded":10,"win_rate":0,"timestamp":1562872485,"path_taken":["M","?","M","$","M","R","M","R","T","E","$","R","M","M","R","BOSS","M","M","$","?","M","R","M","R","T","$","M","R","?","?","R","BOSS","M","?","?","M","M","R","M","R","T","R","M","?","?","$","R","BOSS"],"build_version":"2019-07-05","purchased_purges":2,"victory":true,"max_hp_per_floor":[70,75,75,75,75,75,75,75,75,75,75,75,75,75,75,75,75,75,75,75,75,75,75,75,75,75,75,75,75,75,75,75,75,75,75,75,71,71,71,71,71,71,71,71,71,71,62,62,62,62],"card_choices":[{"not_picked":["Underhanded Strike","PiercingWail"],"picked":"Blade Dance","floor":1},{"not_picked":["Finisher","Riddle With Holes"],"picked":"Outmaneuver","floor":3},{"not_picked":["Dagger Spray","Caltrops","Acrobatics"],"picked":"SKIP","floor":5},{"not_picked":["Finisher","Eviscerate"],"picked":"Infinite Blades","floor":7},{"not_picked":["Poisoned Stab","Outmaneuver"],"picked":"Deflect","floor":10},{"not_picked":["Dagger Throw","PiercingWail"],"picked":"Deflect","floor":13},{"not_picked":["Backflip","Crippling Poison"],"picked":"Accuracy","floor":14},{"not_picked":["Venomology","Envenom"],"picked":"Tools of the Trade","floor":16},{"not_picked":["Backflip","Dodge and Roll"],"picked":"Cloak And Dagger","floor":18},{"not_picked":["Deflect","Bouncing Flask+1"],"picked":"Accuracy","floor":19},{"not_picked":["Accuracy","Blur"],"picked":"Cloak And Dagger","floor":22},{"not_picked":["Flying Knee+1","Quick Slash+1"],"picked":"Blade Dance","floor":24},{"not_picked":["Tools of the Trade","Flying Knee+1","Leg Sweep"],"picked":"SKIP","floor":28},{"not_picked":["Deadly Poison","Dagger Throw+1","PiercingWail"],"picked":"SKIP","floor":35},{"not_picked":["Bouncing Flask+1","Quick Slash+1","Deadly Poison"],"picked":"SKIP","floor":36},{"not_picked":["Dodge and Roll+1","Noxious Fumes+1","Calculated Gamble"],"picked":"SKIP","floor":38},{"not_picked":["Underhanded Strike+1","Acrobatics+1","Bane"],"picked":"SKIP","floor":39},{"not_picked":["Deadly Poison","Cloak And Dagger"],"picked":"Footwork+1","floor":41},{"not_picked":["Skewer+1","Prepared","Slice+1"],"picked":"SKIP","floor":45}],"player_experience":128139,"relics_obtained":[{"floor":9,"key":"Thread and Needle"},{"floor":10,"key":"Ice Cream"},{"floor":30,"key":"Blue Candle"},{"floor":43,"key":"Ninja Scroll"}],"event_choices":[{"damage_healed":0,"gold_gain":0,"player_choice":"Donut","damage_taken":0,"max_hp_gain":5,"max_hp_loss":0,"event_name":"Big Fish","floor":2,"gold_loss":0},{"damage_healed":0,"gold_gain":0,"player_choice":"Ignored","damage_taken":0,"max_hp_gain":0,"max_hp_loss":0,"event_name":"The Mausoleum","floor":21,"gold_loss":0},{"cards_removed":["Strike_G"],"damage_healed":0,"gold_gain":0,"player_choice":"Purged","damage_taken":0,"max_hp_gain":0,"max_hp_loss":0,"event_name":"Purifier","floor":31,"gold_loss":0},{"damage_healed":0,"gold_gain":0,"player_choice":"Max HP","damage_taken":0,"max_hp_gain":0,"max_hp_loss":4,"event_name":"Winding Halls","floor":37,"gold_loss":0},{"damage_healed":0,"gold_gain":0,"player_choice":"Memory 1","damage_taken":0,"max_hp_gain":0,"max_hp_loss":0,"event_name":"SensoryStone","floor":46,"gold_loss":0},{"damage_healed":62,"gold_gain":0,"player_choice":"Heal","damage_taken":0,"max_hp_gain":0,"max_hp_loss":9,"event_name":"The Moai Head","floor":47,"gold_loss":0}],"is_beta":false,"boss_relics":[{"not_picked":["Ectoplasm","HoveringKite"],"picked":"Ring of the Serpent"},{"not_picked":["Eternal Feather","Runic Pyramid"],"picked":"Coffee Dripper"}],"items_purged_floors":[11,20],"is_endless":false,"potions_floor_spawned":[7,10,13,14,22,28,33,35,36,38,41],"ascension_level":2}