{"gold_per_floor":[117,127,52,70,20,49,77,111,111,111,121,121,121,121,121,225,225,235,235,150,150,50,50,78,3,3,16,36,36,36,48,48,152,152,162,182,42,56,56,91,91,91],"floor_reached":42,"playtime":1373,"items_purged":["Defend_B","Strike_B+1"],"score":520,"play_id":"397be7f8-75c8-4848-8b1c-08fe02d84396","local_time":"20190702185609","is_ascension_mode":true,"campfire_choices":[{"floor":10.0,"key":"REST"},{"floor":13.0,"key":"REST"},{"data":"Biased Cognition","floor":15.0,"key":"SMITH"},{"data":"Consume","floor":23.0,"key":"SMITH"},{"data":"Coolheaded","floor":29.0,"key":"SMITH"},{"floor":32.0,"key":"REST"},{"floor":41.0,"key":"REST"}],"neow_cost":"NONE","seed_source_timestamp":0,"circlet_count":0,"master_deck":["Strike_B+1","Strike_B+1","Defend_B+1","Defend_B+1","Defend_B+1","Zap","Dualcast","Biased Cognition+1","Ball Lightning","Coolheaded+1","Consume+1","Conserve Battery","FTL+1","Capacitor+1","Echo Form+1","Buffer+1","Coolheaded","Seek","Biased Cognition+1","Biased Cognition+1","Capacitor+1"],"special_seed":0,"relics":["FrozenCore","Odd Mushroom","Dream Catcher","Frozen Egg 2","Orichalcum","Sozu","Vajra","Pantograph","Symbiotic Virus","Kunai","Nloth\u0027s Gift","Unceasing Top"],"potions_floor_usage":[],"damage_taken":[{"damage":1.0,"enemies":"Cultist","floor":1.0,"turns":3.0},{"damage":4.0,"enemies":"2 Louse","floor":2.0,"turns":2.0},{"damage":6.0,"enemies":"Jaw Worm","floor":4.0,"turns":2.0},{"damage":14.0,"enemies":"Lagavulin","floor":6.0,"turns":5.0},{"damage":10.0,"enemies":"The Mushroom Lair","floor":7.0,"turns":3.0},{"damage":13.0,"enemies":"Gremlin Nob","floor":8.0,"turns":3.0},{"damage":13.0,"enemies":"Blue Slaver","floor":11.0,"turns":2.0},{"damage":27.0,"enemies":"The Guardian","floor":16.0,"turns":9.0},{"damage":6.0,"enemies":"Shell Parasite","floor":18.0,"turns":4.0},{"damage":22.0,"enemies":"Gremlin Leader","floor":24.0,"turns":5.0},{"damage":0.0,"enemies":"Chosen","floor":27.0,"turns":4.0},{"damage":0.0,"enemies":"Centurion and Healer","floor":28.0,"turns":5.0},{"damage":23.0,"enemies":"Snake Plant","floor":31.0,"turns":3.0},{"damage":12.0,"enemies":"Collector","floor":33.0,"turns":11.0},{"damage":8.0,"enemies":"3 Shapes","floor":35.0,"turns":3.0},{"damage":2.0,"enemies":"Orb Walker","floor":36.0,"turns":3.0},{"damage":36.0,"enemies":"4 Shapes","floor":38.0,"turns":5.0},{"damage":20.0,"enemies":"Nemesis","floor":40.0,"turns":11.0},{"damage":49,"enemies":"Reptomancer","floor":42,"turns":2}],"seed_played":"-4945938294413172260","potions_obtained":[{"floor":1.0,"key":"Weak Potion"},{"floor":4.0,"key":"Fire Potion"},{"floor":8.0,"key":"Explosive Potion"},{"floor":16.0,"key":"Strength Potion"}],"is_trial":false,"path_per_floor":["M","M","$","M","$","E","?","E","T","R","M","?","R","?","R","B",null,"M","?","?","T","$","R","E","?","T","M","M","R","?","M","R","B",null,"M","M","$","M","$","E","R","E"],"character_chosen":"DEFECT","items_purchased":["Conserve Battery","Biased Cognition+1"],"campfire_rested":4,"item_purchase_floors":[5,37],"current_hp_per_floor":[74,70,70,64,64,50,40,27,27,49,36,21,43,40,40,13,75,69,69,69,69,69,69,47,47,47,47,47,47,47,24,46,59,75,67,65,65,29,29,9,31,0],"gold":91,"neow_bonus":"ONE_RANDOM_RARE_CARD","is_prod":false,"is_daily":false,"chose_seed":false,"campfire_upgraded":3,"win_rate":0,"timestamp":1562081169,"path_taken":["M","M","$","M","$","E","?","E","T","R","M","?","R","?","R","BOSS","M","?","?","?","$","R","E","?","T","M","M","R","?","M","R","BOSS","M","?","$","M","$","E","R","E"],"build_version":"2019-06-11","purchased_purges":2,"victory":false,"max_hp_per_floor":[75,75,75,75,75,75,75,75,75,75,75,75,75,75,75,75,75,75,75,75,75,75,75,75,75,75,75,75,75,75,75,75,75,75,75,75,75,75,75,75,75,75],"card_choices":[{"not_picked":["BootSequence","Genetic Algorithm"],"picked":"Ball Lightning","floor":1.0},{"not_picked":["Sweeping Beam","Tempest"],"picked":"Coolheaded","floor":2.0},{"not_picked":["Rip and Tear","Go for the Eyes"],"picked":"Consume","floor":4.0},{"not_picked":["Fission","Aggregate","Rebound"],"picked":"SKIP","floor":6.0},{"not_picked":["Beam Cell","Stack"],"picked":"FTL","floor":7.0},{"not_picked":["Amplify","Go for the Eyes","Barrage"],"picked":"SKIP","floor":8.0},{"not_picked":["Rip and Tear","Beam Cell","Go for the Eyes"],"picked":"SKIP","floor":11.0},{"not_picked":["Steam Power","Hologram"],"picked":"Capacitor+1","floor":13.0},{"not_picked":["All For One","Reboot"],"picked":"Echo Form+1","floor":16.0},{"not_picked":["Streamline","Sweeping Beam","Consume"],"picked":"SKIP","floor":18.0},{"not_picked":["Streamline","Scrape"],"picked":"Buffer+1","floor":24.0},{"not_picked":["Barrage","Force Field"],"picked":"Coolheaded","floor":27.0},{"not_picked":["Streamline+1","Hologram","Rebound"],"picked":"SKIP","floor":28.0},{"not_picked":["Barrage","Cold Snap+1","Steam+1"],"picked":"SKIP","floor":31.0},{"not_picked":["Fission","Buffer+1"],"picked":"Seek","floor":33.0},{"not_picked":["Coolheaded+1","Go for the Eyes+1","Leap+1"],"picked":"SKIP","floor":35.0},{"not_picked":["Reinforced Body+1","Hello World+1","Heatsinks+1"],"picked":"SKIP","floor":36.0},{"not_picked":["Rip and Tear+1","Beam Cell","Barrage"],"picked":"SKIP","floor":38.0},{"not_picked":["Stack+1","Steam+1"],"picked":"Biased Cognition+1","floor":40.0},{"not_picked":["Cold Snap+1","Sweeping Beam+1"],"picked":"Capacitor+1","floor":41.0}],"player_experience":712880,"relics_obtained":[{"floor":6.0,"key":"Blue Candle"},{"floor":7.0,"key":"Odd Mushroom"},{"floor":8.0,"key":"Dream Catcher"},{"floor":9.0,"key":"Frozen Egg 2"},{"floor":21.0,"key":"Pantograph"},{"floor":24.0,"key":"Symbiotic Virus"},{"floor":26.0,"key":"Kunai"},{"floor":40.0,"key":"Unceasing Top"}],"event_choices":[{"damage_healed":0.0,"max_hp_gain":0.0,"max_hp_loss":0.0,"gold_gain":0.0,"event_name":"Mushrooms","player_choice":"Fought Mushrooms","floor":7.0,"gold_loss":0.0,"damage_taken":0.0},{"damage_healed":0.0,"max_hp_gain":0.0,"max_hp_loss":0.0,"gold_gain":0.0,"event_name":"Shining Light","player_choice":"Entered Light","floor":12.0,"gold_loss":0.0,"damage_taken":15.0,"cards_upgraded":["FTL","Defend_B"]},{"damage_healed":0.0,"max_hp_gain":0.0,"max_hp_loss":0.0,"gold_gain":0.0,"event_name":"Scrap Ooze","player_choice":"Success","floor":14.0,"gold_loss":0.0,"damage_taken":3.0,"relics_obtained":["Orichalcum"]},{"damage_healed":0.0,"max_hp_gain":0.0,"max_hp_loss":0.0,"gold_gain":0.0,"event_name":"Back to Basics","player_choice":"Simplicity","floor":19.0,"gold_loss":0.0,"damage_taken":0.0,"cards_upgraded":["Strike_B","Strike_B","Strike_B","Strike_B","Defend_B","Defend_B"]},{"damage_healed":0.0,"max_hp_gain":0.0,"max_hp_loss":0.0,"gold_gain":0.0,"event_name":"Addict","player_choice":"Obtained Relic","floor":20.0,"gold_loss":85.0,"damage_taken":0.0,"relics_obtained":["Vajra"]},{"cards_removed":["Strike_B"],"damage_healed":0.0,"max_hp_gain":0.0,"max_hp_loss":0.0,"gold_gain":0.0,"event_name":"Beggar","player_choice":"Gave Gold","floor":25.0,"gold_loss":75.0,"damage_taken":0.0},{"damage_healed":0.0,"max_hp_gain":0.0,"max_hp_loss":0.0,"gold_gain":0.0,"event_name":"N\u0027loth","player_choice":"Traded Relic","floor":30.0,"relics_lost":["Blue Candle"],"gold_loss":0.0,"damage_taken":0.0,"relics_obtained":["Nloth\u0027s Gift"]}],"is_beta":true,"boss_relics":[{"not_picked":["Snecko Eye","Busted Crown"],"picked":"Sozu"},{"not_picked":["Runic Pyramid","Cursed Key"],"picked":"FrozenCore"}],"items_purged_floors":[3,22],"is_endless":false,"potions_floor_spawned":[1,4,8,16,18,27,28,33,35,36],"killed_by":"Reptomancer","ascension_level":3}