{"gold_per_floor":[111,127,127,73,93,93,122,122,122,138,169,169,169,194,194,296,296,313,313,278,288,304,304,316,316,370,395,409,427,71,71,71,166,216,234,250,30,30,30,57,57,75,153,165,165,165,38,55,55,55],"floor_reached":51,"playtime":3660,"items_purged":["Strike_G","Strike_G"],"score":861,"play_id":"d12afd1f-d588-4f3e-9386-884dd7f802bd","local_time":"20190706195905","is_ascension_mode":true,"campfire_choices":[{"data":"Deadly Poison","floor":6,"key":"SMITH"},{"data":"Outmaneuver","floor":8,"key":"SMITH"},{"floor":13,"key":"REST"},{"floor":15,"key":"REST"},{"data":"Caltrops","floor":23,"key":"SMITH"},{"floor":25,"key":"REST"},{"floor":32,"key":"REST"},{"data":"Noxious Fumes","floor":41,"key":"SMITH"},{"floor":46,"key":"REST"},{"floor":49,"key":"REST"}],"neow_cost":"NONE","seed_source_timestamp":787191115566700,"circlet_count":0,"master_deck":["Strike_G","Strike_G","Defend_G","Defend_G","Defend_G","Defend_G","Defend_G","Survivor+1","Neutralize","Outmaneuver+1","Deadly Poison+1","Flying Knee","Acrobatics+1","Outmaneuver+1","Leg Sweep+1","Caltrops+1","Deflect+1","Prepared+1","Deadly Poison+1","Deadly Poison+1","Burst+1","Adrenaline+1","Deadly Poison+1","Noxious Fumes+1","Blind+1","Madness+1","Madness+1","Well Laid Plans","Blur+1","Outmaneuver+1"],"relics":["Ring of the Snake","Bronze Scales","Toxic Egg 2","Blue Candle","Smiling Mask","Unceasing Top","Philosopher\u0027s Stone","Tiny Chest","Dream Catcher","Lantern","Tiny House","Blood Vial","Strawberry","Sundial"],"potions_floor_usage":[21,24,33,33,45,50],"damage_taken":[{"damage":0,"enemies":"Jaw Worm","floor":1,"turns":5},{"damage":2,"enemies":"Small Slimes","floor":2,"turns":4},{"damage":2,"enemies":"Cultist","floor":5,"turns":4},{"damage":13,"enemies":"Lagavulin","floor":7,"turns":6},{"damage":2,"enemies":"2 Fungi Beasts","floor":10,"turns":4},{"damage":37,"enemies":"3 Sentries","floor":11,"turns":14},{"damage":23,"enemies":"Lagavulin","floor":14,"turns":7},{"damage":30,"enemies":"Hexaghost","floor":16,"turns":11},{"damage":18,"enemies":"Shell Parasite","floor":18,"turns":6},{"damage":12,"enemies":"2 Thieves","floor":20,"turns":5},{"damage":10,"enemies":"Shelled Parasite and Fungi","floor":21,"turns":6},{"damage":12,"enemies":"Snake Plant","floor":22,"turns":4},{"damage":14,"enemies":"Cultist and Chosen","floor":24,"turns":9},{"damage":17,"enemies":"Book of Stabbing","floor":27,"turns":5},{"damage":6,"enemies":"Shelled Parasite and Fungi","floor":28,"turns":5},{"damage":16,"enemies":"Centurion and Healer","floor":29,"turns":7},{"damage":23,"enemies":"Automaton","floor":33,"turns":8},{"damage":13,"enemies":"Orb Walker","floor":35,"turns":3},{"damage":15,"enemies":"3 Darklings","floor":36,"turns":4},{"damage":0,"enemies":"Giant Head","floor":40,"turns":6},{"damage":0,"enemies":"Maw","floor":42,"turns":6},{"damage":3,"enemies":"Transient","floor":44,"turns":5},{"damage":2,"enemies":"Reptomancer","floor":45,"turns":2},{"damage":12,"enemies":"Spire Growth","floor":48,"turns":4},{"damage":36,"enemies":"Awakened One","floor":50,"turns":11}],"seed_played":"-6333728818024596188","potions_obtained":[{"floor":5,"key":"Weak Potion"},{"floor":10,"key":"Poison Potion"},{"floor":11,"key":"LiquidBronze"},{"floor":20,"key":"Regen Potion"},{"floor":22,"key":"Dexterity Potion"},{"floor":34,"key":"SmokeBomb"},{"floor":40,"key":"SmokeBomb"},{"floor":42,"key":"SteroidPotion"},{"floor":44,"key":"FairyPotion"}],"is_trial":false,"path_per_floor":["M","M","?","$","M","R","E","R","T","M","E","?","R","E","R","B",null,"M","?","M","M","M","R","M","R","T","E","M","M","$","?","R","B",null,"M","M","$","?","?","E","R","M","T","M","E","R","$","M","R","B",null],"character_chosen":"THE_SILENT","items_purchased":["Deadly Poison","Burst+1","Lantern","Noxious Fumes","Blood Vial","LiquidBronze"],"campfire_rested":6,"item_purchase_floors":[4,30,30,37,37,47],"current_hp_per_floor":[70,68,73,73,71,71,58,58,58,56,19,19,41,18,40,10,75,57,57,45,50,38,38,24,46,46,29,23,7,7,7,29,6,80,67,52,52,52,42,51,51,53,53,52,52,78,78,68,87,51],"gold":55,"neow_bonus":"RANDOM_COMMON_RELIC","is_prod":false,"is_daily":false,"chose_seed":false,"campfire_upgraded":4,"win_rate":0,"timestamp":1562425145,"path_taken":["M","M","?","$","M","R","E","R","T","M","E","?","R","E","R","BOSS","M","?","M","M","M","R","M","R","T","E","M","?","$","?","R","BOSS","M","M","$","?","?","E","R","M","T","M","E","R","$","M","R","BOSS"],"build_version":"2019-07-05","purchased_purges":2,"victory":true,"max_hp_per_floor":[70,70,75,75,75,75,75,75,75,75,75,75,75,75,75,75,75,75,75,75,75,75,75,75,75,75,75,75,75,75,75,75,75,80,80,80,80,80,80,87,87,87,87,87,87,87,87,87,87,87],"card_choices":[{"not_picked":["Poisoned Stab","Choke"],"picked":"Outmaneuver","floor":1},{"not_picked":["Reflex","Poisoned Stab","All Out Attack"],"picked":"SKIP","floor":2},{"not_picked":["Riddle With Holes","Calculated Gamble"],"picked":"Flying Knee","floor":5},{"not_picked":["Unload","Prepared"],"picked":"Acrobatics","floor":7},{"not_picked":["Sucker Punch","Dodge and Roll+1"],"picked":"Outmaneuver+1","floor":10},{"not_picked":["Dagger Throw","Underhanded Strike","Dagger Spray"],"picked":"SKIP","floor":11},{"not_picked":["Calculated Gamble+1","Corpse Explosion+1"],"picked":"Leg Sweep+1","floor":14},{"not_picked":["Finisher","Accuracy"],"picked":"Caltrops","floor":18},{"not_picked":["Bane","Quick Slash"],"picked":"Deflect+1","floor":20},{"not_picked":["Caltrops","Distraction+1"],"picked":"Prepared+1","floor":21},{"not_picked":["Bane+1","Sucker Punch","Reflex+1"],"picked":"SKIP","floor":22},{"not_picked":["Heel Hook","Slice"],"picked":"Deadly Poison+1","floor":24},{"not_picked":["Underhanded Strike","Eviscerate","Dagger Spray"],"picked":"SKIP","floor":27},{"not_picked":["Dodge and Roll+1","Eviscerate"],"picked":"Deadly Poison+1","floor":28},{"not_picked":["Poisoned Stab","PiercingWail+1","Flying Knee"],"picked":"SKIP","floor":29},{"not_picked":["Tools of the Trade","Doppelganger+1"],"picked":"Adrenaline+1","floor":33},{"not_picked":["Poisoned Stab","Underhanded Strike"],"picked":"Deadly Poison+1","floor":34},{"not_picked":["Sucker Punch+1","Glass Knife","Dagger Throw+1"],"picked":"SKIP","floor":35},{"not_picked":["Poisoned Stab","Backstab","Underhanded Strike"],"picked":"SKIP","floor":36},{"not_picked":["Metamorphosis+1","Jack Of All Trades+1"],"picked":"Blind+1","floor":38},{"not_picked":["Cloak And Dagger+1","Flying Knee+1"],"picked":"Well Laid Plans","floor":40},{"not_picked":["Infinite Blades+1","Underhanded Strike"],"picked":"Blur+1","floor":42},{"not_picked":["Dagger Spray","Flechettes+1","Quick Slash+1"],"picked":"SKIP","floor":44},{"not_picked":["Quick Slash","Escape Plan+1"],"picked":"Outmaneuver+1","floor":46},{"not_picked":["Doppelganger+1","Slice","Acrobatics+1"],"picked":"SKIP","floor":48}],"player_experience":93128,"relics_obtained":[{"floor":7,"key":"Toxic Egg 2"},{"floor":9,"key":"Blue Candle"},{"floor":11,"key":"Smiling Mask"},{"floor":14,"key":"Unceasing Top"},{"floor":26,"key":"Tiny Chest"},{"floor":27,"key":"Dream Catcher"},{"floor":40,"key":"Strawberry"},{"floor":43,"key":"Sundial"}],"event_choices":[{"damage_healed":0,"gold_gain":0,"player_choice":"Donut","damage_taken":0,"max_hp_gain":5,"max_hp_loss":0,"event_name":"Big Fish","floor":3,"gold_loss":0},{"cards_removed":["Strike_G"],"damage_healed":0,"gold_gain":0,"player_choice":"Forget","damage_taken":0,"max_hp_gain":0,"max_hp_loss":0,"event_name":"Living Wall","floor":12,"gold_loss":0},{"damage_healed":0,"gold_gain":0,"player_choice":"Bought 0 Potions","damage_taken":0,"max_hp_gain":0,"max_hp_loss":0,"event_name":"The Woman in Blue","floor":19,"gold_loss":0},{"damage_healed":0,"gold_gain":0,"player_choice":"Ignored","damage_taken":0,"max_hp_gain":0,"max_hp_loss":0,"event_name":"Cursed Tome","floor":31,"gold_loss":0},{"damage_healed":0,"gold_gain":0,"player_choice":"Memory 1","damage_taken":0,"max_hp_gain":0,"max_hp_loss":0,"event_name":"SensoryStone","floor":38,"gold_loss":0},{"damage_healed":0,"gold_gain":0,"player_choice":"Embrace Madness","damage_taken":10,"max_hp_gain":0,"max_hp_loss":0,"event_name":"Winding Halls","floor":39,"gold_loss":0,"cards_obtained":["Madness","Madness"]}],"is_beta":false,"boss_relics":[{"not_picked":["Black Star","Ectoplasm"],"picked":"Philosopher\u0027s Stone"},{"not_picked":["White Beast Statue","HoveringKite"],"picked":"Tiny House"}],"items_purged_floors":[30,47],"is_endless":false,"potions_floor_spawned":[5,10,11,20,22,40,42,44,48],"ascension_level":1}