{"gold_per_floor":[118,118,43,43,62,62,97,97,97,97,116,130,41,52,52,153,153,173,186,200,217,217,217,244,254,254,254,274,25,55,55,55,151,151,164,178,189,589,589,589],"floor_reached":40,"playtime":2551,"items_purged":["Regret","Writhe"],"score":556,"play_id":"dbf0a852-8891-431c-a9c9-7a5526c29195","local_time":"20190731212159","is_ascension_mode":true,"campfire_choices":[{"data":"Bash","floor":6,"key":"SMITH"},{"data":"Metallicize","floor":15,"key":"SMITH"},{"data":"Armaments","floor":23,"key":"SMITH"},{"data":"Entrench","floor":32,"key":"SMITH"}],"neow_cost":"NONE","seed_source_timestamp":3622219443406700,"circlet_count":0,"master_deck":["Strike_R","Strike_R","Strike_R","Strike_R+1","Strike_R","Defend_R+1","Bash+1","Offering","Reaper+1","Entrench+1","Armaments","Metallicize+1","Shrug It Off","Armaments+1","Offering","Seeing Red+1","Combust+1","Whirlwind+1","Battle Trance","Dual Wield","Whirlwind+1","Body Slam+1","Armaments","Rupture","Exhume","Barricade","Carnage+1","Battle Trance+1","Battle Trance"],"relics":["Black Blood","NeowsBlessing","Sundial","Molten Egg 2","Astrolabe","Bronze Scales","Red Mask","Ornamental Fan","Pear","Old Coin"],"potions_floor_usage":[14,16,21,24,27,30,30,39,39,40,40,40],"damage_taken":[{"damage":0,"enemies":"2 Louse","floor":1,"turns":1},{"damage":0,"enemies":"Cultist","floor":5,"turns":1},{"damage":0,"enemies":"Gremlin Nob","floor":7,"turns":1},{"damage":20,"enemies":"Small Slimes","floor":11,"turns":3},{"damage":19,"enemies":"2 Fungi Beasts","floor":12,"turns":3},{"damage":28,"enemies":"Lots of Slimes","floor":14,"turns":3},{"damage":6,"enemies":"Slime Boss","floor":16,"turns":27},{"damage":21,"enemies":"2 Thieves","floor":18,"turns":3},{"damage":12,"enemies":"3 Byrds","floor":19,"turns":1},{"damage":16,"enemies":"Cultist and Chosen","floor":20,"turns":6},{"damage":37,"enemies":"Centurion and Healer","floor":21,"turns":7},{"damage":13,"enemies":"Masked Bandits","floor":24,"turns":2},{"damage":24,"enemies":"Snake Plant","floor":25,"turns":3},{"damage":23,"enemies":"Book of Stabbing","floor":27,"turns":5},{"damage":14,"enemies":"3 Cultists","floor":28,"turns":4},{"damage":12,"enemies":"Gremlin Leader","floor":30,"turns":4},{"damage":85,"enemies":"Automaton","floor":33,"turns":7},{"damage":6,"enemies":"3 Darklings","floor":35,"turns":1},{"damage":45,"enemies":"3 Shapes","floor":36,"turns":3},{"damage":13,"enemies":"Jaw Worm Horde","floor":37,"turns":3},{"damage":22,"enemies":"Mind Bloom Boss Battle","floor":38,"turns":5},{"damage":47,"enemies":"Maw","floor":39,"turns":7},{"damage":36,"enemies":"Nemesis","floor":40,"turns":2}],"seed_played":"-3434523595695757234","potions_obtained":[{"floor":5,"key":"LiquidBronze"},{"floor":12,"key":"PowerPotion"},{"floor":16,"key":"SmokeBomb"},{"floor":19,"key":"PowerPotion"},{"floor":20,"key":"Dexterity Potion"},{"floor":24,"key":"FairyPotion"},{"floor":30,"key":"SmokeBomb"},{"floor":31,"key":"EntropicBrew"},{"floor":37,"key":"SkillPotion"}],"is_trial":false,"path_per_floor":["M","?","$","?","M","R","E","?","T","?","M","M","$","M","R","B",null,"M","M","M","M","?","R","?","M","T","E","M","$","E","?","R","B",null,"M","M","M","?","M","E"],"character_chosen":"IRONCLAD","items_purchased":["Metallicize","Shrug It Off","SneckoOil","Swift Potion"],"campfire_rested":0,"item_purchase_floors":[13,13,29,29],"current_hp_per_floor":[80,80,80,80,80,80,80,64,64,80,66,63,63,56,56,65,80,65,59,59,45,45,45,53,35,35,18,25,25,44,44,44,15,90,90,55,57,45,28,0],"gold":589,"neow_bonus":"THREE_ENEMY_KILL","is_prod":false,"is_daily":false,"chose_seed":false,"campfire_upgraded":4,"win_rate":0,"timestamp":1564633319,"path_taken":["M","?","$","?","?","R","E","?","T","?","M","?","?","M","R","BOSS","M","M","?","M","?","R","?","M","T","E","M","$","E","?","R","BOSS","M","M","?","?","M","E"],"build_version":"2019-07-17","purchased_purges":2,"victory":false,"max_hp_per_floor":[80,80,80,80,80,80,80,80,80,80,80,80,80,80,80,80,80,80,80,80,80,80,80,80,80,80,80,80,80,90,90,90,90,90,90,90,90,90,90,90],"card_choices":[{"not_picked":["Flex","Rage","Sword Boomerang"],"picked":"SKIP","floor":1},{"not_picked":["Flex","Wild Strike","Anger"],"picked":"SKIP","floor":5},{"not_picked":["Headbutt","Clothesline"],"picked":"Reaper","floor":7},{"not_picked":["Twin Strike+1","Body Slam+1"],"picked":"Entrench","floor":11},{"not_picked":["Second Wind","Rampage+1"],"picked":"Armaments","floor":12},{"not_picked":["Sword Boomerang+1","Headbutt+1"],"picked":"Armaments","floor":14},{"not_picked":["Immolate+1","Double Tap"],"picked":"Offering","floor":16},{"not_picked":["Clothesline+1","Warcry+1"],"picked":"Battle Trance","floor":18},{"not_picked":["Havoc","Cleave+1"],"picked":"Dual Wield","floor":19},{"not_picked":["True Grit","Havoc"],"picked":"Whirlwind+1","floor":20},{"not_picked":["Pommel Strike+1","Burning Pact"],"picked":"Body Slam+1","floor":21},{"not_picked":["Perfected Strike+1","Reckless Charge+1"],"picked":"Armaments","floor":24},{"not_picked":["Wild Strike+1","Sword Boomerang+1"],"picked":"Rupture","floor":25},{"not_picked":["Dark Embrace","Anger+1","Warcry"],"picked":"SKIP","floor":28},{"not_picked":["Flex+1","Cleave+1"],"picked":"Exhume","floor":30},{"not_picked":["Impervious","Reaper+1"],"picked":"Barricade","floor":33},{"not_picked":["Cleave+1","Havoc"],"picked":"Carnage+1","floor":35},{"not_picked":["Clash+1","Fire Breathing","Warcry+1"],"picked":"SKIP","floor":36},{"not_picked":["Clothesline+1","True Grit+1"],"picked":"Battle Trance+1","floor":37},{"not_picked":["Twin Strike+1","Feed+1"],"picked":"Battle Trance","floor":38}],"player_experience":106960,"relics_obtained":[{"floor":7,"key":"Molten Egg 2"},{"floor":24,"key":"Red Mask"},{"floor":26,"key":"Ornamental Fan"},{"floor":30,"key":"Pear"},{"floor":38,"key":"Old Coin"}],"event_choices":[{"damage_healed":0,"gold_gain":0,"player_choice":"Box","damage_taken":0,"relics_obtained":["Sundial"],"max_hp_gain":0,"max_hp_loss":0,"event_name":"Big Fish","floor":2,"gold_loss":0,"cards_obtained":["Regret"]},{"damage_healed":0,"gold_gain":0,"player_choice":"1 cards matched","damage_taken":0,"max_hp_gain":0,"max_hp_loss":0,"event_name":"Match and Keep!","floor":4,"gold_loss":0,"cards_obtained":["Offering"]},{"damage_healed":0,"gold_gain":0,"player_choice":"Entered Light","damage_taken":16,"max_hp_gain":0,"max_hp_loss":0,"event_name":"Shining Light","floor":8,"gold_loss":0,"cards_upgraded":["Defend_R","Strike_R"]},{"damage_healed":16,"gold_gain":0,"player_choice":"Full Heal","damage_taken":0,"max_hp_gain":0,"max_hp_loss":0,"event_name":"Wheel of Change","floor":10,"gold_loss":0},{"damage_healed":0,"gold_gain":0,"player_choice":"Opened","damage_taken":0,"relics_obtained":["Bronze Scales"],"max_hp_gain":0,"max_hp_loss":0,"event_name":"The Mausoleum","floor":22,"gold_loss":0,"cards_obtained":["Writhe"]},{"damage_healed":0,"gold_gain":0,"player_choice":"Fought Bandits","damage_taken":0,"max_hp_gain":0,"max_hp_loss":0,"event_name":"Masked Bandits","floor":24,"gold_loss":0},{"damage_healed":0,"gold_gain":0,"player_choice":"Got Potions","damage_taken":0,"max_hp_gain":0,"max_hp_loss":0,"event_name":"Lab","floor":31,"gold_loss":0},{"damage_healed":0,"gold_gain":0,"player_choice":"Fight","damage_taken":0,"max_hp_gain":0,"max_hp_loss":0,"event_name":"MindBloom","floor":38,"gold_loss":0}],"is_beta":false,"boss_relics":[{"not_picked":["Ectoplasm","White Beast Statue"],"picked":"Astrolabe"},{"not_picked":["Runic Dome","Eternal Feather"],"picked":"Black Blood"}],"items_purged_floors":[3,29],"is_endless":false,"potions_floor_spawned":[5,12,16,19,20,24,27,30,37],"killed_by":"Nemesis","ascension_level":2}