{"path_per_floor":["M","M","?","$","?","R","?","M","T","R","M","T","M","M","R","B",null,"M","?","$","M","?","R","?","M","T","?","R","M","M","M","R","B",null,"M","?","M","$","$","R","?","R","T","?","$","M","M"],"character_chosen":"IRONCLAD","items_purchased":["Dropkick","Flex"],"gold_per_floor":[117,130,130,55,5,5,5,22,22,22,39,85,97,117,117,222,222,234,149,15,26,26,26,26,43,43,43,43,62,74,92,92,188,188,206,206,223,46,46,46,46,46,46,0,0,15,30],"floor_reached":48,"campfire_rested":1,"playtime":3973,"current_hp_per_floor":[71,64,64,64,64,64,48,54,54,54,54,54,60,56,56,44,80,77,77,77,62,62,62,62,54,54,54,54,49,53,56,56,29,56,36,36,28,28,28,44,44,44,44,44,44,13,15],"items_purged":["Clumsy","Strike_R","Fiend Fire"],"gold":30,"play_id":"c15ab428-30aa-4f94-956c-32cf5e6d9eb1","is_prod":false,"is_daily":false,"campfire_rituals":0,"campfire_upgraded":7,"is_hardmode":false,"path_taken":["M","M","?","$","?","R","?","M","T","R","M","?","M","?","R","BOSS","M","?","$","M","?","R","?","M","T","?","R","?","?","M","R","BOSS","M","?","M","?","$","R","?","R","T","?","$","M","M","M"],"build_version":"2018-01-18-PROD4","purchased_purges":3,"victory":false,"master_deck":["Defend_R","Defend_R","Defend_R","Bash","Juggernaut","Inflame","Clash","Cleave","Offering","Shrug It Off","Metallicize","Twin Strike","Shrug It Off","Limit Break","Dropkick","Flex","Iron Wave","Bite_R","Bite_R","Bite_R","Bite_R","Bite_R","Fire Breathing","Pommel Strike","Body Slam","Brutality","Shrug It Off","Rampage","Flex","Clash","Clash"],"max_hp_per_floor":[80,80,80,80,80,80,80,80,80,80,80,80,80,80,80,80,80,80,80,80,80,80,80,80,80,80,56,56,56,56,56,56,56,56,56,56,56,56,56,56,56,56,56,56,56,56,56],"relics":["Black Blood","Pen Nib","Toxic Egg","Sozu","Paper Frog","Anchor","Gambling Chip","Red Mask"],"campfire_meditates":0,"card_choices":[{"not_picked":["Perfected Strike","Sword Boomerang"],"picked":"Inflame"},{"not_picked":["Thunderclap","Twin Strike"],"picked":"Clash"},{"not_picked":["Dropkick","Anger"],"picked":"Shrug It Off"},{"not_picked":["Perfected Strike","Feed"],"picked":"Metallicize"},{"not_picked":["Sword Boomerang","Combust"],"picked":"Twin Strike"},{"not_picked":["Cleave","Clothesline"],"picked":"Shrug It Off"},{"not_picked":["Dark Embrace","Feed"],"picked":"Limit Break"},{"not_picked":["Shrug It Off","Twin Strike"],"picked":"Rampage"},{"not_picked":["Perfected Strike","Spot Weakness"],"picked":"Flex"},{"not_picked":["True Grit","Perfected Strike"],"picked":"Iron Wave"},{"not_picked":["Dropkick","Rupture"],"picked":"Fire Breathing"},{"not_picked":["True Grit","Heavy Blade"],"picked":"Pommel Strike"},{"not_picked":["Thunderclap","Twin Strike"],"picked":"Body Slam"},{"not_picked":["Bludgeon","Feed"],"picked":"Brutality"},{"not_picked":["Anger","Perfected Strike"],"picked":"Shrug It Off"},{"not_picked":["Metallicize","Armaments"],"picked":"Rampage"},{"not_picked":["Headbutt","Flex"],"picked":"Clash"},{"not_picked":["Dropkick","Clothesline"],"picked":"Clash"}],"player_experience":41937,"potions_floor_usage":[13,14,16],"damage_taken":[{"damage":15,"enemies":"Jaw Worm","floor":1,"turns":5},{"damage":13,"enemies":"Blue Slaver","floor":2,"turns":6},{"damage":0,"enemies":"2 Louse","floor":8,"turns":3},{"damage":6,"enemies":"Large Slime","floor":11,"turns":6},{"damage":0,"enemies":"Looter","floor":13,"turns":3},{"damage":10,"enemies":"2 Fungi Beasts","floor":14,"turns":4},{"damage":18,"enemies":"Slime Boss","floor":16,"turns":4},{"damage":9,"enemies":"Chosen","floor":18,"turns":3},{"damage":21,"enemies":"3 Byrds","floor":21,"turns":5},{"damage":14,"enemies":"3 Cultists","floor":25,"turns":4},{"damage":21,"enemies":"Chosen and Byrds","floor":29,"turns":6},{"damage":4,"enemies":"Snecko","floor":30,"turns":3},{"damage":5,"enemies":"Snake Plant","floor":31,"turns":4},{"damage":39,"enemies":"Champ","floor":33,"turns":8},{"damage":32,"enemies":"3 Darklings","floor":35,"turns":5},{"damage":20,"enemies":"3 Shapes","floor":37,"turns":5},{"damage":51,"enemies":"Sphere and 2 Shapes","floor":46,"turns":5},{"damage":20,"enemies":"Maw","floor":47,"turns":6},{"damage":24,"enemies":"3 Darklings","floor":48,"turns":3}],"event_choices":[{"event_name":"Match and Keep!","player_choice":"3 cards matched","floor":3,"damage_taken":0},{"event_name":"Match and Keep!","player_choice":"3 cards matched","floor":3,"damage_taken":0},{"event_name":"The Cleric","player_choice":"Card Removal","floor":5,"damage_taken":0},{"event_name":"Shining Light","player_choice":"Entered Light","floor":7,"damage_taken":0},{"event_name":"Addict","player_choice":"Obtained Relic","floor":19,"damage_taken":0},{"event_name":"The Lab","player_choice":"Got Potions","floor":22,"damage_taken":0},{"event_name":"Upgrade Shrine","player_choice":"Upgraded","floor":24,"damage_taken":0},{"event_name":"Vampires","player_choice":"Became a vampire","floor":27,"damage_taken":0},{"event_name":"Transmorgrifier","player_choice":"Transform","floor":36,"damage_taken":0},{"event_name":"Tomb of Lord Red Mask","player_choice":"Paid","floor":44,"damage_taken":0}],"boss_relics":[{"not_picked":["Ectoplasm","Lizard Tail"],"picked":"Sozu"},{"not_picked":["Question Card","Snecko Eye"],"picked":"Black Blood"}],"potions_floor_spawned":[1,8,11,16,18,21,29,33,35,37,46],"seed_played":"-2550437731018869765","killed_by":"3 Darklings","is_trial":false}