{"gold_per_floor":[110,16,32,107,57,57,232,265,289,289,289],"floor_reached":11,"playtime":345,"items_purged":[],"score":72,"play_id":"08353293-84db-48fe-96ee-5866f7b4a180","local_time":"20181224175437","is_ascension_mode":true,"campfire_choices":[{"data":"Body Slam","floor":6,"key":"SMITH"},{"data":"Fire Breathing","floor":10,"key":"SMITH"}],"neow_cost":"NONE","seed_source_timestamp":8790950889155,"circlet_count":0,"master_deck":["Strike_R","Strike_R","Strike_R","Strike_R","Defend_R","Defend_R","Defend_R","Defend_R","Bash","Fire Breathing+1","Metallicize","Flex","Body Slam+1","Doubt","True Grit"],"relics":["Burning Blood","Dream Catcher","Boot"],"potions_floor_usage":[11],"damage_taken":[{"damage":13,"enemies":"2 Louse","floor":1,"turns":3},{"damage":6,"enemies":"Jaw Worm","floor":3,"turns":3},{"damage":39,"enemies":"3 Sentries","floor":8,"turns":12},{"damage":39,"enemies":"Gremlin Nob","floor":11,"turns":4}],"seed_played":"-6760866003123104462","potions_obtained":[{"floor":1,"key":"BloodPotion"},{"floor":8,"key":"FearPotion"}],"is_trial":false,"path_per_floor":["M","$","M","?","?","R","?","E","T","R","E"],"character_chosen":"IRONCLAD","items_purchased":["Metallicize","Flex"],"campfire_rested":0,"item_purchase_floors":[2,2],"current_hp_per_floor":[81,81,81,70,70,70,70,37,37,37,0],"gold":289,"neow_bonus":"TEN_PERCENT_HP_BONUS","is_prod":false,"is_daily":false,"chose_seed":false,"campfire_upgraded":2,"win_rate":0,"timestamp":1545661477,"path_taken":["M","$","M","?","?","R","?","E","T","R","E"],"build_version":"2018-12-20","purchased_purges":0,"victory":false,"max_hp_per_floor":[88,88,88,88,88,88,88,88,88,88,88],"card_choices":[{"not_picked":["Shockwave","Pommel Strike"],"picked":"Fire Breathing","floor":1},{"not_picked":["Clash","Iron Wave"],"picked":"Body Slam","floor":3},{"not_picked":["Cleave","Infernal Blade"],"picked":"True Grit","floor":8}],"player_experience":165219,"relics_obtained":[{"floor":8,"key":"Dream Catcher"},{"floor":9,"key":"Boot"}],"event_choices":[{"damage_healed":0,"gold_gain":75,"player_choice":"Gather Gold","damage_taken":11,"max_hp_gain":0,"max_hp_loss":0,"event_name":"World of Goop","floor":4,"gold_loss":0},{"cards_removed":["Strike_R"],"damage_healed":0,"gold_gain":0,"player_choice":"Card Removal","damage_taken":0,"max_hp_gain":0,"max_hp_loss":0,"event_name":"The Cleric","floor":5,"gold_loss":50},{"damage_healed":0,"gold_gain":175,"player_choice":"AGREE","damage_taken":0,"max_hp_gain":0,"max_hp_loss":0,"event_name":"Liars Game","floor":7,"gold_loss":0,"cards_obtained":["Doubt"]}],"is_beta":true,"boss_relics":[],"items_purged_floors":[],"is_endless":false,"potions_floor_spawned":[1,8],"killed_by":"Gremlin Nob","ascension_level":1}