{"path_per_floor":["M","T","M","M","?","R","M","R","T","R","M","M","E","?","R","B",null,"M","$","?","?","M","E","M"],"character_chosen":"THE_SILENT","items_purchased":["Well Laid Plans","Bandage Up","PiercingWail"],"gold_per_floor":[109,109,127,141,101,101,117,117,167,167,185,196,224,399,399,504,504,429,132,132,132,147,180,193],"floor_reached":25,"campfire_rested":0,"playtime":2754,"current_hp_per_floor":[61,61,61,54,54,54,65,65,65,65,65,60,73,73,73,34,84,69,69,69,69,66,12,4],"items_purged":["Doubt"],"gold":193,"play_id":"43ea8b4b-eeba-41ed-8ec5-103ad9ac4b39","is_prod":false,"is_daily":false,"campfire_rituals":0,"campfire_upgraded":4,"is_hardmode":false,"path_taken":["M","?","M","?","?","R","M","R","T","R","M","M","E","?","R","BOSS","M","$","?","?","M","E","M","E"],"build_version":"2018-01-18-PROD3","purchased_purges":1,"victory":false,"master_deck":["Defend_G","Defend_G","Defend_G","Defend_G","Defend_G","Strike_G","Strike_G","Strike_G","Strike_G","Survivor","Neutralize","Quick Slash","Outmaneuver","Sucker Punch","Envenom","Dagger Spray","PiercingWail","Finisher","After Image","Infinite Blades","Well Laid Plans","Bandage Up","PiercingWail","Flying Knee","Bane","Deflect"],"max_hp_per_floor":[70,70,70,70,70,70,70,70,70,70,70,70,84,84,84,84,84,84,84,84,84,84,84,84],"relics":["Ring of the Snake","Oddly Smooth Stone","Ginger","Bronze Scales","Mango","Eternal Feather","Juzu Bracelet"],"campfire_meditates":0,"card_choices":[{"not_picked":["Dagger Throw","Dodge and Roll"],"picked":"Quick Slash"},{"not_picked":["Acrobatics","Poisoned Stab"],"picked":"Outmaneuver"},{"not_picked":["Masterful Stab","Poisoned Stab"],"picked":"Sucker Punch"},{"not_picked":["Dagger Throw","Predator"],"picked":"Envenom"},{"not_picked":["Dodge and Roll","Deadly Poison"],"picked":"Dagger Spray"},{"not_picked":["Flechettes","Dagger Spray"],"picked":"PiercingWail"},{"not_picked":["Prepared","Heel Hook"],"picked":"Finisher"},{"not_picked":["Corpse Explosion","Tools of the Trade"],"picked":"After Image"},{"not_picked":["Finisher","Bane"],"picked":"Infinite Blades"},{"not_picked":["Sucker Punch","Catalyst"],"picked":"Flying Knee"},{"not_picked":["Dagger Throw","Dodge and Roll"],"picked":"Bane"},{"not_picked":["Slice","Phantasmal Killer"],"picked":"Deflect"}],"player_experience":13396,"potions_floor_usage":[7,12,13,16,16,23],"damage_taken":[{"damage":9,"enemies":"Blue Slaver","floor":1,"turns":4},{"damage":0,"enemies":"Cultist","floor":3,"turns":4},{"damage":7,"enemies":"Jaw Worm","floor":4,"turns":7},{"damage":1,"enemies":"Looter","floor":7,"turns":5},{"damage":0,"enemies":"Large Slime","floor":11,"turns":5},{"damage":5,"enemies":"3 Louse","floor":12,"turns":1},{"damage":1,"enemies":"Lagavulin","floor":13,"turns":8},{"damage":39,"enemies":"The Guardian","floor":16,"turns":10},{"damage":15,"enemies":"2 Thieves","floor":18,"turns":5},{"damage":7,"enemies":"Spheric Guardian","floor":22,"turns":6},{"damage":58,"enemies":"Gremlin Leader","floor":23,"turns":10},{"damage":12,"enemies":"Snake Plant","floor":24,"turns":5},{"damage":11,"enemies":"Book of Stabbing","floor":25,"turns":5}],"event_choices":[{"event_name":"The Woman in Blue","player_choice":"Bought 3 Potions","floor":5,"damage_taken":0},{"event_name":"Liars Game","player_choice":"agreed","floor":14,"damage_taken":0},{"event_name":"Back to Basics","player_choice":"Elegance","floor":20,"damage_taken":0},{"event_name":"Upgrade Shrine","player_choice":"Upgraded","floor":21,"damage_taken":0}],"boss_relics":[{"not_picked":["Runic Dome","The Specimen"],"picked":"Eternal Feather"}],"potions_floor_spawned":[7,12,22],"seed_played":"-2640545676259836495","killed_by":"Book of Stabbing","is_trial":false}