{"gold_per_floor":[368,387,4,79,354,354,365,394,476,511,511,521,14,28,28,28],"floor_reached":16,"playtime":1807,"items_purged":[],"score":204,"play_id":"2fc76a14-2d73-43e5-9186-e14897857764","local_time":"20190728050711","is_ascension_mode":true,"campfire_choices":[{"data":"Bash","floor":6.0,"key":"SMITH"},{"data":"True Grit","floor":11.0,"key":"SMITH"},{"data":"Wild Strike","floor":15,"key":"SMITH"}],"neow_cost":"PERCENT_DAMAGE","seed_source_timestamp":1553146957280309,"circlet_count":0,"master_deck":["AscendersBane","Strike_R","Strike_R","Strike_R","Strike_R","Strike_R","Defend_R","Defend_R","Defend_R+1","Defend_R+1","Bash+1","True Grit+1","Disarm","Regret","Sword Boomerang","Wild Strike+1","Anger","True Grit","Feed","Metallicize+1","Battle Trance"],"special_seed":0,"relics":["Burning Blood","Lee\u0027s Waffle","Blood Vial","War Paint","Paper Frog","Ancient Tea Set","Frozen Egg 2"],"potions_floor_usage":[],"damage_taken":[{"damage":4.0,"enemies":"Small Slimes","floor":1.0,"turns":4.0},{"damage":1.0,"enemies":"Cultist","floor":2.0,"turns":4.0},{"damage":3.0,"enemies":"2 Louse","floor":7.0,"turns":5.0},{"damage":30.0,"enemies":"Gremlin Nob","floor":8.0,"turns":4.0},{"damage":24.0,"enemies":"Lagavulin","floor":10.0,"turns":5.0},{"damage":17.0,"enemies":"Lots of Slimes","floor":12.0,"turns":5.0},{"damage":12.0,"enemies":"2 Fungi Beasts","floor":14.0,"turns":6.0},{"damage":36,"enemies":"The Guardian","floor":16,"turns":2}],"seed_played":"-487359111399761207","potions_obtained":[{"floor":2.0,"key":"SkillPotion"},{"floor":8.0,"key":"SteroidPotion"},{"floor":12.0,"key":"LiquidBronze"}],"is_trial":false,"path_per_floor":["M","M","$","?","?","R","M","E","T","E","R","M","$","M","R","B"],"character_chosen":"IRONCLAD","items_purchased":["Lee\u0027s Waffle","Blood Vial","Feed","Frozen Egg 2","Metallicize+1"],"campfire_rested":0,"item_purchase_floors":[3,3,13,13,13],"current_hp_per_floor":[52,57,82,71,71,71,76,54,54,38,38,29,29,28,28,0],"gold":28,"neow_bonus":"TWO_FIFTY_GOLD","is_prod":false,"is_daily":false,"chose_seed":false,"campfire_upgraded":3,"win_rate":0,"timestamp":1564304831,"path_taken":["M","M","$","?","?","R","M","E","T","E","R","M","$","?","R","BOSS"],"build_version":"2019-07-17","purchased_purges":0,"victory":false,"max_hp_per_floor":[75,75,82,82,82,82,82,82,82,82,82,82,82,85,85,85],"card_choices":[{"not_picked":["Perfected Strike","Shockwave"],"picked":"True Grit","floor":1.0},{"not_picked":["Bloodletting","Cleave"],"picked":"Disarm","floor":2.0},{"not_picked":["Sentinel","Second Wind"],"picked":"Sword Boomerang","floor":7.0},{"not_picked":["Bloodletting","Pommel Strike"],"picked":"Wild Strike","floor":8.0},{"not_picked":["Armaments","Ghostly Armor"],"picked":"Anger","floor":10.0},{"not_picked":["Second Wind","Flex"],"picked":"True Grit","floor":12.0},{"not_picked":["Armaments","Pummel"],"picked":"Battle Trance","floor":14}],"player_experience":857095,"relics_obtained":[{"floor":8.0,"key":"War Paint"},{"floor":9.0,"key":"Paper Frog"},{"floor":10.0,"key":"Ancient Tea Set"}],"event_choices":[{"damage_healed":0.0,"max_hp_gain":0.0,"max_hp_loss":0.0,"gold_gain":75.0,"event_name":"World of Goop","player_choice":"Gather Gold","floor":4.0,"gold_loss":0.0,"damage_taken":11.0},{"damage_healed":0.0,"max_hp_gain":0.0,"max_hp_loss":0.0,"gold_gain":275.0,"event_name":"Golden Shrine","player_choice":"Desecrate","floor":5.0,"gold_loss":0.0,"damage_taken":0.0,"cards_obtained":["Regret"]}],"is_beta":false,"boss_relics":[],"items_purged_floors":[],"is_endless":false,"potions_floor_spawned":[2,8,12],"killed_by":"The Guardian","ascension_level":17}