{"gold_per_floor":[109,129,61,61,61,92,92,119,144,159,129,129,145,165,165,269,269,280,298,298,24,42,42,54,74,74,88,100,100,100,25,25,128,128,143,160,0,13,25,25,44,61,61,61,61,61,61,76,76,76],"floor_reached":51,"playtime":2609,"items_purged":["Bash"],"score":720,"play_id":"cb825269-4482-4a25-8816-a1e3bcc38390","local_time":"20181229192205","is_ascension_mode":true,"campfire_choices":[{"floor":7,"key":"REST"},{"floor":12,"key":"REST"},{"data":"Uppercut","floor":15,"key":"SMITH"},{"data":"Demon Form","floor":23,"key":"SMITH"},{"data":"Metallicize","floor":29,"key":"SMITH"},{"data":"Metallicize","floor":32,"key":"SMITH"},{"data":"Limit Break","floor":40,"key":"SMITH"},{"floor":45,"key":"REST"},{"floor":49,"key":"REST"}],"neow_cost":"NONE","seed_source_timestamp":5900426254885,"circlet_count":0,"master_deck":["Strike_R","Strike_R","Strike_R","Strike_R","Defend_R","Defend_R","Defend_R","Defend_R","Offering+1","Power Through","Battle Trance","Headbutt","Metallicize+1","Demon Form+1","Uppercut+1","Heavy Blade","Reaper","Inflame","Dropkick","Metallicize+1","Dropkick","Disarm","Pommel Strike","Flame Barrier+1","Limit Break+1","Shrug It Off","Ghostly Armor","Writhe","Apotheosis"],"relics":["Burning Blood","Orichalcum","Lantern","Anchor","Bag of Marbles","Lizard Tail","ClockworkSouvenir","Dream Catcher","Busted Crown","Red Mask","Nunchaku"],"potions_floor_usage":[6,6,8,18,24,36,41],"damage_taken":[{"damage":3,"enemies":"Small Slimes","floor":1,"turns":4},{"damage":7,"enemies":"Cultist","floor":2,"turns":4},{"damage":40,"enemies":"Gremlin Nob","floor":6,"turns":6},{"damage":35,"enemies":"Lagavulin","floor":8,"turns":8},{"damage":0,"enemies":"2 Louse","floor":10,"turns":3},{"damage":19,"enemies":"Large Slime","floor":13,"turns":7},{"damage":0,"enemies":"Red Slaver","floor":14,"turns":3},{"damage":27,"enemies":"Hexaghost","floor":16,"turns":7},{"damage":22,"enemies":"Spheric Guardian","floor":18,"turns":6},{"damage":18,"enemies":"Chosen","floor":19,"turns":5},{"damage":26,"enemies":"Shelled Parasite and Fungi","floor":22,"turns":5},{"damage":15,"enemies":"Snecko","floor":24,"turns":4},{"damage":9,"enemies":"Snake Plant","floor":25,"turns":4},{"damage":11,"enemies":"Sentry and Sphere","floor":27,"turns":8},{"damage":12,"enemies":"Shelled Parasite and Fungi","floor":28,"turns":6},{"damage":16,"enemies":"Champ","floor":33,"turns":9},{"damage":62,"enemies":"3 Shapes","floor":35,"turns":5},{"damage":16,"enemies":"3 Darklings","floor":36,"turns":6},{"damage":12,"enemies":"Spire Growth","floor":38,"turns":6},{"damage":18,"enemies":"4 Shapes","floor":39,"turns":8},{"damage":42,"enemies":"Transient","floor":41,"turns":5},{"damage":18,"enemies":"Maw","floor":42,"turns":7},{"damage":44,"enemies":"Sphere and 2 Shapes","floor":48,"turns":8},{"damage":105,"enemies":"Awakened One","floor":50,"turns":10}],"seed_played":"1594195576285979866","potions_obtained":[{"floor":1,"key":"Explosive Potion"},{"floor":2,"key":"FearPotion"},{"floor":5,"key":"Regen Potion"},{"floor":5,"key":"Dexterity Potion"},{"floor":16,"key":"Block Potion"},{"floor":19,"key":"SneckoOil"},{"floor":22,"key":"AttackPotion"},{"floor":28,"key":"Ancient Potion"},{"floor":33,"key":"Explosive Potion"},{"floor":38,"key":"FearPotion"},{"floor":48,"key":"SteroidPotion"}],"is_trial":false,"path_per_floor":["M","M","$","?","?","E","R","E","T","M","?","R","M","M","R","B",null,"M","M","?","$","M","R","M","M","T","M","M","R","?","?","R","B",null,"M","M","?","M","M","R","M","M","T","?","R","?","$","M","R","B",null],"character_chosen":"IRONCLAD","items_purchased":["Battle Trance","ClockworkSouvenir"],"campfire_rested":4,"item_purchase_floors":[3,21],"current_hp_per_floor":[80,79,79,54,54,20,44,30,30,36,36,60,47,53,53,32,80,64,58,58,58,50,50,50,47,47,42,48,48,74,74,74,64,80,32,37,37,40,52,52,24,26,26,46,70,70,70,32,56,17],"gold":76,"neow_bonus":"ONE_RANDOM_RARE_CARD","is_prod":false,"is_daily":false,"chose_seed":false,"campfire_upgraded":5,"win_rate":0,"timestamp":1546098725,"path_taken":["M","M","$","?","?","E","R","E","T","?","?","R","M","M","R","BOSS","M","M","?","$","M","R","M","M","T","?","M","R","?","?","R","BOSS","M","M","?","M","M","R","M","M","T","?","R","?","$","M","R","BOSS"],"build_version":"2018-12-25","purchased_purges":1,"victory":true,"max_hp_per_floor":[80,80,80,80,80,80,80,80,80,80,80,80,80,80,80,80,80,80,80,80,80,80,80,80,80,80,80,80,80,80,80,80,80,80,80,80,80,80,80,80,80,80,80,80,80,80,80,80,80,80],"card_choices":[{"not_picked":["Cleave","Body Slam"],"picked":"Power Through","floor":1},{"not_picked":["Anger","Burning Pact","True Grit"],"picked":"SKIP","floor":2},{"not_picked":["Sever Soul","Heavy Blade"],"picked":"Headbutt","floor":6},{"not_picked":["Rage","Searing Blow"],"picked":"Metallicize","floor":8},{"not_picked":["Twin Strike","Armaments"],"picked":"Demon Form","floor":10},{"not_picked":["Feel No Pain","Warcry"],"picked":"Uppercut","floor":13},{"not_picked":["Armaments","Body Slam"],"picked":"Heavy Blade","floor":14},{"not_picked":["Double Tap","Brutality"],"picked":"Reaper","floor":16},{"not_picked":["Flex","Second Wind+1"],"picked":"Inflame","floor":18},{"not_picked":["Anger","Second Wind"],"picked":"Dropkick","floor":19},{"not_picked":["Thunderclap","Second Wind+1"],"picked":"Metallicize","floor":22},{"not_picked":["Sentinel+1","Sword Boomerang"],"picked":"Dropkick","floor":24},{"not_picked":["Cleave","Blood for Blood"],"picked":"Disarm","floor":25},{"not_picked":["Iron Wave","Flex+1"],"picked":"Pommel Strike","floor":27},{"not_picked":["Wild Strike","Shrug It Off"],"picked":"Flame Barrier+1","floor":28},{"not_picked":["Bludgeon","Dark Embrace"],"picked":"Limit Break","floor":33},{"not_picked":[],"picked":"Shrug It Off","floor":35},{"not_picked":["Entrench"],"picked":"SKIP","floor":36},{"not_picked":["Armaments+1"],"picked":"SKIP","floor":38},{"not_picked":["Rupture"],"picked":"SKIP","floor":39},{"not_picked":[],"picked":"Ghostly Armor","floor":41},{"not_picked":["Battle Trance"],"picked":"SKIP","floor":42},{"not_picked":[],"picked":"Apotheosis","floor":46},{"not_picked":["Bloodletting"],"picked":"SKIP","floor":48}],"player_experience":264643,"relics_obtained":[{"floor":6,"key":"Lantern"},{"floor":8,"key":"Anchor"},{"floor":9,"key":"Bag of Marbles"},{"floor":26,"key":"Dream Catcher"},{"floor":43,"key":"Nunchaku"}],"event_choices":[{"damage_healed":0,"gold_gain":0,"player_choice":"Success","damage_taken":25,"relics_obtained":["Orichalcum"],"max_hp_gain":0,"max_hp_loss":0,"event_name":"Scrap Ooze","floor":4,"gold_loss":0},{"damage_healed":0,"gold_gain":0,"player_choice":"Got Potions","damage_taken":0,"max_hp_gain":0,"max_hp_loss":0,"event_name":"Lab","floor":5,"gold_loss":0},{"damage_healed":0,"gold_gain":0,"player_choice":"Left Gold","damage_taken":0,"max_hp_gain":0,"max_hp_loss":0,"event_name":"World of Goop","floor":11,"gold_loss":30},{"damage_healed":0,"gold_gain":0,"player_choice":"Upgraded","damage_taken":0,"max_hp_gain":0,"max_hp_loss":0,"event_name":"Upgrade Shrine","floor":20,"gold_loss":0,"cards_upgraded":["Offering"]},{"damage_healed":26,"gold_gain":0,"player_choice":"Heal","damage_taken":0,"max_hp_gain":0,"max_hp_loss":0,"event_name":"The Library","floor":30,"gold_loss":0},{"cards_removed":["Strike_R"],"damage_healed":0,"gold_gain":0,"player_choice":"Gave Gold","damage_taken":0,"max_hp_gain":0,"max_hp_loss":0,"event_name":"Beggar","floor":31,"gold_loss":75},{"damage_healed":0,"gold_gain":0,"player_choice":"Paid","damage_taken":0,"relics_obtained":["Red Mask"],"max_hp_gain":0,"max_hp_loss":0,"event_name":"Tomb of Lord Red Mask","floor":37,"gold_loss":160},{"damage_healed":20,"gold_gain":0,"player_choice":"Writhe","damage_taken":0,"max_hp_gain":0,"max_hp_loss":0,"event_name":"Winding Halls","floor":44,"gold_loss":0,"cards_obtained":["Writhe"]},{"damage_healed":0,"gold_gain":0,"player_choice":"Memory 1","damage_taken":0,"max_hp_gain":0,"max_hp_loss":0,"event_name":"SensoryStone","floor":46,"gold_loss":0}],"is_beta":true,"boss_relics":[{"not_picked":["Coffee Dripper","Runic Dome"],"picked":"Lizard Tail"},{"not_picked":["Snecko Eye","Eternal Feather"],"picked":"Busted Crown"}],"items_purged_floors":[21],"is_endless":false,"potions_floor_spawned":[1,2,16,19,22,28,33,38,48],"ascension_level":1}