{"gold_per_floor":[118,118,118,42,54,54,79,79,79,79,54,88,88,101,101,175,175,194,164,164,176,55,55,68,86,112,131,147,147,160,171,171,171],"floor_reached":33,"playtime":1359,"items_purged":[],"score":568,"play_id":"d9a14fc4-a5a0-4d90-a980-9ad53c76f0ce","local_time":"20190731235438","is_ascension_mode":true,"campfire_choices":[{"data":"Neutralize","floor":6.0,"key":"SMITH"},{"data":"Blur","floor":8.0,"key":"SMITH"},{"data":"PiercingWail","floor":10.0,"key":"SMITH"},{"floor":13.0,"key":"REST"},{"data":"Dodge and Roll","floor":15.0,"key":"SMITH"},{"data":"Noxious Fumes","floor":23.0,"key":"SMITH"},{"floor":29.0,"key":"REST"},{"floor":32.0,"key":"REST"}],"neow_cost":"NONE","seed_source_timestamp":986362687899500,"circlet_count":0,"master_deck":["AscendersBane","Strike_G","Strike_G","Strike_G","Strike_G","Strike_G","Defend_G","Defend_G","Defend_G","Defend_G","Defend_G","Survivor","Neutralize+1","Blur+1","PiercingWail+1","PiercingWail","Sucker Punch+1","Dodge and Roll+1","Dagger Spray+1","Die Die Die+1","Escape Plan","Heel Hook+1","Sucker Punch+1","Finisher+1","Predator+1","Noxious Fumes+1","Blur+1","Well Laid Plans","Predator+1","Bouncing Flask+1","Dagger Spray+1"],"special_seed":0,"relics":["Ring of the Snake","NeowsBlessing","Molten Egg 2","Darkstone Periapt","Oddly Smooth Stone","Sozu","PreservedInsect"],"potions_floor_usage":[],"damage_taken":[{"damage":0.0,"enemies":"Small Slimes","floor":1.0,"turns":1.0},{"damage":0.0,"enemies":"2 Louse","floor":5.0,"turns":1.0},{"damage":0.0,"enemies":"3 Sentries","floor":7.0,"turns":2.0},{"damage":48.0,"enemies":"Gremlin Nob","floor":12.0,"turns":6.0},{"damage":1.0,"enemies":"Jaw Worm","floor":14.0,"turns":6.0},{"damage":9.0,"enemies":"The Guardian","floor":16.0,"turns":16.0},{"damage":14.0,"enemies":"Spheric Guardian","floor":18.0,"turns":7.0},{"damage":3.0,"enemies":"2 Thieves","floor":19.0,"turns":4.0},{"damage":2.0,"enemies":"3 Cultists","floor":21.0,"turns":6.0},{"damage":6.0,"enemies":"Snecko","floor":24.0,"turns":7.0},{"damage":22.0,"enemies":"Cultist and Chosen","floor":25.0,"turns":7.0},{"damage":4.0,"enemies":"Centurion and Healer","floor":27.0,"turns":8.0},{"damage":9.0,"enemies":"Shelled Parasite and Fungi","floor":28.0,"turns":6.0},{"damage":0.0,"enemies":"3 Cultists","floor":30.0,"turns":5.0},{"damage":0.0,"enemies":"Centurion and Healer","floor":31.0,"turns":4.0},{"damage":54,"enemies":"Champ","floor":33,"turns":12}],"seed_played":"2445729361460860787","potions_obtained":[{"floor":5.0,"key":"AttackPotion"},{"floor":12.0,"key":"PowerPotion"},{"floor":14.0,"key":"Fruit Juice"}],"is_trial":false,"path_per_floor":["M","?","?","$","M","R","E","R","T","R","$","E","R","M","R","B",null,"M","M","?","M","$","R","M","M","T","M","M","R","M","M","R","B"],"character_chosen":"THE_SILENT","items_purchased":["Blur","Sucker Punch+1","Predator+1","Noxious Fumes"],"campfire_rested":3,"item_purchase_floors":[4,11,22,22],"current_hp_per_floor":[59,59,64,64,64,64,64,64,64,64,64,16,37,41,41,32,65,51,48,48,46,46,46,40,18,18,14,5,27,27,27,49,0],"gold":171,"neow_bonus":"THREE_ENEMY_KILL","is_prod":false,"is_daily":false,"chose_seed":false,"campfire_upgraded":5,"win_rate":0,"timestamp":1564588478,"path_taken":["M","?","?","$","?","R","E","R","T","R","?","E","R","M","R","BOSS","M","M","?","M","$","R","M","M","T","M","M","R","?","?","R","BOSS"],"build_version":"2019-07-17","purchased_purges":0,"victory":false,"max_hp_per_floor":[66,66,71,71,71,71,71,71,71,71,71,71,71,76,76,76,76,76,76,76,76,76,76,76,76,76,76,76,76,76,76,76,76],"card_choices":[{"not_picked":["Blade Dance","Dagger Throw","Bane"],"picked":"SKIP","floor":1.0},{"not_picked":["Setup","Expertise"],"picked":"PiercingWail","floor":5.0},{"not_picked":["Deadly Poison","Underhanded Strike"],"picked":"PiercingWail","floor":7.0},{"not_picked":["Quick Slash+1","Phantasmal Killer"],"picked":"Dodge and Roll","floor":12.0},{"not_picked":["Backflip","Reflex"],"picked":"Dagger Spray+1","floor":14.0},{"not_picked":["Burst","Malaise"],"picked":"Die Die Die+1","floor":16.0},{"not_picked":["Infinite Blades","Prepared"],"picked":"Escape Plan","floor":18.0},{"not_picked":["Blade Dance","Underhanded Strike+1"],"picked":"Heel Hook+1","floor":19.0},{"not_picked":["Bane+1","Deflect"],"picked":"Finisher+1","floor":21.0},{"not_picked":["Bane+1","Poisoned Stab+1"],"picked":"Blur+1","floor":24.0},{"not_picked":["Distraction","Deadly Poison","Leg Sweep"],"picked":"SKIP","floor":25.0},{"not_picked":["Slice+1","Blade Dance"],"picked":"Well Laid Plans","floor":27.0},{"not_picked":["Poisoned Stab+1","Skewer+1"],"picked":"Predator+1","floor":28.0},{"not_picked":["Deadly Poison","Tactician"],"picked":"Bouncing Flask+1","floor":30.0},{"not_picked":["Blade Dance","Phantasmal Killer"],"picked":"Dagger Spray+1","floor":31.0}],"player_experience":767184,"relics_obtained":[{"floor":7.0,"key":"Molten Egg 2"},{"floor":9.0,"key":"Darkstone Periapt"},{"floor":12.0,"key":"Oddly Smooth Stone"},{"floor":26.0,"key":"PreservedInsect"}],"event_choices":[{"damage_healed":0.0,"max_hp_gain":0.0,"max_hp_loss":0.0,"gold_gain":0.0,"event_name":"Liars Game","player_choice":"Ignored","floor":2.0,"gold_loss":0.0,"damage_taken":0.0},{"damage_healed":0.0,"max_hp_gain":5.0,"max_hp_loss":0.0,"gold_gain":0.0,"event_name":"Big Fish","player_choice":"Donut","floor":3.0,"gold_loss":0.0,"damage_taken":0.0},{"damage_healed":0.0,"max_hp_gain":0.0,"max_hp_loss":0.0,"gold_gain":0.0,"event_name":"Match and Keep!","player_choice":"1 cards matched","floor":20.0,"gold_loss":0.0,"damage_taken":0.0,"cards_obtained":["Sucker Punch"]}],"is_beta":false,"boss_relics":[{"not_picked":["Tiny House","Coffee Dripper"],"picked":"Sozu"}],"items_purged_floors":[],"is_endless":false,"potions_floor_spawned":[5,12,14,19,21,28,30,31],"killed_by":"Champ","ascension_level":20}