{"gold_per_floor":[116,42,56,75,175,175,49,49,49,23,88,88,122,140,140,237,237,256,3,3,3,3,3,14,44,44,44,44,44],"floor_reached":29,"playtime":1272,"items_purged":["Strike_R"],"score":324,"play_id":"82db5bac-c126-4438-bb2f-0e73bb495f84","local_time":"20190727234846","is_ascension_mode":true,"campfire_choices":[{"data":"Armaments","floor":6,"key":"SMITH"},{"data":"Metallicize","floor":8,"key":"SMITH"},{"data":"Offering","floor":15,"key":"SMITH"},{"data":"Berserk","floor":23,"key":"SMITH"},{"floor":28,"key":"REST"}],"neow_cost":"NONE","seed_source_timestamp":423772230158600,"circlet_count":0,"master_deck":["Defend_R","Defend_R","Defend_R","Defend_R+1","Bash","Flex","Metallicize+1","Heavy Blade","Armaments+1","Inflame","Flex","Shrug It Off","Shrug It Off+1","Offering+1","Berserk+1","Bite","Bite","Bite","Bite","Bite","J.A.X.","Heavy Blade+1","Flex"],"relics":["Burning Blood","Bottled Lightning","Tiny Chest","Smiling Mask","White Beast Statue","Membership Card","Question Card","Anchor"],"potions_floor_usage":[29,29,29],"damage_taken":[{"damage":2,"enemies":"2 Louse","floor":1,"turns":4},{"damage":2,"enemies":"Cultist","floor":3,"turns":4},{"damage":3,"enemies":"Small Slimes","floor":4,"turns":5},{"damage":13,"enemies":"3 Sentries","floor":11,"turns":9},{"damage":0,"enemies":"Lagavulin","floor":13,"turns":8},{"damage":15,"enemies":"2 Fungi Beasts","floor":14,"turns":4},{"damage":19,"enemies":"Hexaghost","floor":16,"turns":16},{"damage":29,"enemies":"Chosen","floor":18,"turns":8},{"damage":37,"enemies":"3 Byrds","floor":24,"turns":9},{"damage":76,"enemies":"Book of Stabbing","floor":25,"turns":8},{"damage":45,"enemies":"Gremlin Leader","floor":29,"turns":4}],"seed_played":"-6623618430805992700","potions_obtained":[{"floor":3,"key":"PowerPotion"},{"floor":11,"key":"Dexterity Potion"},{"floor":14,"key":"Ancient Potion"}],"is_trial":false,"path_per_floor":["M","$","M","M","?","R","$","R","T","$","E","?","E","M","R","B",null,"M","$","?","?","?","R","M","E","T","$","R","E"],"character_chosen":"IRONCLAD","items_purchased":["Metallicize","Inflame","Flex","Shrug It Off","Membership Card"],"campfire_rested":1,"item_purchase_floors":[2,7,7,10,19],"current_hp_per_floor":[88,88,88,88,88,88,88,88,88,88,81,63,69,60,60,47,88,65,65,61,61,61,61,56,15,15,15,33,0],"gold":44,"neow_bonus":"TEN_PERCENT_HP_BONUS","is_prod":false,"is_daily":false,"chose_seed":false,"campfire_upgraded":4,"win_rate":0,"timestamp":1564253326,"path_taken":["M","$","M","M","?","R","?","R","T","$","E","?","E","M","R","BOSS","M","$","?","?","?","R","M","E","T","$","R","E"],"build_version":"2019-07-17","purchased_purges":1,"victory":false,"max_hp_per_floor":[88,88,88,88,88,88,88,88,88,88,88,88,88,88,88,88,88,88,88,61,61,61,61,61,61,61,61,61,61],"card_choices":[{"not_picked":["Uppercut","Thunderclap"],"picked":"Flex","floor":1},{"not_picked":["Rampage","Whirlwind"],"picked":"Heavy Blade","floor":3},{"not_picked":["True Grit","Sword Boomerang"],"picked":"Armaments","floor":4},{"not_picked":["Intimidate","Evolve"],"picked":"Shrug It Off","floor":11},{"not_picked":["Reckless Charge","Warcry"],"picked":"Offering","floor":13},{"not_picked":["Uppercut","Searing Blow","Anger"],"picked":"SKIP","floor":14},{"not_picked":["Juggernaut","Bludgeon"],"picked":"Berserk","floor":16},{"not_picked":["Iron Wave+1","Flex","Wild Strike"],"picked":"SKIP","floor":18},{"not_picked":["Cleave","Dual Wield+1"],"picked":"Heavy Blade+1","floor":24},{"not_picked":["Warcry","Anger"],"picked":"Flex","floor":25}],"player_experience":161789,"relics_obtained":[{"floor":9,"key":"Bottled Lightning"},{"floor":11,"key":"Tiny Chest"},{"floor":13,"key":"Smiling Mask"},{"floor":25,"key":"Question Card"},{"floor":26,"key":"Anchor"}],"event_choices":[{"damage_healed":0,"gold_gain":100,"player_choice":"Pray","damage_taken":0,"max_hp_gain":0,"max_hp_loss":0,"event_name":"Golden Shrine","floor":5,"gold_loss":0},{"damage_healed":0,"gold_gain":0,"player_choice":"Entered Light","damage_taken":18,"max_hp_gain":0,"max_hp_loss":0,"event_name":"Shining Light","floor":12,"gold_loss":0,"cards_upgraded":["Shrug It Off","Defend_R"]},{"damage_healed":0,"gold_gain":0,"player_choice":"Became a vampire","damage_taken":0,"max_hp_gain":0,"max_hp_loss":27,"event_name":"Vampires","floor":20,"gold_loss":0,"cards_obtained":["Bite","Bite","Bite","Bite","Bite"]},{"damage_healed":0,"gold_gain":0,"player_choice":"Obtain J.A.X.","damage_taken":0,"max_hp_gain":0,"max_hp_loss":0,"event_name":"Drug Dealer","floor":21,"gold_loss":0,"cards_obtained":["J.A.X."]}],"is_beta":false,"boss_relics":[{"not_picked":["Fusion Hammer","Velvet Choker"],"picked":"White Beast Statue"}],"items_purged_floors":[19],"is_endless":false,"potions_floor_spawned":[3,11,14,18,24,25],"killed_by":"Gremlin Leader","ascension_level":2}