{"gold_per_floor":[112,124,135,61,74,74,104,104,104,119,119,137,166,116,116,216,216,229,240,240,210,3,3,15,15,15,27,46,64,74,124,124,220,220,232,246,263,273,147,147,177,177,252,266,266,10,10,26,26,26],"floor_reached":51,"playtime":2279,"items_purged":["Strike_B+1","Strike_B+1"],"score":757,"play_id":"e7373479-1ca5-47e1-b55d-4d224f721d0b","local_time":"20190628201055","is_ascension_mode":true,"campfire_choices":[{"data":"Zap","floor":6,"key":"SMITH"},{"data":"Static Discharge","floor":8,"key":"SMITH"},{"data":"Glacier","floor":11,"key":"SMITH"},{"data":"Self Repair","floor":15,"key":"SMITH"},{"data":"Seek","floor":23,"key":"SMITH"},{"data":"Dualcast","floor":25,"key":"SMITH"},{"data":"Defragment","floor":32,"key":"SMITH"},{"floor":40,"key":"REST"},{"floor":45,"key":"REST"},{"floor":47,"key":"RECALL"},{"floor":49,"key":"REST"}],"neow_cost":"NONE","seed_source_timestamp":101422901619559,"circlet_count":0,"master_deck":["Strike_B+1","Strike_B+1","Defend_B+1","Defend_B+1","Zap+1","Dualcast+1","Ball Lightning","BootSequence","Conserve Battery","Leap","Static Discharge+1","Glacier+1","Self Repair+1","Seek+1","Lockon+1","Ball Lightning+1","Conserve Battery+1","Cold Snap+1","Defragment+1","Defragment","BootSequence","Electrodynamics","Skim+1","Turbo","Chill+1"],"relics":["Cracked Core","Omamori","Blood Vial","Molten Egg 2","Lizard Tail","Runic Capacitor","Mercury Hourglass","Fusion Hammer","Blue Candle","Question Card","Lantern"],"potions_floor_usage":[3,10,18,24,24,36,38,41,44,48,50],"damage_taken":[{"damage":0,"enemies":"2 Louse","floor":1,"turns":2},{"damage":0,"enemies":"Small Slimes","floor":2,"turns":3},{"damage":0,"enemies":"Cultist","floor":3,"turns":3},{"damage":3,"enemies":"Blue Slaver","floor":5,"turns":2},{"damage":18,"enemies":"Lagavulin","floor":7,"turns":7},{"damage":0,"enemies":"Gremlin Gang","floor":10,"turns":3},{"damage":0,"enemies":"Large Slime","floor":12,"turns":5},{"damage":6,"enemies":"3 Sentries","floor":13,"turns":9},{"damage":28,"enemies":"Slime Boss","floor":16,"turns":12},{"damage":7,"enemies":"Spheric Guardian","floor":18,"turns":4},{"damage":3,"enemies":"Chosen","floor":19,"turns":5},{"damage":0,"enemies":"Snecko","floor":24,"turns":2},{"damage":16,"enemies":"Snake Plant","floor":27,"turns":3},{"damage":7,"enemies":"Cultist and Chosen","floor":28,"turns":4},{"damage":16,"enemies":"Shelled Parasite and Fungi","floor":29,"turns":7},{"damage":12,"enemies":"Sentry and Sphere","floor":30,"turns":4},{"damage":30,"enemies":"Collector","floor":33,"turns":7},{"damage":30,"enemies":"3 Darklings","floor":35,"turns":5},{"damage":1,"enemies":"3 Shapes","floor":36,"turns":3},{"damage":34,"enemies":"Spire Growth","floor":37,"turns":5},{"damage":29,"enemies":"Maw","floor":38,"turns":6},{"damage":22,"enemies":"Nemesis","floor":41,"turns":7},{"damage":0,"enemies":"Transient","floor":44,"turns":5},{"damage":8,"enemies":"Sphere and 2 Shapes","floor":48,"turns":4},{"damage":53,"enemies":"Time Eater","floor":50,"turns":13}],"seed_played":"-3041946204772224181","potions_obtained":[{"floor":1,"key":"Block Potion"},{"floor":3,"key":"SteroidPotion"},{"floor":5,"key":"Explosive Potion"},{"floor":21,"key":"Fire Potion"},{"floor":21,"key":"FearPotion"},{"floor":27,"key":"Ancient Potion"},{"floor":28,"key":"Regen Potion"},{"floor":35,"key":"Block Potion"},{"floor":38,"key":"SteroidPotion"},{"floor":42,"key":"FocusPotion"},{"floor":42,"key":"Swift Potion"},{"floor":44,"key":"GamblersBrew"},{"floor":48,"key":"SmokeBomb"}],"is_trial":false,"path_per_floor":["M","M","M","$","M","R","E","R","T","M","R","M","E","?","R","B",null,"M","M","?","?","$","R","M","R","T","M","M","M","M","?","R","B",null,"M","M","M","M","$","R","E","?","T","M","R","$","R","M","R","B",null],"character_chosen":"DEFECT","items_purchased":["Static Discharge","Runic Capacitor","Block Potion","Lantern"],"campfire_rested":3,"item_purchase_floors":[4,22,39,46],"current_hp_per_floor":[75,75,75,75,72,72,54,54,54,56,56,58,54,54,54,28,75,75,75,75,75,75,75,75,75,75,69,74,69,69,69,69,41,75,55,56,34,29,29,51,41,41,41,53,75,75,75,75,75,32],"gold":26,"neow_bonus":"TRANSFORM_CARD","is_prod":false,"is_daily":false,"chose_seed":false,"campfire_upgraded":7,"win_rate":0,"timestamp":1561740055,"path_taken":["M","M","M","$","M","R","E","R","T","M","R","M","E","?","R","BOSS","M","M","?","?","$","R","M","R","T","?","M","M","M","?","R","BOSS","M","M","M","?","$","R","E","?","T","M","R","?","R","M","R","BOSS"],"build_version":"2019-06-11","purchased_purges":2,"victory":true,"max_hp_per_floor":[75,75,75,75,75,75,75,75,75,75,75,75,75,75,75,75,75,75,75,75,75,75,75,75,75,75,75,75,75,75,75,75,75,75,75,75,75,75,75,75,75,75,75,75,75,75,75,75,75,75],"card_choices":[{"not_picked":["Undo","Hologram"],"picked":"BootSequence","floor":1},{"not_picked":["Hologram","Scrape"],"picked":"Conserve Battery","floor":2},{"not_picked":["Cold Snap","Undo"],"picked":"Leap","floor":3},{"not_picked":["Loop","Turbo"],"picked":"Glacier","floor":5},{"not_picked":["Conserve Battery","Hologram","Rebound"],"picked":"SKIP","floor":7},{"not_picked":["Reboot","Cold Snap","Consume"],"picked":"SKIP","floor":10},{"not_picked":["Scrape","Hologram","Steam"],"picked":"SKIP","floor":12},{"not_picked":["Steam Power","Heatsinks"],"picked":"Self Repair","floor":13},{"not_picked":["Fission","Hyperbeam+1"],"picked":"Seek","floor":16},{"not_picked":["Redo","Conserve Battery"],"picked":"Lockon+1","floor":18},{"not_picked":["Sweeping Beam+1","Scrape+1"],"picked":"Ball Lightning+1","floor":19},{"not_picked":["Coolheaded","Streamline+1"],"picked":"Conserve Battery+1","floor":24},{"not_picked":["Genetic Algorithm","Doom and Gloom+1"],"picked":"Cold Snap+1","floor":27},{"not_picked":["Seek","Barrage+1"],"picked":"Defragment","floor":28},{"not_picked":["Capacitor","Heatsinks+1"],"picked":"Defragment","floor":29},{"not_picked":["Redo+1","Turbo"],"picked":"BootSequence","floor":30},{"not_picked":["Buffer","All For One+1"],"picked":"Electrodynamics","floor":33},{"not_picked":["Beam Cell+1","Conserve Battery+1","Stack"],"picked":"SKIP","floor":35},{"not_picked":["BootSequence","Conserve Battery+1"],"picked":"Skim+1","floor":36},{"not_picked":["Meteor Strike+1","Heatsinks+1","Chaos+1"],"picked":"SKIP","floor":37},{"not_picked":["Coolheaded+1","Compile Driver+1","Steam"],"picked":"SKIP","floor":38},{"not_picked":["Cold Snap+1","Leap","BootSequence"],"picked":"SKIP","floor":41},{"not_picked":["Steam+1","Hello World+1","Conserve Battery+1"],"picked":"Turbo","floor":44},{"not_picked":["Aggregate+1","Hologram+1","Cold Snap+1"],"picked":"Chill+1","floor":48}],"player_experience":708521,"relics_obtained":[{"floor":7,"key":"Omamori"},{"floor":9,"key":"Blood Vial"},{"floor":13,"key":"Molten Egg 2"},{"floor":26,"key":"Mercury Hourglass"},{"floor":41,"key":"Blue Candle"},{"floor":43,"key":"Question Card"}],"event_choices":[{"cards_removed":["Defend_B"],"damage_healed":0,"gold_gain":0,"player_choice":"Card Removal","damage_taken":0,"max_hp_gain":0,"max_hp_loss":0,"event_name":"The Cleric","floor":14,"gold_loss":50},{"damage_healed":0,"gold_gain":0,"player_choice":"Simplicity","damage_taken":0,"max_hp_gain":0,"max_hp_loss":0,"event_name":"Back to Basics","floor":20,"gold_loss":0,"cards_upgraded":["Strike_B","Strike_B","Strike_B","Strike_B","Defend_B","Defend_B"]},{"damage_healed":0,"gold_gain":0,"player_choice":"Bought 2 Potions","damage_taken":0,"max_hp_gain":0,"max_hp_loss":0,"event_name":"The Woman in Blue","floor":21,"gold_loss":0},{"damage_healed":0,"gold_gain":100,"player_choice":"Bet on Murderer","damage_taken":0,"max_hp_gain":0,"max_hp_loss":0,"event_name":"The Joust","floor":31,"gold_loss":50},{"damage_healed":0,"gold_gain":0,"player_choice":"Got Potions","damage_taken":0,"max_hp_gain":0,"max_hp_loss":0,"event_name":"Lab","floor":42,"gold_loss":0}],"is_beta":true,"boss_relics":[{"not_picked":["Empty Cage","White Beast Statue"],"picked":"Lizard Tail"},{"not_picked":["Velvet Choker","Eternal Feather"],"picked":"Fusion Hammer"}],"items_purged_floors":[39,46],"is_endless":false,"potions_floor_spawned":[1,3,5,27,28,35,38,44,48],"ascension_level":2}