{"gold_per_floor":[112,131,143,161,161,161,171,190,243,243,52,80,80,99,99,200,200,216,230,240,155,184,196,236,248,260,272,284,308,320,346,358,471,483,512,535,557,581,593,605,667,679,691,735,747,777,818,841,853,865],"floor_reached":50,"playtime":4378,"items_purged":[],"score":603,"play_id":"1551f478-cbb2-4930-894b-ee532299d810","local_time":"20190628000515","is_ascension_mode":false,"campfire_choices":[{"data":"Anger","floor":6,"key":"SMITH"},{"data":"Sword Boomerang","floor":10,"key":"SMITH"},{"floor":13,"key":"REST"},{"data":"Inflame","floor":15,"key":"SMITH"},{"floor":23,"key":"REST"},{"floor":25,"key":"REST"},{"floor":32,"key":"REST"},{"floor":40,"key":"REST"},{"floor":42,"key":"REST"},{"floor":49,"key":"DIG"}],"neow_cost":"NONE","seed_source_timestamp":23645362259100,"circlet_count":0,"master_deck":["Strike_R+1","Strike_R","Strike_R","Strike_R","Strike_R","Defend_R","Defend_R","Defend_R","Defend_R","Sword Boomerang+1","Anger+1","Carnage","Uppercut","Heavy Blade+1","Apotheosis","Battle Trance","Inflame+1","Iron Wave","Inflame","Clothesline","Ghostly Armor","Reaper","Iron Wave","Whirlwind","Iron Wave","Twin Strike+1","Iron Wave","Battle Trance","Sword Boomerang","Shockwave+1","Fiend Fire+1","Madness","Madness","Thunderclap+1","Inflame+1","Spot Weakness"],"relics":["Burning Blood","Vajra","Whetstone","Meat on the Bone","Fusion Hammer","MawBank","Shuriken","Matryoshka","Kunai","Sozu","Ginger","Molten Egg 2","Dodecahedron","Shovel","Question Card","Pantograph"],"potions_floor_usage":[],"damage_taken":[{"damage":1,"enemies":"Jaw Worm","floor":1,"turns":6},{"damage":5,"enemies":"Cultist","floor":2,"turns":4},{"damage":3,"enemies":"Small Slimes","floor":3,"turns":4},{"damage":8,"enemies":"3 Louse","floor":4,"turns":5},{"damage":0,"enemies":"Exordium Wildlife","floor":7,"turns":3},{"damage":21,"enemies":"Lots of Slimes","floor":8,"turns":5},{"damage":28,"enemies":"Lagavulin","floor":12,"turns":4},{"damage":8,"enemies":"3 Louse","floor":14,"turns":4},{"damage":45,"enemies":"The Guardian","floor":16,"turns":7},{"damage":19,"enemies":"Shell Parasite","floor":18,"turns":4},{"damage":5,"enemies":"Chosen","floor":19,"turns":3},{"damage":15,"enemies":"Snake Plant","floor":20,"turns":4},{"damage":35,"enemies":"Shelled Parasite and Fungi","floor":22,"turns":5},{"damage":16,"enemies":"Gremlin Leader","floor":24,"turns":6},{"damage":18,"enemies":"Centurion and Healer","floor":29,"turns":5},{"damage":14,"enemies":"Snake Plant","floor":31,"turns":4},{"damage":32,"enemies":"Collector","floor":33,"turns":9},{"damage":25,"enemies":"3 Shapes","floor":35,"turns":3},{"damage":10,"enemies":"3 Darklings","floor":36,"turns":3},{"damage":27,"enemies":"Maw","floor":37,"turns":6},{"damage":4,"enemies":"Transient","floor":38,"turns":5},{"damage":70,"enemies":"2 Orb Walkers","floor":41,"turns":5},{"damage":14,"enemies":"Reptomancer","floor":44,"turns":5},{"damage":4,"enemies":"Sphere and 2 Shapes","floor":46,"turns":3},{"damage":20,"enemies":"Giant Head","floor":47,"turns":7},{"damage":37,"enemies":"Writhing Mass","floor":48,"turns":5},{"damage":90,"enemies":"Awakened One","floor":50,"turns":7}],"seed_played":"-6406837008385832204","potions_obtained":[{"floor":4,"key":"Block Potion"},{"floor":7,"key":"Strength Potion"},{"floor":16,"key":"Ancient Potion"}],"is_trial":false,"path_per_floor":["M","M","M","M","?","R","M","M","T","R","$","E","R","M","R","B",null,"M","M","M","?","M","R","E","R","T","?","?","M","?","M","R","B",null,"M","M","M","M","?","R","?","R","T","E","?","M","E","M","R","B"],"character_chosen":"IRONCLAD","items_purchased":["Apotheosis"],"campfire_rested":6,"item_purchase_floors":[11],"current_hp_per_floor":[88,88,88,86,86,86,88,73,73,73,73,51,77,75,75,48,88,75,76,67,67,50,76,66,88,88,88,88,85,85,86,88,67,88,86,82,74,76,76,88,48,74,74,88,77,88,74,55,55,0],"gold":865,"neow_bonus":"TEN_PERCENT_HP_BONUS","is_prod":false,"is_daily":false,"chose_seed":false,"campfire_upgraded":3,"win_rate":0.0,"timestamp":1561662315,"path_taken":["M","M","M","M","?","R","M","M","T","R","?","E","R","M","R","BOSS","M","M","M","?","M","R","E","R","T","?","?","?","?","M","R","BOSS","M","M","?","M","?","R","?","R","T","E","?","M","E","M","R","BOSS"],"build_version":"2019-01-23","purchased_purges":0,"victory":false,"max_hp_per_floor":[88,88,88,88,88,88,88,88,88,88,88,88,88,88,88,88,88,88,88,88,88,88,88,88,88,88,88,88,88,88,88,88,88,88,88,88,88,88,88,88,88,88,88,88,88,88,88,88,88,88],"card_choices":[{"not_picked":["Warcry","Seeing Red"],"picked":"Sword Boomerang","floor":1},{"not_picked":["Sword Boomerang","Warcry"],"picked":"Anger","floor":2},{"not_picked":["Thunderclap","Sword Boomerang"],"picked":"Flex","floor":3},{"not_picked":["Warcry","Perfected Strike"],"picked":"Carnage","floor":4},{"not_picked":["Power Through","Armaments"],"picked":"Uppercut","floor":7},{"not_picked":["Rupture","Pommel Strike"],"picked":"Heavy Blade","floor":8},{"not_picked":["Anger","Twin Strike"],"picked":"Battle Trance","floor":12},{"not_picked":["Fiend Fire","Thunderclap"],"picked":"Inflame","floor":14},{"not_picked":["Barricade","Bludgeon"],"picked":"Berserk","floor":16},{"not_picked":["Armaments","Entrench"],"picked":"Iron Wave","floor":18},{"not_picked":["Warcry","Searing Blow"],"picked":"Inflame","floor":19},{"not_picked":["Bloodletting","Dual Wield"],"picked":"Clothesline","floor":20},{"not_picked":["Armaments","Battle Trance+1"],"picked":"Ghostly Armor","floor":22},{"not_picked":["Rupture","Iron Wave"],"picked":"Reaper","floor":24},{"not_picked":["Clothesline","Body Slam"],"picked":"Iron Wave","floor":29},{"not_picked":["Flex+1","Sword Boomerang"],"picked":"Iron Wave","floor":31},{"not_picked":["Hemokinesis","Dropkick"],"picked":"Twin Strike+1","floor":35},{"not_picked":["Flex","Corruption+1"],"picked":"Iron Wave","floor":36},{"not_picked":["Body Slam+1","Anger"],"picked":"Battle Trance","floor":37},{"not_picked":["Seeing Red+1","Blood for Blood"],"picked":"Sword Boomerang","floor":38},{"not_picked":["Dropkick+1","Flex+1"],"picked":"Shockwave+1","floor":41},{"not_picked":["Pommel Strike+1","Perfected Strike+1"],"picked":"Fiend Fire+1","floor":44},{"not_picked":["Warcry+1","Iron Wave+1"],"picked":"Thunderclap+1","floor":46},{"not_picked":["Sword Boomerang+1","Intimidate+1"],"picked":"Inflame+1","floor":47},{"not_picked":["Warcry+1","Clothesline+1","Uppercut+1"],"picked":"Spot Weakness","floor":48}],"player_experience":13225,"relics_obtained":[{"floor":9,"key":"Whetstone"},{"floor":12,"key":"Meat on the Bone"},{"floor":24,"key":"Shuriken"},{"floor":26,"key":"Matryoshka"},{"floor":41,"key":"Ginger"},{"floor":43,"key":"Molten Egg 2"},{"floor":43,"key":"Dodecahedron"},{"floor":44,"key":"Shovel"},{"floor":47,"key":"Question Card"},{"floor":49,"key":"Pantograph"}],"event_choices":[{"cards_removed":["Flex"],"damage_healed":0,"gold_gain":0,"player_choice":"Gave Card","damage_taken":0,"relics_obtained":["Vajra"],"max_hp_gain":0,"max_hp_loss":0,"event_name":"WeMeetAgain","floor":5,"gold_loss":0},{"damage_healed":0,"gold_gain":0,"player_choice":"Obtained Relic","damage_taken":0,"relics_obtained":["MawBank"],"max_hp_gain":0,"max_hp_loss":0,"event_name":"Addict","floor":21,"gold_loss":85},{"damage_healed":0,"gold_gain":0,"player_choice":"Opened","damage_taken":0,"relics_obtained":["Kunai"],"max_hp_gain":0,"max_hp_loss":0,"event_name":"The Mausoleum","floor":27,"gold_loss":0},{"damage_healed":0,"gold_gain":0,"player_choice":"Ignored","damage_taken":0,"max_hp_gain":0,"max_hp_loss":0,"event_name":"Ghosts","floor":28,"gold_loss":0},{"damage_healed":0,"gold_gain":0,"cards_transformed":["Berserk"],"player_choice":"Transformed","damage_taken":0,"max_hp_gain":0,"max_hp_loss":0,"event_name":"Transmorgrifier","floor":30,"gold_loss":0,"cards_obtained":["Whirlwind"]},{"cards_removed":["Bash"],"damage_healed":0,"gold_gain":0,"player_choice":"Removed Attack","damage_taken":0,"max_hp_gain":0,"max_hp_loss":0,"event_name":"Falling","floor":39,"gold_loss":0},{"damage_healed":0,"gold_gain":0,"player_choice":"Fight","damage_taken":0,"max_hp_gain":0,"max_hp_loss":0,"event_name":"Mysterious Sphere","floor":41,"gold_loss":0},{"damage_healed":0,"gold_gain":0,"player_choice":"Embrace Madness","damage_taken":11,"max_hp_gain":0,"max_hp_loss":0,"event_name":"Winding Halls","floor":45,"gold_loss":0,"cards_obtained":["Madness","Madness"]}],"is_beta":false,"boss_relics":[{"not_picked":["Runic Dome","Busted Crown"],"picked":"Fusion Hammer"},{"not_picked":["Philosopher\u0027s Stone","Black Blood"],"picked":"Sozu"}],"items_purged_floors":[],"is_endless":false,"potions_floor_spawned":[4,7,16,19,29,33,35,44,46,47],"killed_by":"Awakened One","ascension_level":0}