{"gold_per_floor":[109,109,109,109,30,86,103,103,103,118,128,128,51,61,61,140,140,152,252,237,251,251],"floor_reached":22,"playtime":885,"items_purged":[],"score":359,"play_id":"6b37f636-f51a-4ca0-be49-68e2ddcf7c0e","local_time":"20190713181045","is_ascension_mode":true,"campfire_choices":[{"data":"Dualcast","floor":8,"key":"SMITH"},{"data":"Buffer","floor":12,"key":"SMITH"},{"data":"Defragment","floor":15,"key":"SMITH"}],"neow_cost":"NONE","seed_source_timestamp":953516066341650,"circlet_count":0,"master_deck":["AscendersBane","Strike_B","Strike_B","Strike_B","Strike_B","Defend_B","Defend_B","Defend_B","Defend_B","Zap+1","Dualcast+1","Coolheaded","Glacier","Ball Lightning","Sweeping Beam","Buffer+1","Go for the Eyes","Defragment+1","Ball Lightning","Creative AI","Capacitor","Conserve Battery","Glacier","Coolheaded+1","Barrage"],"relics":["Cracked Core","NeowsBlessing","Ginger","Tiny Chest","Dodecahedron","Orrery"],"potions_floor_usage":[16,20,21,22],"damage_taken":[{"damage":0,"enemies":"Small Slimes","floor":1,"turns":1},{"damage":0,"enemies":"Gremlin Nob","floor":6,"turns":1},{"damage":0,"enemies":"Jaw Worm","floor":7,"turns":1},{"damage":0,"enemies":"Cultist","floor":10,"turns":3},{"damage":0,"enemies":"2 Fungi Beasts","floor":11,"turns":3},{"damage":4,"enemies":"Looter","floor":14,"turns":3},{"damage":1,"enemies":"Hexaghost","floor":16,"turns":11},{"damage":0,"enemies":"Spheric Guardian","floor":18,"turns":6},{"damage":36,"enemies":"2 Thieves","floor":20,"turns":4},{"damage":0,"enemies":"Snecko","floor":21,"turns":5},{"damage":29,"enemies":"Sentry and Sphere","floor":22,"turns":3}],"seed_played":"-8983905191503273920","potions_obtained":[{"floor":10,"key":"EssenceOfSteel"},{"floor":11,"key":"AttackPotion"},{"floor":14,"key":"Ancient Potion"},{"floor":18,"key":"Fire Potion"},{"floor":21,"key":"PowerPotion"}],"is_trial":false,"path_per_floor":["M","?","?","?","$","E","M","R","T","M","M","R","$","M","R","B",null,"M","?","M","M","M"],"character_chosen":"DEFECT","items_purchased":["Glacier","Defragment"],"campfire_rested":0,"item_purchase_floors":[5,13],"current_hp_per_floor":[64,46,46,46,46,46,46,46,46,46,46,46,46,42,42,41,64,64,64,28,28,0],"gold":251,"neow_bonus":"THREE_ENEMY_KILL","is_prod":false,"is_daily":false,"chose_seed":false,"campfire_upgraded":3,"win_rate":0,"timestamp":1563066645,"path_taken":["M","?","?","?","$","E","M","R","T","M","M","R","?","M","R","BOSS","M","?","M","M","M"],"build_version":"2019-07-05","purchased_purges":0,"victory":false,"max_hp_per_floor":[71,71,71,71,71,71,71,71,71,71,71,71,71,71,71,71,71,71,71,71,71,71],"card_choices":[{"not_picked":["Stack","Steam"],"picked":"Coolheaded","floor":1},{"not_picked":["Scrape","Rebound"],"picked":"Ball Lightning","floor":6},{"not_picked":["Reprogram","Redo"],"picked":"Sweeping Beam","floor":7},{"not_picked":["Auto Shields","Rip and Tear"],"picked":"Buffer","floor":10},{"not_picked":["Rip and Tear","Cold Snap"],"picked":"Go for the Eyes","floor":11},{"not_picked":["Turbo","Genetic Algorithm"],"picked":"Ball Lightning","floor":14},{"not_picked":["Thunder Strike","Biased Cognition"],"picked":"Creative AI","floor":16},{"not_picked":["Static Discharge","Ball Lightning"],"picked":"Capacitor","floor":17},{"not_picked":["Chaos","Steam"],"picked":"Conserve Battery","floor":17},{"not_picked":["Leap","FTL"],"picked":"Glacier","floor":17},{"not_picked":["Leap","Cold Snap+1"],"picked":"Coolheaded+1","floor":18},{"not_picked":["Compile Driver","Ball Lightning"],"picked":"Barrage","floor":20},{"not_picked":["Chaos","White Noise","Go for the Eyes"],"picked":"SKIP","floor":21}],"player_experience":518706,"relics_obtained":[{"floor":6,"key":"Tiny Chest"},{"floor":9,"key":"Dodecahedron"}],"event_choices":[{"damage_healed":0,"gold_gain":0,"player_choice":"Success","damage_taken":18,"relics_obtained":["Ginger"],"max_hp_gain":0,"max_hp_loss":0,"event_name":"Scrap Ooze","floor":2,"gold_loss":0},{"damage_healed":0,"gold_gain":0,"player_choice":"Ignored","damage_taken":0,"max_hp_gain":0,"max_hp_loss":0,"event_name":"Liars Game","floor":3,"gold_loss":0},{"damage_healed":0,"gold_gain":0,"player_choice":"Grow","damage_taken":0,"max_hp_gain":0,"max_hp_loss":0,"event_name":"Living Wall","floor":4,"gold_loss":0,"cards_upgraded":["Zap"]},{"damage_healed":0,"gold_gain":100,"player_choice":"Pray","damage_taken":0,"max_hp_gain":0,"max_hp_loss":0,"event_name":"Golden Shrine","floor":19,"gold_loss":0}],"is_beta":false,"boss_relics":[{"not_picked":["White Beast Statue","Calling Bell"],"picked":"Orrery"}],"items_purged_floors":[],"is_endless":false,"potions_floor_spawned":[10,11,14,18,21],"killed_by":"Sentry and Sphere","ascension_level":14}