{"gold_per_floor":[112,187,187,207,228,228,262,262,286,310],"floor_reached":10,"playtime":462,"items_purged":[],"score":68,"play_id":"67315fd6-4f58-418f-be11-cd28eb363395","local_time":"20190628204831","is_ascension_mode":false,"campfire_choices":[{"data":"Deadly Poison","floor":6,"key":"SMITH"},{"floor":8,"key":"REST"}],"neow_cost":"NONE","seed_source_timestamp":102160366746600,"circlet_count":0,"master_deck":["Defend_G","Defend_G","Defend_G","Defend_G","Defend_G","Strike_G","Strike_G","Strike_G","Strike_G+1","Strike_G+1","Survivor","Neutralize","Deadly Poison+1","PiercingWail","Poisoned Stab"],"relics":["Ring of the Snake","Golden Idol","Whetstone","Oddly Smooth Stone"],"potions_floor_usage":[],"damage_taken":[{"damage":0,"enemies":"Small Slimes","floor":1,"turns":3},{"damage":1,"enemies":"2 Louse","floor":4,"turns":3},{"damage":0,"enemies":"Jaw Worm","floor":5,"turns":4},{"damage":41,"enemies":"Gremlin Nob","floor":7,"turns":5},{"damage":16,"enemies":"Exordium Thugs","floor":10,"turns":5}],"seed_played":"-8850543963867220404","potions_obtained":[{"floor":5,"key":"SkillPotion"},{"floor":10,"key":"FearPotion"}],"is_trial":false,"path_per_floor":["M","?","?","M","M","R","E","R","T","M"],"character_chosen":"THE_SILENT","items_purchased":[],"campfire_rested":1,"item_purchase_floors":[],"current_hp_per_floor":[77,66,47,46,46,46,5,28,28,12],"gold":310,"neow_bonus":"TEN_PERCENT_HP_BONUS","is_prod":false,"is_daily":false,"chose_seed":false,"campfire_upgraded":1,"win_rate":0.0,"timestamp":1561736911,"path_taken":["M","?","?","M","?","R","E","R","T","M"],"build_version":"2019-01-23","purchased_purges":0,"victory":false,"max_hp_per_floor":[77,77,77,77,77,77,77,77,77,77],"card_choices":[{"not_picked":["Prepared","Heel Hook"],"picked":"Deadly Poison","floor":1},{"not_picked":["Dagger Spray","Skewer"],"picked":"PiercingWail","floor":4},{"not_picked":["Endless Agony","Heel Hook","Well Laid Plans"],"picked":"SKIP","floor":5},{"not_picked":["Dodge and Roll","Dagger Spray"],"picked":"Poisoned Stab","floor":7}],"player_experience":39052,"relics_obtained":[{"floor":7,"key":"Whetstone"},{"floor":9,"key":"Oddly Smooth Stone"}],"event_choices":[{"damage_healed":0,"gold_gain":75,"player_choice":"Gather Gold","damage_taken":11,"max_hp_gain":0,"max_hp_loss":0,"event_name":"World of Goop","floor":2,"gold_loss":0},{"damage_healed":0,"gold_gain":0,"player_choice":"Take Damage","damage_taken":19,"relics_obtained":["Golden Idol"],"max_hp_gain":0,"max_hp_loss":0,"event_name":"Golden Idol","floor":3,"gold_loss":0}],"is_beta":false,"boss_relics":[],"items_purged_floors":[],"is_endless":false,"potions_floor_spawned":[5,10],"killed_by":"Exordium Thugs","ascension_level":0}