{"gold_per_floor":[112,112,122,134,20,20,31,62,62,90,66,83,83,99,99,198,198,209,228,228,246,9,9,9,9,9,9,23,40,140,155,155,155],"floor_reached":33,"playtime":1788,"items_purged":["Defend_G","Strike_G"],"score":272,"play_id":"60356172-7d62-4b6d-a6ba-adb28e2c7fba","local_time":"20180913162704","is_ascension_mode":true,"campfire_choices":[{"data":"Backflip","floor":6,"key":"SMITH"},{"floor":15,"key":"REST"},{"data":"Noxious Fumes","floor":23,"key":"SMITH"},{"data":"Noxious Fumes","floor":25,"key":"SMITH"},{"data":"Calculated Gamble","floor":27,"key":"SMITH"},{"floor":32,"key":"REST"}],"neow_cost":"","seed_source_timestamp":20348622969256,"circlet_count":0,"master_deck":["Defend_G","Defend_G","Defend_G","Defend_G","Strike_G","Strike_G","Strike_G","Strike_G","Survivor","Neutralize","Backflip+1","Calculated Gamble+1","Outmaneuver","Well Laid Plans","Flying Knee","Noxious Fumes+1","Crippling Poison","Acrobatics","Cloak And Dagger","Parasite","Deadly Poison","Malaise","Sucker Punch+1","Concentrate+1","Noxious Fumes+1","Heel Hook","Deflect","Outmaneuver","A Thousand Cuts"],"relics":["Ring of the Snake","Happy Flower","PreservedInsect","Paper Crane","Runic Pyramid","Omamori","Vajra","Shuriken"],"potions_floor_usage":[8,10,16,16,18],"damage_taken":[{"damage":4,"enemies":"2 Louse","floor":1,"turns":3},{"damage":6,"enemies":"Cultist","floor":3,"turns":6},{"damage":2,"enemies":"Jaw Worm","floor":4,"turns":4},{"damage":1,"enemies":"Red Slaver","floor":7,"turns":6},{"damage":40,"enemies":"Lagavulin","floor":8,"turns":10},{"damage":10,"enemies":"3 Sentries","floor":10,"turns":7},{"damage":2,"enemies":"3 Louse","floor":12,"turns":4},{"damage":0,"enemies":"2 Fungi Beasts","floor":14,"turns":4},{"damage":24,"enemies":"The Guardian","floor":16,"turns":9},{"damage":6,"enemies":"Shell Parasite","floor":18,"turns":6},{"damage":16,"enemies":"Spheric Guardian","floor":19,"turns":5},{"damage":7,"enemies":"Snecko","floor":21,"turns":6},{"damage":12,"enemies":"Centurion and Healer","floor":28,"turns":5},{"damage":9,"enemies":"Chosen and Byrds","floor":29,"turns":5},{"damage":1,"enemies":"3 Cultists","floor":31,"turns":5},{"damage":46,"enemies":"Collector","floor":33,"turns":4}],"seed_played":"-5995518088443399108","potions_obtained":[{"floor":7,"key":"Block Potion"},{"floor":8,"key":"Strength Potion"},{"floor":12,"key":"Energy Potion"},{"floor":14,"key":"Ancient Potion"},{"floor":16,"key":"AttackPotion"},{"floor":18,"key":"SpeedPotion"},{"floor":21,"key":"SteroidPotion"}],"is_trial":false,"path_per_floor":["M","?","M","M","$","R","M","E","T","E","$","M","?","M","R","B",null,"M","M","?","M","$","R","?","R","T","R","M","M","?","M","R"],"character_chosen":"THE_SILENT","items_purchased":["Well Laid Plans","Acrobatics","Noxious Fumes","Heel Hook"],"campfire_rested":2,"item_purchase_floors":[5,11,22,22],"current_hp_per_floor":[66,66,60,58,58,58,57,17,17,7,7,5,22,22,43,19,70,64,48,48,41,41,41,41,41,41,41,29,20,20,19,40,0],"gold":155,"neow_bonus":"","is_prod":false,"is_daily":false,"chose_seed":false,"campfire_upgraded":4,"win_rate":0,"timestamp":1536881224,"path_taken":["M","?","M","?","$","R","M","E","T","E","$","M","?","?","R","BOSS","M","M","?","M","$","R","?","R","T","R","?","M","?","M","R","BOSS"],"build_version":"2018-09-12","purchased_purges":2,"victory":false,"max_hp_per_floor":[70,70,70,70,70,70,70,70,70,70,70,70,70,70,70,70,70,70,70,70,70,70,70,70,70,70,70,70,70,70,70,70,70],"card_choices":[{"not_picked":["Flying Knee","Blade Dance"],"picked":"Backflip","floor":1},{"not_picked":["Distraction","Finisher"],"picked":"Calculated Gamble","floor":3},{"not_picked":["Underhanded Strike","Deflect"],"picked":"Outmaneuver","floor":4},{"not_picked":["Flechettes","Endless Agony"],"picked":"Flying Knee","floor":7},{"not_picked":["Dodge and Roll","Predator"],"picked":"Noxious Fumes","floor":8},{"not_picked":["Concentrate","Bouncing Flask"],"picked":"Crippling Poison","floor":10},{"not_picked":["Dodge and Roll","Dagger Spray"],"picked":"Cloak And Dagger","floor":12},{"not_picked":["Cloak And Dagger","Dagger Throw"],"picked":"Deadly Poison","floor":14},{"not_picked":["Die Die Die","Corpse Explosion"],"picked":"Malaise","floor":16},{"not_picked":["Dagger Throw","Dodge and Roll","Distraction"],"picked":"SKIP","floor":18},{"not_picked":["Cloak And Dagger","Dagger Throw"],"picked":"Sucker Punch+1","floor":19},{"not_picked":["Infinite Blades","Catalyst"],"picked":"Concentrate+1","floor":21},{"not_picked":["Dash","Blade Dance"],"picked":"Deflect","floor":28},{"not_picked":["Dash","Cloak And Dagger"],"picked":"Outmaneuver","floor":29},{"not_picked":["Outmaneuver","Acrobatics"],"picked":"A Thousand Cuts","floor":31}],"player_experience":127915,"relics_obtained":[{"floor":8,"key":"Happy Flower"},{"floor":9,"key":"PreservedInsect"},{"floor":10,"key":"Paper Crane"},{"floor":26,"key":"Shuriken"}],"event_choices":[{"event_name":"The Woman in Blue","player_choice":"Bought 0 Potions","floor":2,"damage_taken":0},{"event_name":"Mushrooms","player_choice":"Healed and dodged fight","floor":13,"damage_taken":0},{"event_name":"WeMeetAgain","player_choice":"Potion","floor":20,"damage_taken":0},{"event_name":"The Mausoleum","player_choice":"Yes","floor":24,"damage_taken":0},{"event_name":"Golden Shrine","player_choice":"Pray","floor":30,"damage_taken":0}],"is_beta":true,"boss_relics":[{"not_picked":["Lizard Tail","Ring of the Serpent"],"picked":"Runic Pyramid"}],"items_purged_floors":[5,22],"is_endless":false,"potions_floor_spawned":[7,8,12,14,16,18,21],"killed_by":"Collector","ascension_level":1}