{"path_per_floor":["M","?","?","M","T","R","$","M","T","M","R","E","M","M","R","B",null,"M","M","?","M","?","R","$","M","T","M","T","M","R","M","R","B",null,"M","T","$","?","M","R","M","?","T","?","R","M","M","M","R","B"],"character_chosen":"THE_SILENT","items_purchased":["Blade Dance"],"gold_per_floor":[140,90,165,184,184,184,31,47,119,137,137,169,184,199,199,295,295,295,295,0,0,0,0,0,0,0,0,0,0,0,0,0,0,0,0,0,0,0,0,0,0,0,0,0,0,0,0,0,0,0],"floor_reached":51,"campfire_rested":6,"playtime":3404,"item_purchase_floors":[7],"current_hp_per_floor":[70,70,59,59,59,70,70,70,70,55,55,46,46,42,42,7,70,67,59,59,26,26,47,47,33,40,30,40,33,59,29,55,13,87,65,65,65,65,60,60,60,60,60,60,86,69,39,45,71,7],"items_purged":["Strike_G"],"gold":0,"score":678,"play_id":"cbe10455-f314-4237-8d6e-77da76f364e6","local_time":"20180613213630","is_prod":false,"is_daily":false,"chose_seed":false,"is_ascension_mode":false,"campfire_upgraded":3,"win_rate":0.0,"timestamp":1528940190,"campfire_choices":[{"floor":6,"key":"REST"},{"data":"Noxious Fumes","floor":11,"key":"SMITH"},{"data":"Backflip","floor":15,"key":"SMITH"},{"floor":23,"key":"REST"},{"floor":30,"key":"REST"},{"floor":32,"key":"REST"},{"data":"A Thousand Cuts","floor":40,"key":"SMITH"},{"floor":45,"key":"REST"},{"floor":49,"key":"REST"}],"path_taken":["M","?","?","M","?","R","$","M","T","M","R","E","?","M","R","BOSS","M","M","?","M","?","R","$","M","T","M","?","M","R","M","R","BOSS","M","?","?","?","M","R","?","?","T","?","R","M","M","M","R","BOSS"],"build_version":"2018-06-13","seed_source_timestamp":873875722473882,"purchased_purges":1,"victory":true,"master_deck":["Defend_G","Defend_G","Defend_G","Defend_G","Strike_G","Strike_G","Strike_G","Survivor","Neutralize","Backflip+1","Dagger Throw","Blade Dance","Noxious Fumes+1","Flying Knee+1","Footwork","Dagger Throw+1","Deadly Poison","A Thousand Cuts+1","Underhanded Strike+1","Escape Plan","Backflip","Quick Slash+1","Footwork+1","Prepared","Noxious Fumes+1","Tactician","Catalyst","Writhe","Blur+1","Dash+1","Backstab+1","Parasite","Backflip+1","Catalyst+1","Wraith Form v2","Deadly Poison+1"],"max_hp_per_floor":[70,70,70,70,70,70,70,70,70,70,70,70,70,70,70,70,70,70,70,70,70,70,70,70,70,77,77,87,87,87,87,87,87,87,87,87,87,87,87,87,87,87,87,87,87,87,87,87,87,87],"special_seed":0,"relics":["Ring of the Snake","Tiny Chest","Molten Egg 2","Bottled Tornado","Ice Cream","Ectoplasm","Strawberry","Pear","Cursed Key","Question Card","Gremlin Horn","Bird Faced Urn"],"card_choices":[{"not_picked":["Poisoned Stab","Sucker Punch"],"picked":"Backflip","floor":1},{"not_picked":["Calculated Gamble","Predator"],"picked":"Dagger Throw","floor":4},{"not_picked":["Outmaneuver","PiercingWail"],"picked":"Noxious Fumes","floor":8},{"not_picked":["Riddle With Holes+1","Calculated Gamble"],"picked":"Flying Knee+1","floor":10},{"not_picked":["Poisoned Stab+1","Dagger Spray+1"],"picked":"Footwork","floor":12},{"not_picked":["PiercingWail","Unload+1"],"picked":"Dagger Throw+1","floor":13},{"not_picked":["Heel Hook+1","Outmaneuver"],"picked":"Deadly Poison","floor":14},{"not_picked":["Bullet Time","Unload+1"],"picked":"A Thousand Cuts","floor":16},{"not_picked":["Choke+1","Outmaneuver"],"picked":"Underhanded Strike+1","floor":18},{"not_picked":["Quick Slash+1","Flying Knee+1"],"picked":"Escape Plan","floor":19},{"not_picked":["PiercingWail","Flechettes+1"],"picked":"Backflip","floor":21},{"not_picked":["Bane+1","Sucker Punch+1"],"picked":"Quick Slash+1","floor":25},{"not_picked":["Poisoned Stab+1","Acrobatics"],"picked":"Footwork+1","floor":27},{"not_picked":["Quick Slash+1","Well Laid Plans"],"picked":"Prepared","floor":29},{"not_picked":["Skewer+1","Accuracy"],"picked":"Noxious Fumes","floor":31},{"not_picked":["Glass Knife+1","Corpse Explosion+1"],"picked":"Tactician","floor":33},{"not_picked":["Choke+1","Flying Knee+1"],"picked":"Catalyst","floor":35},{"not_picked":["PiercingWail","Deflect+1","Expertise"],"picked":"Blur+1","floor":39},{"not_picked":["Dagger Spray+1","Eviscerate+1","Reflex"],"picked":"Dash+1","floor":41},{"not_picked":["Cloak And Dagger+1","Bane+1","Calculated Gamble+1"],"picked":"Backflip+1","floor":44},{"not_picked":["Slice+1","Reflex+1","Dagger Throw+1"],"picked":"Catalyst+1","floor":46},{"not_picked":["Cloak And Dagger","Underhanded Strike+1","Dagger Spray+1"],"picked":"Wraith Form v2","floor":47},{"not_picked":["Poisoned Stab+1","Masterful Stab+1","Dagger Throw+1"],"picked":"Deadly Poison+1","floor":48}],"player_experience":107906,"potions_floor_usage":[12,18,18,19,29,33,35,47,50],"damage_taken":[{"damage":0,"enemies":"Jaw Worm","floor":1,"turns":5},{"damage":0,"enemies":"Small Slimes","floor":4,"turns":4},{"damage":0,"enemies":"2 Louse","floor":8,"turns":3},{"damage":15,"enemies":"Gremlin Gang","floor":10,"turns":5},{"damage":9,"enemies":"3 Sentries","floor":12,"turns":5},{"damage":0,"enemies":"Blue Slaver","floor":13,"turns":4},{"damage":4,"enemies":"Exordium Wildlife","floor":14,"turns":3},{"damage":35,"enemies":"The Guardian","floor":16,"turns":10},{"damage":3,"enemies":"Chosen","floor":18,"turns":4},{"damage":8,"enemies":"Spheric Guardian","floor":19,"turns":4},{"damage":33,"enemies":"Slaver and Parasite","floor":21,"turns":6},{"damage":14,"enemies":"Chosen and Byrds","floor":25,"turns":6},{"damage":10,"enemies":"Snake Plant","floor":27,"turns":4},{"damage":7,"enemies":"Sentry and Sphere","floor":29,"turns":6},{"damage":30,"enemies":"Chosen and Byrds","floor":31,"turns":6},{"damage":42,"enemies":"Champ","floor":33,"turns":9},{"damage":22,"enemies":"3 Darklings","floor":35,"turns":5},{"damage":5,"enemies":"Flame Bruiser 1 Orb","floor":39,"turns":5},{"damage":0,"enemies":"Maw","floor":41,"turns":7},{"damage":0,"floor":44,"turns":5},{"damage":20,"enemies":"4 Shapes","floor":46,"turns":3},{"damage":40,"enemies":"Flame Bruiser 2 Orb","floor":47,"turns":4},{"damage":4,"enemies":"Transient","floor":48,"turns":5},{"damage":76,"enemies":"Donu and Deca","floor":50,"turns":9}],"relics_obtained":[{"floor":5,"key":"Molten Egg 2"},{"floor":9,"key":"Bottled Tornado"},{"floor":12,"key":"Ice Cream"},{"floor":26,"key":"Strawberry"},{"floor":28,"key":"Pear"},{"floor":36,"key":"Question Card"},{"floor":43,"key":"Gremlin Horn"},{"floor":44,"key":"Bird Faced Urn"}],"event_choices":[{"event_name":"The Cleric","player_choice":"Card Removal","floor":2,"damage_taken":0},{"event_name":"World of Goop","player_choice":"Gather Gold","floor":3,"damage_taken":0},{"event_name":"Masked Bandits","player_choice":"Paid Bandits 295 gold","floor":20,"damage_taken":0},{"event_name":"Cursed Tome","player_choice":"Ignored","floor":22,"damage_taken":0},{"event_name":"Upgrade Shrine","player_choice":"Upgraded","floor":38,"damage_taken":0},{"event_name":"Transmorgrifier","player_choice":"Transform","floor":42,"damage_taken":0},{"event_name":"MindBloom","player_choice":"Fight","floor":44,"damage_taken":0}],"boss_relics":[{"not_picked":["Calling Bell","Pandora\u0027s Box"],"picked":"Ectoplasm"},{"not_picked":["Eternal Feather","Runic Dome"],"picked":"Cursed Key"}],"items_purged_floors":[7],"potions_floor_spawned":[8,14,16,18,25,31,33,35,46,47],"seed_played":"7497019353156847013","ascension_level":0,"potions_obtained":[{"floor":8,"key":"Block Potion"},{"floor":14,"key":"GamblersBrew"},{"floor":16,"key":"Explosive Potion"},{"floor":18,"key":"Swift Potion"},{"floor":25,"key":"Weak Potion"},{"floor":31,"key":"LiquidBronze"},{"floor":33,"key":"AttackPotion"},{"floor":35,"key":"SteroidPotion"},{"floor":46,"key":"Weak Potion"},{"floor":47,"key":"Block Potion"}],"is_trial":false}