{"gold_per_floor":[361,104,118,134,153,153,187,203,203,217,217,25,25,25,25,121,121,139,150,0,0,17,17,29,29,55,67,67,87,87,102,102,201,201,213,233,233,159,177,177,187,207,233,233,245,263,263,280,280,280],"floor_reached":51,"playtime":1850,"items_purged":["Bash","Strike_R"],"score":707,"play_id":"8a6bb7c6-8e5f-49e3-b2f1-dd3078d5ec73","local_time":"20190109041430","is_ascension_mode":false,"campfire_choices":[{"data":"Shrug It Off","floor":6.0,"key":"SMITH"},{"data":"Uppercut","floor":15.0,"key":"SMITH"},{"data":"Heavy Blade","floor":23,"key":"SMITH"},{"data":"Immolate","floor":25,"key":"SMITH"},{"data":"Spot Weakness","floor":28,"key":"SMITH"},{"data":"Defend_R","floor":30,"key":"SMITH"},{"data":"Defend_R","floor":32,"key":"SMITH"},{"data":"Shrug It Off","floor":40,"key":"SMITH"},{"data":"Demon Form","floor":44,"key":"SMITH"},{"data":"Havoc","floor":49,"key":"SMITH"}],"neow_cost":"PERCENT_DAMAGE","seed_source_timestamp":0,"circlet_count":0,"master_deck":["Strike_R","Strike_R+1","Strike_R+1","Strike_R","Defend_R","Defend_R+1","Defend_R","Defend_R+1","Heavy Blade+1","Uppercut+1","Shrug It Off+1","Spot Weakness+1","Ghostly Armor","Immolate+1","Body Slam+1","Disarm+1","Intimidate+1","Infernal Blade+1","Shrug It Off+1","Havoc+1","Demon Form+1","Ghostly Armor+1"],"special_seed":0,"relics":["Burning Blood","Whetstone","Singing Bowl","Vajra","Brimstone","Coffee Dripper","Bronze Scales","Smiling Mask","Lizard Tail","Dream Catcher"],"potions_floor_usage":[18,19,24,27,50,50,50],"damage_taken":[{"damage":1.0,"enemies":"Cultist","floor":1.0,"turns":3.0},{"damage":6.0,"enemies":"2 Louse","floor":3.0,"turns":2.0},{"damage":0.0,"enemies":"Jaw Worm","floor":4.0,"turns":4.0},{"damage":2.0,"enemies":"Blue Slaver","floor":5.0,"turns":3.0},{"damage":26.0,"enemies":"Lagavulin","floor":7.0,"turns":8.0},{"damage":14.0,"enemies":"Exordium Thugs","floor":8.0,"turns":7.0},{"damage":2.0,"enemies":"Large Slime","floor":10.0,"turns":6.0},{"damage":24.0,"enemies":"Slime Boss","floor":16.0,"turns":7.0},{"damage":35,"enemies":"3 Byrds","floor":18,"turns":4},{"damage":0,"enemies":"Spheric Guardian","floor":19,"turns":3},{"damage":8,"enemies":"3 Cultists","floor":22,"turns":3},{"damage":3,"enemies":"Snecko","floor":24,"turns":3},{"damage":3,"enemies":"Centurion and Healer","floor":27,"turns":3},{"damage":13,"enemies":"Shelled Parasite and Fungi","floor":29,"turns":4},{"damage":0,"enemies":"Cultist and Chosen","floor":31,"turns":3},{"damage":31,"enemies":"Collector","floor":33,"turns":5},{"damage":19,"enemies":"3 Darklings","floor":35,"turns":3},{"damage":13,"enemies":"Orb Walker","floor":36,"turns":3},{"damage":7,"enemies":"Spire Growth","floor":39,"turns":3},{"damage":0,"enemies":"Sphere and 2 Shapes","floor":41,"turns":3},{"damage":5,"enemies":"4 Shapes","floor":42,"turns":3},{"damage":15,"enemies":"Writhing Mass","floor":45,"turns":3},{"damage":1,"enemies":"Sphere and 2 Shapes","floor":46,"turns":3},{"damage":12,"enemies":"Maw","floor":48,"turns":6},{"damage":148,"enemies":"Awakened One","floor":50,"turns":9}],"seed_played":"7106011892011663558","potions_obtained":[{"floor":4.0,"key":"Weak Potion"},{"floor":5.0,"key":"LiquidBronze"},{"floor":11.0,"key":"Ancient Potion"},{"floor":11.0,"key":"Poison Potion"},{"floor":11.0,"key":"SkillPotion"},{"floor":16.0,"key":"Swift Potion"},{"floor":18,"key":"EssenceOfSteel"},{"floor":24,"key":"AttackPotion"},{"floor":31,"key":"Regen Potion"},{"floor":36,"key":"Strength Potion"},{"floor":39,"key":"SkillPotion"},{"floor":41,"key":"BloodPotion"}],"is_trial":false,"path_per_floor":["M","$","M","M","M","R","E","M","T","M","?","$","$","T","R","B",null,"M","M","?","?","M","R","M","R","T","M","R","M","R","M","R","B",null,"M","M","?","$","M","R","M","M","T","R","M","M","?","M","R","B",null],"character_chosen":"IRONCLAD","items_purchased":["Whetstone","Uppercut","Brimstone","Shrug It Off"],"campfire_rested":0,"item_purchase_floors":[2,2,12,38],"current_hp_per_floor":[61,61,61,67,71,71,53,47,47,53,53,53,53,53,53,35,86,59,65,65,65,65,65,70,70,70,73,73,68,68,76,76,53,98,85,78,78,78,79,79,85,86,86,86,79,86,86,80,80,26],"gold":280,"neow_bonus":"TWO_FIFTY_GOLD","is_prod":false,"is_daily":false,"chose_seed":false,"campfire_upgraded":10,"win_rate":0,"timestamp":1546994670,"path_taken":["M","$","M","?","M","R","E","M","T","M","?","?","$","?","R","BOSS","M","M","?","?","M","R","M","R","T","?","R","M","R","M","R","BOSS","M","M","?","$","M","R","M","M","T","R","?","M","?","M","R","BOSS"],"build_version":"2019-01-07","purchased_purges":2,"victory":true,"max_hp_per_floor":[80,80,80,80,80,80,82,84,84,86,86,86,86,86,86,86,86,88,88,88,88,90,90,92,92,92,92,92,94,94,96,96,98,98,98,98,98,98,100,100,100,100,100,100,102,104,104,104,104,104],"card_choices":[{"not_picked":["Twin Strike","Hemokinesis"],"picked":"Heavy Blade","floor":1.0},{"not_picked":["Headbutt","Flex"],"picked":"Shrug It Off","floor":3.0},{"not_picked":["Twin Strike","Clash"],"picked":"Spot Weakness","floor":4.0},{"not_picked":["Anger","Corruption"],"picked":"Ghostly Armor","floor":5.0},{"not_picked":["Seeing Red","True Grit","Armaments"],"picked":"Singing Bowl","floor":7.0},{"not_picked":["Combust","Anger","Clash"],"picked":"Singing Bowl","floor":8.0},{"not_picked":["Armaments","Feel No Pain","Carnage"],"picked":"Singing Bowl","floor":10.0},{"not_picked":["Bludgeon","Double Tap"],"picked":"Immolate","floor":16.0},{"not_picked":["Body Slam","Whirlwind","Shrug It Off"],"picked":"Singing Bowl","floor":18},{"not_picked":["Rupture","Perfected Strike"],"picked":"Body Slam+1","floor":19},{"not_picked":["Iron Wave","Twin Strike","Rampage"],"picked":"Singing Bowl","floor":22},{"not_picked":["Intimidate","Twin Strike","Shrug It Off"],"picked":"Singing Bowl","floor":24},{"not_picked":["Corruption","Spot Weakness"],"picked":"Disarm+1","floor":27},{"not_picked":["Iron Wave","Warcry+1","Clothesline"],"picked":"Singing Bowl","floor":29},{"not_picked":["Blood for Blood","Rupture+1","Uppercut+1"],"picked":"Singing Bowl","floor":31},{"not_picked":["Feed","Bludgeon","Fiend Fire"],"picked":"Singing Bowl","floor":33},{"not_picked":["Sever Soul","Twin Strike+1"],"picked":"Intimidate","floor":35},{"not_picked":["Dropkick","Warcry+1"],"picked":"Infernal Blade+1","floor":36},{"not_picked":["Flex+1","Hemokinesis+1","Blood for Blood+1"],"picked":"Singing Bowl","floor":39},{"not_picked":["Pommel Strike","Entrench"],"picked":"Havoc","floor":41},{"not_picked":["Rampage","Thunderclap+1"],"picked":"Demon Form","floor":42},{"not_picked":["Bloodletting","Perfected Strike+1","Clothesline+1"],"picked":"Singing Bowl","floor":45},{"not_picked":["Heavy Blade+1","Clothesline","Havoc+1"],"picked":"Singing Bowl","floor":46},{"not_picked":["Reckless Charge","Wild Strike"],"picked":"Ghostly Armor+1","floor":48}],"player_experience":338281,"relics_obtained":[{"floor":7.0,"key":"Singing Bowl"},{"floor":9.0,"key":"Vajra"},{"floor":26,"key":"Smiling Mask"},{"floor":43,"key":"Dream Catcher"}],"event_choices":[{"damage_healed":0.0,"max_hp_gain":0.0,"max_hp_loss":0.0,"gold_gain":0.0,"event_name":"Lab","player_choice":"Got Potions","floor":11.0,"gold_loss":0.0,"damage_taken":0.0},{"damage_healed":0,"gold_gain":0,"player_choice":"Paid Fearfully","damage_taken":0,"max_hp_gain":0,"max_hp_loss":0,"event_name":"Masked Bandits","floor":20,"gold_loss":150},{"damage_healed":0,"gold_gain":0,"player_choice":"Gave Potion","damage_taken":0,"relics_obtained":["Bronze Scales"],"max_hp_gain":0,"max_hp_loss":0,"event_name":"WeMeetAgain","floor":21,"gold_loss":0},{"damage_healed":0,"gold_gain":0,"player_choice":"Upgraded","damage_taken":0,"max_hp_gain":0,"max_hp_loss":0,"event_name":"Upgrade Shrine","floor":37,"gold_loss":0,"cards_upgraded":["Intimidate"]},{"damage_healed":0,"gold_gain":0,"player_choice":"Ignored","damage_taken":0,"max_hp_gain":0,"max_hp_loss":0,"event_name":"Mysterious Sphere","floor":47,"gold_loss":0}],"is_beta":true,"boss_relics":[{"not_picked":["Pandora\u0027s Box","White Beast Statue"],"picked":"Coffee Dripper"},{"not_picked":["Orrery","Snecko Eye"],"picked":"Lizard Tail"}],"items_purged_floors":[2,38],"is_endless":false,"potions_floor_spawned":[4,5,16,18,24,31,36,39,41],"ascension_level":0}