{"gold_per_floor":[110,123,48,60,80,80,98,117,117,132,162,162,162,5,5,106,106,117,32,49,49,65,65,26,39,39,39,52,66,77,77],"floor_reached":31,"playtime":1246,"items_purged":["Strike_B"],"score":233,"play_id":"d5f1b419-7bc5-4dee-8157-00f635fc85cc","local_time":"20190630190120","is_ascension_mode":false,"campfire_choices":[{"data":"Defragment","floor":6,"key":"SMITH"},{"data":"Defragment","floor":12,"key":"SMITH"},{"floor":15,"key":"REST"},{"data":"Echo Form","floor":23,"key":"SMITH"},{"floor":27,"key":"REST"}],"neow_cost":"NONE","seed_source_timestamp":267746800169400,"circlet_count":0,"master_deck":["Strike_B","Strike_B","Strike_B","Defend_B","Defend_B","Defend_B","Defend_B","Zap","Dualcast","Doom and Gloom","Cold Snap","Defragment+1","Barrage","Auto Shields","Echo Form+1","Defragment+1","Defragment","Glacier","Buffer","Compile Driver+1","Loop","Capacitor","Hello World"],"relics":["Cracked Core","StoneCalendar","Runic Dome","Calipers","Blood Vial"],"potions_floor_usage":[30,30],"damage_taken":[{"damage":1,"enemies":"Jaw Worm","floor":1,"turns":3},{"damage":0,"enemies":"2 Louse","floor":2,"turns":2},{"damage":0,"enemies":"Cultist","floor":4,"turns":3},{"damage":10,"enemies":"2 Fungi Beasts","floor":5,"turns":3},{"damage":18,"enemies":"Red Slaver","floor":7,"turns":4},{"damage":11,"enemies":"Large Slime","floor":8,"turns":5},{"damage":7,"enemies":"Looter","floor":10,"turns":4},{"damage":9,"enemies":"Hexaghost","floor":16,"turns":10},{"damage":0,"enemies":"Chosen","floor":18,"turns":5},{"damage":14,"enemies":"Spheric Guardian","floor":20,"turns":6},{"damage":24,"enemies":"Centurion and Healer","floor":22,"turns":6},{"damage":26,"enemies":"Cultist and Chosen","floor":25,"turns":5},{"damage":15,"enemies":"Snake Plant","floor":28,"turns":6},{"damage":30,"enemies":"Shelled Parasite and Fungi","floor":29,"turns":7},{"damage":0,"enemies":"Snecko","floor":30,"turns":7},{"damage":24,"enemies":"Snake Plant","floor":31,"turns":2}],"seed_played":"-5288152829885593401","potions_obtained":[{"floor":1,"key":"GamblersBrew"},{"floor":7,"key":"Regen Potion"},{"floor":8,"key":"PowerPotion"},{"floor":21,"key":"FocusPotion"},{"floor":21,"key":"Fire Potion"},{"floor":21,"key":"Energy Potion"},{"floor":30,"key":"Energy Potion"}],"is_trial":false,"path_per_floor":["M","M","$","M","M","R","M","M","T","M","?","R","?","$","R","B",null,"M","?","M","?","M","R","$","M","T","R","M","M","M","M"],"character_chosen":"DEFECT","items_purchased":["Defragment","Glacier","Loop"],"campfire_rested":2,"item_purchase_floors":[14,14,24],"current_hp_per_floor":[81,81,81,81,71,71,53,42,42,35,35,35,35,35,59,50,82,82,82,68,68,44,44,44,18,18,42,29,1,18,0],"gold":77,"neow_bonus":"TEN_PERCENT_HP_BONUS","is_prod":false,"is_daily":false,"chose_seed":false,"campfire_upgraded":3,"win_rate":0.0,"timestamp":1561903280,"path_taken":["M","M","$","M","M","R","M","M","T","M","?","R","?","$","R","BOSS","M","?","M","?","M","R","$","M","T","R","?","M","M","M"],"build_version":"2019-01-23","purchased_purges":1,"victory":false,"max_hp_per_floor":[82,82,82,82,82,82,82,82,82,82,82,82,82,82,82,82,82,82,82,82,82,82,82,82,82,82,82,82,82,82,82],"card_choices":[{"not_picked":["Aggregate","Fusion"],"picked":"Doom and Gloom","floor":1},{"not_picked":["Stack","Undo"],"picked":"Cold Snap","floor":2},{"not_picked":["Streamline","Coolheaded"],"picked":"Defragment","floor":4},{"not_picked":["Reinforced Body","Reprogram"],"picked":"Barrage","floor":5},{"not_picked":["Gash","Beam Cell"],"picked":"Auto Shields","floor":7},{"not_picked":["Heatsinks","Hologram"],"picked":"Echo Form","floor":8},{"not_picked":["Doom and Gloom","Leap"],"picked":"Defragment","floor":10},{"not_picked":["Thunder Strike","Core Surge"],"picked":"Buffer","floor":16},{"not_picked":["Fusion","Force Field"],"picked":"Compile Driver+1","floor":18},{"not_picked":["Rebound+1","Steam+1","Go for the Eyes"],"picked":"SKIP","floor":20},{"not_picked":["Ball Lightning","Recycle","Turbo"],"picked":"SKIP","floor":22},{"not_picked":["Conserve Battery","Stack","Genetic Algorithm+1"],"picked":"SKIP","floor":25},{"not_picked":["Self Repair","Cold Snap+1"],"picked":"Capacitor","floor":28},{"not_picked":["Go for the Eyes+1","Redo+1"],"picked":"Hello World","floor":29},{"not_picked":["Streamline","Rebound+1","Hologram+1"],"picked":"SKIP","floor":30}],"player_experience":71997,"relics_obtained":[{"floor":9,"key":"StoneCalendar"},{"floor":26,"key":"Blood Vial"}],"event_choices":[{"damage_healed":0,"gold_gain":30,"player_choice":"Searched \u00272\u0027 times","damage_taken":0,"max_hp_gain":0,"max_hp_loss":0,"event_name":"Dead Adventurer","floor":11,"gold_loss":0},{"damage_healed":0,"gold_gain":0,"player_choice":"Ignored","damage_taken":0,"max_hp_gain":0,"max_hp_loss":0,"event_name":"NoteForYourself","floor":13,"gold_loss":0},{"damage_healed":0,"gold_gain":0,"player_choice":"Obtained Relic","damage_taken":0,"relics_obtained":["Calipers"],"max_hp_gain":0,"max_hp_loss":0,"event_name":"Addict","floor":19,"gold_loss":85},{"damage_healed":0,"gold_gain":0,"player_choice":"Got Potions","damage_taken":0,"max_hp_gain":0,"max_hp_loss":0,"event_name":"Lab","floor":21,"gold_loss":0}],"is_beta":false,"boss_relics":[{"not_picked":["White Beast Statue","Tiny House"],"picked":"Runic Dome"}],"items_purged_floors":[3],"is_endless":false,"potions_floor_spawned":[1,7,8,18,20,28,30],"killed_by":"Snake Plant","ascension_level":0}