{"gold_per_floor":[112,187,64,14,30,30,55,7,89,89,99,99,99,114,114,215,215,234,250,261,61,74,74,173,173,173,192,192,225,225,255,255,354,354,367,367,70,88,105,105,183,183,208,208,218,218,235,235,235,235],"floor_reached":50,"playtime":1855,"items_purged":["Bash","Strike_R"],"score":553,"play_id":"30f17755-6afe-423b-898e-7699818e980e","local_time":"20190721012603","is_ascension_mode":true,"campfire_choices":[{"data":"Spot Weakness","floor":6,"key":"SMITH"},{"data":"Flex","floor":10,"key":"SMITH"},{"data":"Flex","floor":12,"key":"SMITH"},{"data":"Pummel","floor":15,"key":"SMITH"},{"floor":23,"key":"REST"},{"data":"Demon Form","floor":28,"key":"SMITH"},{"data":"Shrug It Off","floor":30,"key":"SMITH"},{"floor":32,"key":"REST"},{"data":"Heavy Blade","floor":40,"key":"SMITH"},{"data":"Inflame","floor":42,"key":"SMITH"},{"data":"Sword Boomerang","floor":44,"key":"SMITH"},{"data":"Metallicize","floor":46,"key":"SMITH"},{"floor":49,"key":"REST"}],"neow_cost":"NONE","seed_source_timestamp":829168520928900,"circlet_count":0,"master_deck":["Strike_R+1","Strike_R+1","Strike_R","Defend_R","Defend_R","Defend_R","Defend_R","Spot Weakness+1","Flex+1","Whirlwind","Pummel","Flex+1","Pummel+1","Demon Form+1","Shrug It Off+1","Heavy Blade+1","Thunderclap+1","Shrug It Off+1","Sword Boomerang+1","Inflame+1","Shrug It Off+1","Heavy Blade+1","Metallicize+1"],"relics":["Burning Blood","Bag of Preparation","Whetstone","Sundial","Sozu","Vajra","Mummified Hand","Ancient Tea Set","Thread and Needle","Calipers","FaceOfCleric","Orichalcum","Darkstone Periapt","Juzu Bracelet"],"potions_floor_usage":[7,16,33],"damage_taken":[{"damage":7,"enemies":"Jaw Worm","floor":1,"turns":5},{"damage":1,"enemies":"2 Louse","floor":5,"turns":3},{"damage":26,"enemies":"Lagavulin","floor":7,"turns":7},{"damage":3,"enemies":"Small Slimes","floor":11,"turns":3},{"damage":9,"enemies":"Exordium Wildlife","floor":14,"turns":4},{"damage":54,"enemies":"The Guardian","floor":16,"turns":12},{"damage":2,"enemies":"Chosen","floor":18,"turns":3},{"damage":23,"enemies":"Shell Parasite","floor":19,"turns":5},{"damage":23,"enemies":"Chosen and Byrds","floor":20,"turns":6},{"damage":27,"enemies":"Shelled Parasite and Fungi","floor":22,"turns":4},{"damage":5,"enemies":"Snecko","floor":27,"turns":4},{"damage":22,"enemies":"Gremlin Leader","floor":29,"turns":4},{"damage":14,"enemies":"Book of Stabbing","floor":31,"turns":3},{"damage":32,"enemies":"Collector","floor":33,"turns":4},{"damage":13,"enemies":"3 Darklings","floor":35,"turns":3},{"damage":13,"enemies":"Orb Walker","floor":38,"turns":3},{"damage":18,"enemies":"Writhing Mass","floor":39,"turns":4},{"damage":29,"enemies":"4 Shapes","floor":45,"turns":3},{"damage":0,"enemies":"3 Darklings","floor":47,"turns":4},{"damage":71,"enemies":"Donu and Deca","floor":50,"turns":5}],"seed_played":"-7603968842588385773","potions_obtained":[{"floor":1,"key":"SpeedPotion"},{"floor":11,"key":"Regen Potion"},{"floor":14,"key":"FearPotion"}],"is_trial":false,"path_per_floor":["M","?","$","?","M","R","E","$","T","R","M","R","$","M","R","B",null,"M","M","M","$","M","R","?","T","T","M","R","E","R","E","R","B",null,"M","?","$","M","M","R","T","R","T","R","M","R","M","?","R","B"],"character_chosen":"IRONCLAD","items_purchased":["Flex","Flex","Heavy Blade","Vajra","Orichalcum","Inflame"],"campfire_rested":3,"item_purchase_floors":[3,8,21,21,37,37],"current_hp_per_floor":[79,68,68,68,73,73,53,53,53,53,56,56,56,53,53,20,80,80,63,46,46,25,49,49,49,49,50,50,34,34,26,50,24,80,73,73,73,67,56,56,56,56,56,56,34,34,41,41,65,0],"gold":235,"neow_bonus":"RANDOM_COMMON_RELIC","is_prod":false,"is_daily":false,"chose_seed":false,"campfire_upgraded":10,"win_rate":0,"timestamp":1563654363,"path_taken":["M","?","$","?","M","R","E","?","T","R","M","R","$","M","R","BOSS","M","M","M","$","M","R","?","?","T","M","R","E","R","E","R","BOSS","M","?","$","M","?","R","?","R","T","R","M","R","M","?","R","BOSS"],"build_version":"2019-07-17","purchased_purges":2,"victory":false,"max_hp_per_floor":[80,80,80,80,80,80,80,80,80,80,80,80,80,80,80,80,80,80,80,80,80,80,80,80,80,80,80,80,80,80,80,80,80,80,80,80,80,81,82,82,82,82,82,82,83,83,84,80,80,80],"card_choices":[{"not_picked":["Power Through","Heavy Blade"],"picked":"Spot Weakness","floor":1},{"not_picked":["Havoc","Fire Breathing"],"picked":"Whirlwind","floor":5},{"not_picked":["Headbutt","Dual Wield"],"picked":"Pummel","floor":7},{"not_picked":["Second Wind","Dropkick","Power Through"],"picked":"SKIP","floor":11},{"not_picked":["Infernal Blade","Uppercut"],"picked":"Pummel","floor":14},{"not_picked":["Juggernaut","Berserk"],"picked":"Demon Form","floor":16},{"not_picked":["Burning Pact","Anger","Body Slam"],"picked":"SKIP","floor":18},{"not_picked":["Whirlwind","Cleave+1","Warcry"],"picked":"SKIP","floor":19},{"not_picked":["Inflame","Pummel"],"picked":"Shrug It Off+1","floor":20},{"not_picked":["True Grit+1","Headbutt+1","Clash"],"picked":"SKIP","floor":22},{"not_picked":["Rupture","Cleave+1"],"picked":"Thunderclap+1","floor":27},{"not_picked":["Fiend Fire","Headbutt+1"],"picked":"Shrug It Off","floor":29},{"not_picked":["Uppercut+1","Anger+1","Pommel Strike+1"],"picked":"SKIP","floor":31},{"not_picked":["Infernal Blade+1","Perfected Strike"],"picked":"Sword Boomerang","floor":35},{"not_picked":["Disarm","Sword Boomerang+1"],"picked":"Shrug It Off+1","floor":38},{"not_picked":["Perfected Strike+1","Anger"],"picked":"Heavy Blade+1","floor":39},{"not_picked":["Shockwave","Burning Pact+1"],"picked":"Metallicize","floor":45},{"not_picked":["Reckless Charge","Uppercut+1","Clothesline+1"],"picked":"SKIP","floor":47}],"player_experience":145043,"relics_obtained":[{"floor":7,"key":"Whetstone"},{"floor":9,"key":"Sundial"},{"floor":25,"key":"Mummified Hand"},{"floor":26,"key":"Ancient Tea Set"},{"floor":29,"key":"Thread and Needle"},{"floor":31,"key":"Calipers"},{"floor":41,"key":"Darkstone Periapt"},{"floor":43,"key":"Juzu Bracelet"}],"event_choices":[{"damage_healed":0,"gold_gain":75,"player_choice":"Gather Gold","damage_taken":11,"max_hp_gain":0,"max_hp_loss":0,"event_name":"World of Goop","floor":2,"gold_loss":0},{"cards_removed":["Strike_R"],"damage_healed":0,"gold_gain":0,"player_choice":"Card Removal","damage_taken":0,"max_hp_gain":0,"max_hp_loss":0,"event_name":"The Cleric","floor":4,"gold_loss":50},{"damage_healed":0,"gold_gain":99,"player_choice":"Stole From Cult","damage_taken":0,"max_hp_gain":0,"max_hp_loss":0,"event_name":"Nest","floor":24,"gold_loss":0},{"damage_healed":0,"gold_gain":0,"player_choice":"Trade","damage_taken":0,"relics_obtained":["FaceOfCleric"],"max_hp_gain":0,"max_hp_loss":0,"event_name":"FaceTrader","floor":36,"gold_loss":0},{"damage_healed":0,"gold_gain":0,"player_choice":"Max HP","damage_taken":0,"max_hp_gain":0,"max_hp_loss":4,"event_name":"Winding Halls","floor":48,"gold_loss":0}],"is_beta":false,"boss_relics":[{"not_picked":["Ectoplasm","Philosopher\u0027s Stone"],"picked":"Sozu"},{"not_picked":["Cursed Key","Pandora\u0027s Box","Coffee Dripper"]}],"items_purged_floors":[3,37],"is_endless":false,"potions_floor_spawned":[1,11,14,18,19,22,29,31,39,45],"killed_by":"Donu and Deca","ascension_level":2}