{"gold_per_floor":[109,109,34,34,47,47,65,65,65,65,65,75,0,0,0,97,97,114,14,113,113,139,139,171,181,208,208,220,220,220,320,320,418,418,433,447,81,130,230,230,230,249,275,275,306,306,16,32,32,32,32,32,32,66,66],"floor_reached":55,"playtime":2168,"items_purged":["Regret","Defend_R","Strike_R"],"score":647,"play_id":"67ac8598-d1eb-4043-9b3f-c2030b3e2d1c","local_time":"20190111195505","is_ascension_mode":false,"campfire_choices":[{"data":"Infernal Blade","floor":6.0,"key":"SMITH"},{"data":"Immolate","floor":8.0,"key":"SMITH"},{"data":"Inflame","floor":10.0,"key":"SMITH"},{"data":"Defend_R","floor":15.0,"key":"SMITH"},{"data":"Juggernaut","floor":23.0,"key":"SMITH"},{"floor":27.0,"key":"REST"},{"floor":29.0,"key":"REST"},{"floor":32.0,"key":"RECALL"},{"data":"Defend_R","floor":40.0,"key":"SMITH"},{"data":"Whirlwind","floor":44.0,"key":"SMITH"},{"floor":49.0,"key":"REST"},{"data":"Clothesline","floor":52,"key":"SMITH"}],"neow_cost":"NONE","seed_source_timestamp":0,"circlet_count":0,"master_deck":["Strike_R","Strike_R","Strike_R","Strike_R+1","Defend_R+1","Defend_R+1","Defend_R+1","Inflame+1","Immolate+1","Infernal Blade+1","Juggernaut+1","Clothesline+1","Seeing Red+1","Disarm+1","Metallicize+1","Dual Wield+1","Intimidate+1","Armaments+1","Metamorphosis+1","Infernal Blade+1","Shockwave+1","Shrug It Off+1","Whirlwind+1","Exhume+1","Bandage Up+1","Enlightenment+1"],"special_seed":0,"relics":["Burning Blood","Mango","Toxic Egg 2","Paper Frog","Philosopher\u0027s Stone","Ancient Tea Set","Happy Flower","Ginger","Pantograph","Velvet Choker","Magic Flower","WingedGreaves","Smiling Mask","Anchor","Omamori","Ice Cream","FossilizedHelix"],"potions_floor_usage":[55,55],"damage_taken":[{"damage":6.0,"enemies":"Jaw Worm","floor":1.0,"turns":3.0},{"damage":0.0,"enemies":"2 Louse","floor":5.0,"turns":2.0},{"damage":0.0,"enemies":"Small Slimes","floor":7.0,"turns":1.0},{"damage":14.0,"enemies":"Blue Slaver","floor":12.0,"turns":2.0},{"damage":73.0,"enemies":"Hexaghost","floor":16.0,"turns":12.0},{"damage":37.0,"enemies":"2 Thieves","floor":18.0,"turns":5.0},{"damage":35.0,"enemies":"Slavers","floor":24.0,"turns":4.0},{"damage":27.0,"enemies":"3 Byrds","floor":25.0,"turns":4.0},{"damage":24.0,"enemies":"Shelled Parasite and Fungi","floor":28.0,"turns":5.0},{"damage":0.0,"enemies":"Colosseum Slavers","floor":31.0,"turns":1.0},{"damage":28.0,"enemies":"Colosseum Nobs","floor":31.0,"turns":5.0},{"damage":58.0,"enemies":"Collector","floor":33.0,"turns":9.0},{"damage":6.0,"enemies":"3 Darklings","floor":35.0,"turns":4.0},{"damage":0.0,"enemies":"Orb Walker","floor":36.0,"turns":2.0},{"damage":45.0,"enemies":"2 Orb Walkers","floor":38.0,"turns":4.0},{"damage":19.0,"enemies":"Mind Bloom Boss Battle","floor":39.0,"turns":6.0},{"damage":0.0,"enemies":"3 Darklings","floor":42.0,"turns":1.0},{"damage":30.0,"enemies":"Reptomancer","floor":45.0,"turns":5.0},{"damage":0.0,"enemies":"Sphere and 2 Shapes","floor":48.0,"turns":3.0},{"damage":81,"enemies":"Donu and Deca","floor":50,"turns":7},{"damage":75,"enemies":"Shield and Spear","floor":54,"turns":5},{"damage":94,"enemies":"The Heart","floor":55,"turns":5}],"seed_played":"9005281316769377069","potions_obtained":[{"floor":1.0,"key":"Swift Potion"},{"floor":7.0,"key":"Dexterity Potion"},{"floor":16.0,"key":"Regen Potion"},{"floor":24.0,"key":"Weak Potion"},{"floor":25.0,"key":"SpeedPotion"},{"floor":31.0,"key":"SkillPotion"},{"floor":35.0,"key":"PowerPotion"},{"floor":39.0,"key":"Ancient Potion"},{"floor":42.0,"key":"Block Potion"},{"floor":54,"key":"Explosive Potion"}],"is_trial":false,"path_per_floor":["M","?","$","?","M","R","M","R","T","R","?","M","$","?","R","B",null,"M","$","?","?","T","R","E","M","T","R","M","R","?","?","R","B",null,"M","M","$","?","?","R","T","M","T","R","E","?","$","M","R","B",null,"R","$","E","B"],"character_chosen":"IRONCLAD","items_purchased":["Immolate","Metamorphosis+1","Infernal Blade+1","Ice Cream"],"campfire_rested":3,"item_purchase_floors":[3,37,37,47],"current_hp_per_floor":[80,64,64,75,81,81,87,87,87,87,87,79,79,79,79,12,94,63,63,63,63,63,63,46,25,25,53,35,63,63,47,47,20,94,94,94,94,55,83,83,83,92,92,92,71,66,66,75,94,31,94,94,94,37,0],"gold":66,"neow_bonus":"REMOVE_CARD","is_prod":false,"is_daily":false,"chose_seed":false,"campfire_upgraded":8,"win_rate":0,"timestamp":1547223905,"path_taken":["M","?","$","?","M","R","M","R","T","R","?","M","?","?","R","BOSS","M","$","?","?","?","R","E","M","T","R","M","R","?","?","R","BOSS","M","M","$","?","?","R","?","M","T","R","E","?","$","M","R","BOSS","R","$","E","BOSS"],"build_version":"2019-01-10","purchased_purges":3,"victory":false,"max_hp_per_floor":[80,80,80,94,94,94,94,94,94,94,94,94,94,94,94,94,94,94,94,94,94,94,94,94,94,94,94,94,94,94,94,94,94,94,94,94,94,94,94,94,94,94,94,94,94,94,94,94,94,94,94,94,94,94,94],"card_choices":[{"not_picked":["Flex","Shrug It Off"],"picked":"Inflame","floor":1.0},{"not_picked":["Heavy Blade","Carnage"],"picked":"Infernal Blade","floor":5.0},{"not_picked":["Wild Strike","Burning Pact","Immolate"],"picked":"SKIP","floor":7.0},{"not_picked":["Corruption","Sword Boomerang","Perfected Strike"],"picked":"SKIP","floor":12.0},{"not_picked":["Exhume+1","Berserk"],"picked":"Juggernaut","floor":16.0},{"not_picked":["Anger","Sword Boomerang"],"picked":"Clothesline","floor":18.0},{"not_picked":["True Grit+1","Wild Strike"],"picked":"Disarm+1","floor":24.0},{"not_picked":["Spot Weakness+1","Warcry+1"],"picked":"Metallicize+1","floor":25.0},{"not_picked":["Heavy Blade","Searing Blow"],"picked":"Dual Wield+1","floor":28.0},{"not_picked":["Rupture+1","Pommel Strike"],"picked":"Intimidate+1","floor":31.0},{"not_picked":["Whirlwind+1","Clash"],"picked":"Armaments+1","floor":35.0},{"not_picked":["Clothesline+1","Bloodletting+1","Whirlwind"],"picked":"SKIP","floor":36.0},{"not_picked":["Bloodletting+1","Body Slam+1"],"picked":"Shockwave+1","floor":38.0},{"not_picked":["Anger+1","Brutality"],"picked":"Shrug It Off+1","floor":39.0},{"not_picked":["Twin Strike+1","Armaments+1"],"picked":"Whirlwind","floor":42.0},{"not_picked":["Thunderclap","Infernal Blade+1"],"picked":"Exhume+1","floor":45.0},{"not_picked":["Master of Strategy+1","Dark Shackles+1"],"picked":"Bandage Up+1","floor":46.0},{"not_picked":["Good Instincts+1","Swift Strike"],"picked":"Enlightenment+1","floor":46.0},{"not_picked":["Havoc+1","Iron Wave+1","Shockwave+1"],"picked":"SKIP","floor":48.0},{"not_picked":["Reckless Charge","Clash+1","Thunderclap+1"],"picked":"SKIP","floor":54}],"player_experience":360662,"relics_obtained":[{"floor":9.0,"key":"Toxic Egg 2"},{"floor":24.0,"key":"Ancient Tea Set"},{"floor":26.0,"key":"Happy Flower"},{"floor":31.0,"key":"Ginger"},{"floor":31.0,"key":"Pantograph"},{"floor":38.0,"key":"Magic Flower"},{"floor":39.0,"key":"WingedGreaves"},{"floor":41.0,"key":"Smiling Mask"},{"floor":43.0,"key":"Anchor"},{"floor":45.0,"key":"Omamori"},{"floor":54,"key":"FossilizedHelix"}],"event_choices":[{"damage_healed":0.0,"max_hp_gain":0.0,"max_hp_loss":0.0,"gold_gain":0.0,"event_name":"Shining Light","player_choice":"Entered Light","floor":2.0,"gold_loss":0.0,"damage_taken":16.0,"cards_upgraded":["Strike_R","Defend_R"]},{"damage_healed":0.0,"max_hp_gain":0.0,"max_hp_loss":0.0,"gold_gain":0.0,"event_name":"Scrap Ooze","player_choice":"Success","floor":4.0,"gold_loss":0.0,"damage_taken":3.0,"relics_obtained":["Mango"]},{"damage_healed":0.0,"max_hp_gain":0.0,"max_hp_loss":0.0,"gold_gain":0.0,"event_name":"Big Fish","player_choice":"Box","floor":11.0,"gold_loss":0.0,"damage_taken":0.0,"relics_obtained":["Paper Frog"],"cards_obtained":["Regret"]},{"damage_healed":0.0,"max_hp_gain":0.0,"max_hp_loss":0.0,"gold_gain":0.0,"event_name":"The Cleric","player_choice":"Leave","floor":14.0,"gold_loss":0.0,"damage_taken":0.0},{"damage_healed":0.0,"max_hp_gain":0.0,"max_hp_loss":0.0,"gold_gain":99.0,"event_name":"Nest","player_choice":"Stole From Cult","floor":20.0,"gold_loss":0.0,"damage_taken":0.0},{"damage_healed":0.0,"max_hp_gain":0.0,"max_hp_loss":0.0,"gold_gain":0.0,"event_name":"The Library","player_choice":"Read","floor":21.0,"gold_loss":0.0,"damage_taken":0.0,"cards_obtained":["Seeing Red"]},{"damage_healed":0.0,"max_hp_gain":0.0,"max_hp_loss":0.0,"gold_gain":0.0,"event_name":"Ghosts","player_choice":"Ignored","floor":30.0,"gold_loss":0.0,"damage_taken":0.0},{"damage_healed":0.0,"max_hp_gain":0.0,"max_hp_loss":0.0,"gold_gain":0.0,"event_name":"Colosseum","player_choice":"Fight","floor":31.0,"gold_loss":0.0,"damage_taken":0.0},{"damage_healed":0.0,"max_hp_gain":0.0,"max_hp_loss":0.0,"gold_gain":0.0,"event_name":"Colosseum","player_choice":"Fought Nobs","floor":31.0,"gold_loss":0.0,"damage_taken":0.0},{"damage_healed":0.0,"max_hp_gain":0.0,"max_hp_loss":0.0,"gold_gain":0.0,"event_name":"Mysterious Sphere","player_choice":"Fight","floor":38.0,"gold_loss":0.0,"damage_taken":0.0},{"damage_healed":0.0,"max_hp_gain":0.0,"max_hp_loss":0.0,"gold_gain":0.0,"event_name":"MindBloom","player_choice":"Fight","floor":39.0,"gold_loss":0.0,"damage_taken":0.0},{"damage_healed":0.0,"max_hp_gain":0.0,"max_hp_loss":0.0,"gold_gain":0.0,"event_name":"SensoryStone","player_choice":"Memory 2","floor":46.0,"gold_loss":0.0,"damage_taken":5.0}],"is_beta":true,"boss_relics":[{"not_picked":["Runic Cube","Runic Dome"],"picked":"Philosopher\u0027s Stone"},{"not_picked":["Eternal Feather","Coffee Dripper"],"picked":"Velvet Choker"}],"items_purged_floors":[13,19,37],"is_endless":false,"potions_floor_spawned":[1,7,16,24,25,31,35,39,42,54],"killed_by":"The Heart","ascension_level":0}