{"gold_per_floor":[110,121,34,34,46,74,84,84,84,109,11,25,25,38,38,135,135,146,146,163,34,49,49,82,82,106,106,122,122,122,137,137,137],"floor_reached":33,"playtime":1294,"items_purged":["Strike_R"],"score":366,"play_id":"38ba5f08-8010-4633-aec5-c143673dd517","local_time":"20181226024208","is_ascension_mode":true,"campfire_choices":[{"data":"Inflame","floor":13,"key":"SMITH"},{"floor":15,"key":"REST"},{"data":"Limit Break","floor":23,"key":"SMITH"},{"data":"Flex","floor":25,"key":"SMITH"},{"floor":32,"key":"REST"}],"neow_cost":"CURSE","seed_source_timestamp":125896639956207,"circlet_count":0,"master_deck":["Strike_R","Strike_R","Strike_R","Strike_R","Defend_R","Defend_R","Defend_R","Bash+1","Mind Blast","Good Instincts","Writhe","Anger","Battle Trance+1","Inflame+1","Pommel Strike","Heavy Blade","Infernal Blade","Flame Barrier","Regret","Feed","Shrug It Off","Anger","Feel No Pain","Flex","Blood for Blood","Shrug It Off","Ghostly Armor","Limit Break+1","Power Through","Flex+1","Disarm+1","Dual Wield+1","Flex+1","Flex+1","Dropkick+1","Combust","Havoc+1","Body Slam","Rage","Limit Break"],"relics":["Burning Blood","Prayer Wheel","Pear","Red Skull","Mark of Pain","Omamori","Ancient Tea Set","Necronomicon","Nloth\u0027s Gift"],"potions_floor_usage":[5,10,16,22,33,33],"damage_taken":[{"damage":4,"enemies":"2 Louse","floor":1,"turns":3},{"damage":3,"enemies":"Small Slimes","floor":2,"turns":4},{"damage":0,"enemies":"Cultist","floor":5,"turns":2},{"damage":35,"enemies":"3 Sentries","floor":6,"turns":7},{"damage":5,"enemies":"Looter","floor":7,"turns":3},{"damage":29,"enemies":"Lagavulin","floor":10,"turns":5},{"damage":6,"enemies":"Red Slaver","floor":12,"turns":3},{"damage":0,"enemies":"Large Slime","floor":14,"turns":3},{"damage":53,"enemies":"The Guardian","floor":16,"turns":8},{"damage":24,"enemies":"3 Byrds","floor":18,"turns":4},{"damage":17,"enemies":"2 Thieves","floor":20,"turns":4},{"damage":15,"enemies":"Centurion and Healer","floor":22,"turns":4},{"damage":15,"enemies":"Book of Stabbing","floor":24,"turns":5},{"damage":6,"enemies":"Shelled Parasite and Fungi","floor":28,"turns":3},{"damage":0,"enemies":"Snecko","floor":31,"turns":3},{"damage":78,"enemies":"Collector","floor":33,"turns":5}],"seed_played":"7677348591858458312","potions_obtained":[{"floor":2,"key":"Strength Potion"},{"floor":7,"key":"PowerPotion"},{"floor":14,"key":"Swift Potion"},{"floor":20,"key":"BloodPotion"},{"floor":28,"key":"Block Potion"},{"floor":31,"key":"Strength Potion"}],"is_trial":false,"path_per_floor":["M","M","$","?","M","E","M","?","T","E","$","M","R","M","R","B",null,"M","?","M","$","M","R","E","R","T","?","M","?","?","M","R","B"],"character_chosen":"IRONCLAD","items_purchased":["Inflame","Pommel Strike","Shrug It Off","Anger","Flex"],"campfire_rested":2,"item_purchase_floors":[3,3,11,11,21],"current_hp_per_floor":[80,80,80,64,70,41,42,42,52,29,29,29,29,35,62,15,90,75,57,46,46,46,46,37,37,37,37,37,21,21,27,56,0],"gold":137,"neow_bonus":"RANDOM_COLORLESS_2","is_prod":false,"is_daily":false,"chose_seed":false,"campfire_upgraded":3,"win_rate":0,"timestamp":1545779528,"path_taken":["M","M","$","?","M","E","M","?","T","E","$","M","R","M","R","BOSS","M","?","M","$","M","R","E","R","T","?","?","?","?","?","R","BOSS"],"build_version":"2018-12-20","purchased_purges":1,"victory":false,"max_hp_per_floor":[80,80,80,80,80,80,80,80,90,90,90,90,90,90,90,90,90,93,98,98,98,98,98,98,98,98,98,98,98,98,98,98,98],"card_choices":[{"not_picked":["Shockwave","Perfected Strike"],"picked":"Anger","floor":1},{"not_picked":["Entrench","Cleave"],"picked":"Battle Trance","floor":2},{"not_picked":["Armaments","Clothesline"],"picked":"Heavy Blade","floor":5},{"not_picked":["Clothesline","Sword Boomerang"],"picked":"Infernal Blade","floor":6},{"not_picked":["Body Slam","Shrug It Off"],"picked":"Flame Barrier","floor":7},{"not_picked":["Perfected Strike","Armaments"],"picked":"Feed","floor":10},{"not_picked":["Perfected Strike","Headbutt"],"picked":"Feel No Pain","floor":12},{"not_picked":["Headbutt","Power Through"],"picked":"Flex","floor":12},{"not_picked":["Spot Weakness","Wild Strike"],"picked":"Blood for Blood","floor":14},{"not_picked":["Sword Boomerang","Iron Wave"],"picked":"Shrug It Off","floor":14},{"not_picked":["Headbutt","Armaments"],"picked":"Ghostly Armor","floor":15},{"not_picked":["Bludgeon","Immolate"],"picked":"Limit Break","floor":16},{"not_picked":["Pommel Strike","Clash"],"picked":"Power Through","floor":18},{"not_picked":["Combust","Sentinel"],"picked":"Flex+1","floor":18},{"not_picked":["Power Through","Dual Wield"],"picked":"Disarm+1","floor":20},{"not_picked":["Warcry","Sword Boomerang"],"picked":"Dual Wield+1","floor":20},{"not_picked":["Wild Strike","Sentinel"],"picked":"Flex+1","floor":22},{"not_picked":["Clothesline","Perfected Strike"],"picked":"Dropkick+1","floor":22},{"not_picked":["Cleave","Headbutt"],"picked":"Combust","floor":24},{"not_picked":["Reckless Charge+1","Wild Strike"],"picked":"Havoc+1","floor":28},{"not_picked":["Twin Strike+1","Uppercut"],"picked":"Body Slam","floor":28},{"not_picked":["Dual Wield","Clothesline"],"picked":"Rage","floor":31},{"not_picked":["Combust+1","Rampage"],"picked":"Limit Break","floor":31}],"player_experience":198261,"relics_obtained":[{"floor":6,"key":"Dream Catcher"},{"floor":9,"key":"Pear"},{"floor":10,"key":"Red Skull"},{"floor":24,"key":"Omamori"},{"floor":26,"key":"Ancient Tea Set"},{"floor":29,"key":"Necronomicon"}],"event_choices":[{"damage_healed":0,"gold_gain":0,"player_choice":"Entered Light","damage_taken":16,"max_hp_gain":0,"max_hp_loss":0,"event_name":"Shining Light","floor":4,"gold_loss":0,"cards_upgraded":["Battle Trance","Bash"]},{"damage_healed":0,"gold_gain":0,"player_choice":"Box","damage_taken":0,"relics_obtained":["Prayer Wheel"],"max_hp_gain":0,"max_hp_loss":0,"event_name":"Big Fish","floor":8,"gold_loss":0,"cards_obtained":["Regret"]},{"damage_healed":0,"gold_gain":0,"player_choice":"Shed Blood","damage_taken":23,"max_hp_gain":5,"max_hp_loss":0,"event_name":"Forgotten Altar","floor":19,"gold_loss":0},{"cards_removed":["Defend_R"],"damage_healed":0,"gold_gain":0,"player_choice":"Card Removal","damage_taken":0,"max_hp_gain":0,"max_hp_loss":0,"event_name":"Wheel of Change","floor":27,"gold_loss":0},{"damage_healed":0,"gold_gain":0,"player_choice":"Obtained Book","damage_taken":16,"max_hp_gain":0,"max_hp_loss":0,"event_name":"Cursed Tome","floor":29,"gold_loss":0},{"damage_healed":0,"gold_gain":0,"player_choice":"Traded Relic","damage_taken":0,"relics_obtained":["Nloth\u0027s Gift"],"max_hp_gain":0,"max_hp_loss":0,"event_name":"N\u0027loth","floor":30,"relics_lost":["Dream Catcher"],"gold_loss":0}],"is_beta":true,"boss_relics":[{"not_picked":["Velvet Choker","Coffee Dripper"],"picked":"Mark of Pain"}],"items_purged_floors":[21],"is_endless":false,"potions_floor_spawned":[2,7,14,20,28,31],"killed_by":"Collector","ascension_level":1}