{"gold_per_floor":[114,389,408,426,439,439,451,477,527,527,558,558,588,196,196,296,296,306,320,336,349,349,349,360,187,187,207,207,223,223,66,66,66],"floor_reached":33,"playtime":1325,"items_purged":["Regret","Strike_R"],"score":259,"play_id":"a176b709-b2f8-47bb-953b-3a2d2a254d99","local_time":"20190502012928","is_ascension_mode":false,"campfire_choices":[{"data":"Spot Weakness","floor":6.0,"key":"SMITH"},{"floor":10.0,"key":"REST"},{"floor":12.0,"key":"REST"},{"data":"Apotheosis","floor":15.0,"key":"SMITH"},{"data":"Impervious","floor":23.0,"key":"SMITH"},{"data":"Body Slam","floor":28.0,"key":"SMITH"},{"data":"Flame Barrier","floor":30.0,"key":"SMITH"},{"data":"Power Through","floor":32.0,"key":"SMITH"}],"neow_cost":"NONE","seed_source_timestamp":5117093616093,"circlet_count":0,"master_deck":["Strike_R","Strike_R","Strike_R","Defend_R","Defend_R","Defend_R","Bash+1","Pommel Strike","Spot Weakness+1","Headbutt","Power Through+1","Battle Trance","Apotheosis+1","Impervious+1","Hemokinesis+1","Double Tap+1","Barricade+1","Body Slam","Inflame+1","Body Slam+1","Flame Barrier+1","Evolve"],"special_seed":0,"relics":["Burning Blood","Champion Belt","Vajra","Shuriken","Astrolabe","Paper Frog","Oddly Smooth Stone"],"potions_floor_usage":[],"damage_taken":[{"damage":5.0,"enemies":"2 Louse","floor":1.0,"turns":3.0},{"damage":1.0,"enemies":"Cultist","floor":3.0,"turns":3.0},{"damage":6.0,"enemies":"Jaw Worm","floor":4.0,"turns":3.0},{"damage":19.0,"enemies":"Large Slime","floor":5.0,"turns":7.0},{"damage":27.0,"enemies":"Exordium Thugs","floor":7.0,"turns":6.0},{"damage":13.0,"enemies":"3 Sentries","floor":8.0,"turns":5.0},{"damage":21.0,"enemies":"Lagavulin","floor":11.0,"turns":5.0},{"damage":15.0,"enemies":"The Guardian","floor":16.0,"turns":8.0},{"damage":2.0,"enemies":"Spheric Guardian","floor":18.0,"turns":6.0},{"damage":0.0,"enemies":"Chosen","floor":19.0,"turns":8.0},{"damage":0.0,"enemies":"Centurion and Healer","floor":20.0,"turns":7.0},{"damage":5.0,"enemies":"Cultist and Chosen","floor":21.0,"turns":8.0},{"damage":15.0,"enemies":"Snecko","floor":24.0,"turns":3.0},{"damage":15.0,"enemies":"3 Cultists","floor":27.0,"turns":6.0},{"damage":1.0,"enemies":"Centurion and Healer","floor":29.0,"turns":5.0},{"damage":75,"enemies":"Collector","floor":33,"turns":7}],"seed_played":"-7518746520674898140","potions_obtained":[{"floor":3.0,"key":"Strength Potion"},{"floor":7.0,"key":"AttackPotion"},{"floor":8.0,"key":"Energy Potion"},{"floor":11.0,"key":"LiquidBronze"},{"floor":16.0,"key":"Explosive Potion"},{"floor":18.0,"key":"Poison Potion"},{"floor":20.0,"key":"Strength Potion"},{"floor":21.0,"key":"FearPotion"},{"floor":22.0,"key":"LiquidBronze"},{"floor":22.0,"key":"AttackPotion"},{"floor":24.0,"key":"Energy Potion"}],"is_trial":false,"path_per_floor":["M","?","M","M","M","R","M","E","T","R","E","R","?","$","R","B",null,"M","M","M","M","?","R","M","$","T","M","R","M","R","$","R","B"],"character_chosen":"IRONCLAD","items_purchased":["Apotheosis","Impervious","Flame Barrier","Oddly Smooth Stone"],"campfire_rested":2,"item_purchase_floors":[14,14,25,31],"current_hp_per_floor":[80,80,80,80,67,67,46,39,39,63,48,72,72,72,72,63,80,80,80,80,80,80,80,71,71,71,62,62,67,67,67,67,0],"gold":66,"neow_bonus":"UPGRADE_CARD","is_prod":false,"is_daily":false,"chose_seed":false,"campfire_upgraded":6,"win_rate":0,"timestamp":1556747968,"path_taken":["M","?","M","M","?","R","M","E","T","R","E","R","?","$","R","BOSS","M","M","M","M","?","R","M","$","T","M","R","?","R","$","R","BOSS"],"build_version":"2019-04-21","purchased_purges":2,"victory":false,"max_hp_per_floor":[80,80,80,80,80,80,80,80,80,80,80,80,80,80,80,80,80,80,80,80,80,80,80,80,80,80,80,80,80,80,80,80,80],"card_choices":[{"not_picked":["Clothesline","Combust"],"picked":"Pommel Strike","floor":1.0},{"not_picked":["Cleave","Body Slam"],"picked":"Spot Weakness","floor":3.0},{"not_picked":["Body Slam","Exhume"],"picked":"Headbutt","floor":4.0},{"not_picked":["Feel No Pain","True Grit","Blood for Blood"],"picked":"SKIP","floor":5.0},{"not_picked":["Twin Strike","Anger"],"picked":"Power Through","floor":7.0},{"not_picked":["Sever Soul","Havoc"],"picked":"Battle Trance","floor":8.0},{"not_picked":["Bloodletting","Flex","Clothesline"],"picked":"SKIP","floor":11.0},{"not_picked":["Dark Embrace","Brutality"],"picked":"Double Tap","floor":16.0},{"not_picked":["Anger","Thunderclap","Reckless Charge+1"],"picked":"SKIP","floor":18.0},{"not_picked":["Perfected Strike","Headbutt"],"picked":"Body Slam","floor":19.0},{"not_picked":["Thunderclap","Heavy Blade+1"],"picked":"Inflame+1","floor":20.0},{"not_picked":["Flex+1","Warcry"],"picked":"Body Slam","floor":21.0},{"not_picked":["Sword Boomerang+1","Bloodletting+1","Cleave"],"picked":"SKIP","floor":24.0},{"not_picked":["Corruption+1","Iron Wave"],"picked":"Evolve","floor":27.0},{"not_picked":["Pummel","Flex+1","Clash"],"picked":"SKIP","floor":29.0}],"player_experience":672087,"relics_obtained":[{"floor":8.0,"key":"Champion Belt"},{"floor":9.0,"key":"Vajra"},{"floor":11.0,"key":"Shuriken"},{"floor":26.0,"key":"Paper Frog"}],"event_choices":[{"damage_healed":0.0,"max_hp_gain":0.0,"max_hp_loss":0.0,"gold_gain":275.0,"event_name":"Golden Shrine","player_choice":"Desecrate","floor":2.0,"gold_loss":0.0,"damage_taken":0.0,"cards_obtained":["Regret"]},{"damage_healed":0.0,"max_hp_gain":0.0,"max_hp_loss":0.0,"gold_gain":30.0,"event_name":"Dead Adventurer","player_choice":"Searched \u00271\u0027 times","floor":13.0,"gold_loss":0.0,"damage_taken":0.0},{"damage_healed":0.0,"max_hp_gain":0.0,"max_hp_loss":0.0,"gold_gain":0.0,"event_name":"Lab","player_choice":"Got Potions","floor":22.0,"gold_loss":0.0,"damage_taken":0.0}],"is_beta":true,"boss_relics":[{"not_picked":["Runic Cube","White Beast Statue"],"picked":"Astrolabe"}],"items_purged_floors":[14,25],"is_endless":false,"potions_floor_spawned":[3,7,8,11,16,18,20,21,24],"killed_by":"Collector","ascension_level":0}