{"gold_per_floor":[13,13,31,306,319,345,345,370,370,370,370,398,410,410],"floor_reached":14,"playtime":634,"items_purged":[],"score":144,"play_id":"20e3ee15-2b95-4ead-af73-760b51bf110b","local_time":"20190731202625","is_ascension_mode":true,"campfire_choices":[{"data":"Armaments","floor":7,"key":"SMITH"}],"neow_cost":"NO_GOLD","seed_source_timestamp":3620808754131800,"circlet_count":0,"master_deck":["Strike_R","Strike_R","Strike_R","Strike_R","Strike_R","Defend_R","Defend_R","Defend_R","Bash+1","Iron Wave","Armaments+1","Power Through","Body Slam","Iron Wave","Ghostly Armor","Iron Wave"],"relics":["Burning Blood","Letter Opener","Ancient Tea Set","Girya"],"potions_floor_usage":[12,14],"damage_taken":[{"damage":8,"enemies":"Small Slimes","floor":1,"turns":3},{"damage":6,"enemies":"Cultist","floor":3,"turns":3},{"damage":6,"enemies":"Jaw Worm","floor":5,"turns":4},{"damage":47,"enemies":"Lagavulin","floor":6,"turns":11},{"damage":39,"enemies":"3 Sentries","floor":8,"turns":11},{"damage":18,"enemies":"Gremlin Nob","floor":12,"turns":4},{"damage":5,"enemies":"Large Slime","floor":13,"turns":6},{"damage":18,"enemies":"Lots of Slimes","floor":14,"turns":3}],"seed_played":"-8629417382372762944","potions_obtained":[{"floor":3,"key":"SpeedPotion"},{"floor":8,"key":"FairyPotion"},{"floor":12,"key":"SteroidPotion"}],"is_trial":false,"path_per_floor":["M","?","M","?","M","E","R","E","T","?","?","E","M","M"],"character_chosen":"IRONCLAD","items_purchased":[],"campfire_rested":0,"item_purchase_floors":[],"current_hp_per_floor":[94,94,94,94,94,53,53,20,20,13,13,15,16,0],"gold":410,"neow_bonus":"TWENTY_PERCENT_HP_BONUS","is_prod":false,"is_daily":false,"chose_seed":false,"campfire_upgraded":1,"win_rate":0,"timestamp":1564629985,"path_taken":["M","?","M","?","?","E","R","E","T","?","?","E","M","M"],"build_version":"2019-07-17","purchased_purges":0,"victory":false,"max_hp_per_floor":[96,96,96,96,96,96,96,96,96,96,96,96,96,96],"card_choices":[{"not_picked":["Wild Strike","Twin Strike"],"picked":"Iron Wave","floor":1},{"not_picked":["Dropkick","Thunderclap"],"picked":"Armaments","floor":3},{"not_picked":["Rage","Iron Wave"],"picked":"Power Through","floor":5},{"not_picked":["Anger","Hemokinesis"],"picked":"Body Slam","floor":6},{"not_picked":["Headbutt","Searing Blow"],"picked":"Iron Wave","floor":8},{"not_picked":["Impervious","Dropkick"],"picked":"Ghostly Armor","floor":12},{"not_picked":["Thunderclap","Flex"],"picked":"Iron Wave","floor":13}],"player_experience":105576,"relics_obtained":[{"floor":6,"key":"Letter Opener"},{"floor":8,"key":"Ancient Tea Set"},{"floor":12,"key":"Girya"}],"event_choices":[{"damage_healed":0,"gold_gain":0,"player_choice":"Grow","damage_taken":0,"max_hp_gain":0,"max_hp_loss":0,"event_name":"Living Wall","floor":2,"gold_loss":0,"cards_upgraded":["Bash"]},{"damage_healed":0,"gold_gain":275,"player_choice":"Desecrate","damage_taken":0,"max_hp_gain":0,"max_hp_loss":0,"event_name":"Golden Shrine","floor":4,"gold_loss":0,"cards_obtained":["Regret"]},{"cards_removed":["Regret"],"damage_healed":0,"gold_gain":0,"player_choice":"Card Removal","damage_taken":7,"max_hp_gain":0,"max_hp_loss":0,"event_name":"Golden Wing","floor":10,"gold_loss":0},{"cards_removed":["Defend_R"],"damage_healed":0,"gold_gain":0,"player_choice":"Purged","damage_taken":0,"max_hp_gain":0,"max_hp_loss":0,"event_name":"Purifier","floor":11,"gold_loss":0}],"is_beta":false,"boss_relics":[],"items_purged_floors":[],"is_endless":false,"potions_floor_spawned":[3,8,12],"killed_by":"Lots of Slimes","ascension_level":2}