{"gold_per_floor":[116,191,206,206,381,381,393,393,448,482,482,497,497,517,517,517],"floor_reached":16,"playtime":846,"items_purged":[],"score":105,"play_id":"258595c7-57e3-479c-b61f-3574800426e1","local_time":"20181116215005","is_ascension_mode":true,"campfire_choices":[{"data":"Neutralize","floor":6,"key":"SMITH"},{"data":"Dodge and Roll","floor":8,"key":"SMITH"},{"floor":11,"key":"REST"},{"data":"Envenom","floor":13,"key":"SMITH"},{"data":"Survivor","floor":15,"key":"SMITH"}],"neow_cost":"NONE","seed_source_timestamp":17052157723274,"circlet_count":0,"master_deck":["Defend_G","Defend_G","Defend_G","Defend_G","Defend_G","Strike_G","Strike_G","Strike_G","Strike_G","Strike_G","Survivor+1","Neutralize+1","Slice","Dodge and Roll+1","Doubt","Deadly Poison","Heel Hook","Envenom+1","Blur"],"relics":["Ring of the Snake","Tiny Chest","Paper Crane"],"potions_floor_usage":[12,16],"damage_taken":[{"damage":15,"enemies":"Small Slimes","floor":1,"turns":4},{"damage":4,"enemies":"2 Louse","floor":3,"turns":3},{"damage":3,"enemies":"Jaw Worm","floor":7,"turns":5},{"damage":40,"enemies":"Gremlin Nob","floor":10,"turns":6},{"damage":5,"enemies":"3 Louse","floor":12,"turns":6},{"damage":21,"enemies":"Gremlin Gang","floor":14,"turns":6},{"damage":33,"enemies":"Slime Boss","floor":16,"turns":8}],"seed_played":"8262665633841383543","potions_obtained":[{"floor":3,"key":"Regen Potion"},{"floor":12,"key":"GamblersBrew"}],"is_trial":false,"path_per_floor":["M","?","M","?","?","R","M","R","T","E","R","M","R","M","R","B"],"character_chosen":"THE_SILENT","items_purchased":[],"campfire_rested":1,"item_purchase_floors":[],"current_hp_per_floor":[62,51,47,52,52,52,49,49,49,9,33,43,43,22,22,0],"gold":517,"neow_bonus":"TEN_PERCENT_HP_BONUS","is_prod":false,"is_daily":false,"chose_seed":false,"campfire_upgraded":4,"win_rate":0,"timestamp":1542392405,"path_taken":["M","?","M","?","?","R","M","R","T","E","R","M","R","M","R","BOSS"],"build_version":"2018-11-15","purchased_purges":0,"victory":false,"max_hp_per_floor":[77,77,77,82,82,82,82,82,82,82,82,82,82,82,82,82],"card_choices":[{"not_picked":["Deflect","Footwork"],"picked":"Slice","floor":1},{"not_picked":["Underhanded Strike","Bane"],"picked":"Dodge and Roll","floor":3},{"not_picked":["Bane","Predator"],"picked":"Deadly Poison","floor":7},{"not_picked":["Flechettes","Prepared"],"picked":"Heel Hook","floor":10},{"not_picked":["Skewer","Quick Slash"],"picked":"Envenom","floor":12},{"not_picked":["Cloak And Dagger","Flying Knee"],"picked":"Blur","floor":14}],"player_experience":154112,"relics_obtained":[{"floor":9,"key":"Tiny Chest"},{"floor":10,"key":"Paper Crane"}],"event_choices":[{"damage_healed":0,"gold_gain":75,"player_choice":"Gather Gold","damage_taken":11,"max_hp_gain":0,"max_hp_loss":0,"event_name":"World of Goop","floor":2,"gold_loss":0},{"damage_healed":0,"gold_gain":0,"player_choice":"Donut","damage_taken":0,"max_hp_gain":5,"max_hp_loss":0,"event_name":"Big Fish","floor":4,"gold_loss":0},{"damage_healed":0,"gold_gain":175,"player_choice":"AGREE","damage_taken":0,"max_hp_gain":0,"max_hp_loss":0,"event_name":"Liars Game","floor":5,"gold_loss":0,"cards_obtained":["Doubt"]}],"is_beta":true,"boss_relics":[],"items_purged_floors":[],"is_endless":false,"potions_floor_spawned":[3,12],"killed_by":"Slime Boss","ascension_level":1}