{"gold_per_floor":[110,122,43,43,55,55,55,85,108,108,33,33,51,1,1,103,103,123,39,35,52,70,102,102,121,168,193,119,119,69,87,87,191,191,201,211,111,122,122,122,139,139,139,157,157,177,190,210,210,210],"floor_reached":51,"playtime":2381,"items_purged":["Defend_R","Defend_R"],"score":849,"play_id":"a0f3134b-5b43-4976-a6d9-07fb691a37c4","local_time":"20190801054246","is_ascension_mode":true,"campfire_choices":[{"floor":6.0,"key":"REST"},{"data":"Shockwave","floor":10.0,"key":"SMITH"},{"data":"Inflame","floor":12.0,"key":"SMITH"},{"data":"Limit Break","floor":15.0,"key":"SMITH"},{"data":"Heavy Blade","floor":24,"key":"SMITH"},{"floor":29,"key":"REST"},{"data":"Offering","floor":32,"key":"SMITH"},{"data":"Limit Break","floor":40,"key":"SMITH"},{"data":"Pommel Strike","floor":42,"key":"SMITH"},{"floor":49,"key":"REST"}],"neow_cost":"PERCENT_DAMAGE","seed_source_timestamp":0,"circlet_count":0,"master_deck":["Strike_R+1","Strike_R+1","Strike_R+1","Defend_R+1","Defend_R+1","Bash+1","Barricade+1","Flame Barrier+1","Shockwave+1","Inflame+1","Pommel Strike+1","Limit Break+1","Impervious+1","Inflame+1","Heavy Blade+1","Battle Trance+1","Pummel+1","Offering+1","Metallicize+1","Limit Break+1"],"special_seed":0,"relics":["Black Blood","Bronze Scales","Pen Nib","Busted Crown","Omamori","Orichalcum","PreservedInsect","Du-Vu Doll","FossilizedHelix","Mark of the Bloom"],"potions_floor_usage":[21,23,25,36,41,50,50],"damage_taken":[{"damage":12.0,"enemies":"Small Slimes","floor":1.0,"turns":5.0},{"damage":4.0,"enemies":"Jaw Worm","floor":2.0,"turns":5.0},{"damage":0.0,"enemies":"Cultist","floor":5.0,"turns":5.0},{"damage":30.0,"enemies":"Gremlin Nob","floor":8.0,"turns":5.0},{"damage":4.0,"enemies":"Large Slime","floor":13.0,"turns":7.0},{"damage":21.0,"enemies":"The Guardian","floor":16.0,"turns":8.0},{"damage":7,"enemies":"Spheric Guardian","floor":18,"turns":4},{"damage":12,"enemies":"2 Thieves","floor":20,"turns":4},{"damage":1,"enemies":"Snecko","floor":21,"turns":3},{"damage":13,"enemies":"Sentry and Sphere","floor":22,"turns":4},{"damage":18,"enemies":"Gremlin Leader","floor":23,"turns":5},{"damage":15,"enemies":"Centurion and Healer","floor":25,"turns":3},{"damage":29,"enemies":"Slavers","floor":27,"turns":5},{"damage":10,"enemies":"Snake Plant","floor":31,"turns":4},{"damage":29,"enemies":"Collector","floor":33,"turns":7},{"damage":16,"enemies":"Orb Walker","floor":35,"turns":4},{"damage":0,"enemies":"3 Shapes","floor":36,"turns":3},{"damage":16,"enemies":"Spire Growth","floor":38,"turns":3},{"damage":15,"enemies":"4 Shapes","floor":41,"turns":5},{"damage":0,"enemies":"Maw","floor":44,"turns":3},{"damage":3,"enemies":"3 Darklings","floor":46,"turns":4},{"damage":31,"enemies":"Sphere and 2 Shapes","floor":47,"turns":6},{"damage":18,"enemies":"Spire Growth","floor":48,"turns":3},{"damage":24,"enemies":"Awakened One","floor":50,"turns":5}],"seed_played":"-3565096739539625758","potions_obtained":[{"floor":2.0,"key":"Ancient Potion"},{"floor":8.0,"key":"AttackPotion"},{"floor":22,"key":"Fire Potion"},{"floor":23,"key":"SkillPotion"},{"floor":35,"key":"Explosive Potion"},{"floor":36,"key":"SteroidPotion"},{"floor":41,"key":"FearPotion"},{"floor":47,"key":"Block Potion"}],"is_trial":false,"path_per_floor":["M","M","$","?","M","R","?","E","T","R","$","R","M","?","R","B",null,"M","$","M","M","M","E","R","M","T","E","$","R","?","M","R","B",null,"M","M","$","M","T","R","M","R","T","M","?","M","M","M","R","B",null],"character_chosen":"IRONCLAD","items_purchased":["Inflame","Inflame","Heavy Blade","Metallicize"],"campfire_rested":3,"item_purchase_floors":[3,19,19,28],"current_hp_per_floor":[50,52,52,36,42,66,66,42,42,42,42,42,44,44,44,29,80,79,79,73,78,71,59,59,50,50,27,27,51,51,47,47,24,80,74,80,80,74,74,74,69,69,69,79,79,76,45,27,27,3],"gold":210,"neow_bonus":"THREE_RARE_CARDS","is_prod":false,"is_daily":false,"chose_seed":false,"campfire_upgraded":7,"win_rate":0,"timestamp":1564625566,"path_taken":["M","M","$","?","M","R","?","E","T","R","$","R","?","?","R","BOSS","M","$","M","M","M","E","R","M","T","E","$","R","?","M","R","BOSS","M","M","$","?","?","R","M","R","T","M","?","M","M","M","R","BOSS"],"build_version":"2019-07-18","purchased_purges":2,"victory":true,"max_hp_per_floor":[80,80,80,80,80,80,80,80,80,80,80,80,80,80,80,80,80,80,80,80,80,80,80,80,80,80,80,80,80,80,80,80,80,80,80,80,80,80,80,80,80,80,80,80,80,80,80,80,80,80],"card_choices":[{"not_picked":["Bludgeon","Juggernaut"],"picked":"Barricade","floor":0.0},{"not_picked":["Anger","Shrug It Off"],"picked":"Flame Barrier","floor":1.0},{"not_picked":["Perfected Strike","Warcry"],"picked":"Shockwave","floor":2.0},{"not_picked":["Blood for Blood","Iron Wave","Searing Blow"],"picked":"SKIP","floor":5.0},{"not_picked":["Clash","Flex"],"picked":"Pommel Strike","floor":8.0},{"not_picked":["Armaments","Perfected Strike"],"picked":"Limit Break","floor":13.0},{"not_picked":["Demon Form","Fiend Fire"],"picked":"Impervious","floor":16.0},{"not_picked":["Pommel Strike"],"picked":"SKIP","floor":18},{"not_picked":[],"picked":"Battle Trance","floor":20},{"not_picked":[],"picked":"Pummel","floor":21},{"not_picked":["Cleave"],"picked":"SKIP","floor":22},{"not_picked":["Thunderclap+1"],"picked":"SKIP","floor":23},{"not_picked":["Headbutt"],"picked":"SKIP","floor":25},{"not_picked":[],"picked":"Offering","floor":27},{"not_picked":["Body Slam"],"picked":"SKIP","floor":31},{"not_picked":[],"picked":"Limit Break","floor":33},{"not_picked":["Perfected Strike"],"picked":"SKIP","floor":35},{"not_picked":["Heavy Blade+1"],"picked":"SKIP","floor":36},{"not_picked":["Rupture+1"],"picked":"SKIP","floor":38},{"not_picked":["Shrug It Off"],"picked":"SKIP","floor":41},{"not_picked":["Clash"],"picked":"SKIP","floor":44},{"not_picked":["Feel No Pain+1"],"picked":"SKIP","floor":46},{"not_picked":["Rage+1"],"picked":"SKIP","floor":47},{"not_picked":["True Grit"],"picked":"SKIP","floor":48}],"player_experience":763215,"relics_obtained":[{"floor":8.0,"key":"Bronze Scales"},{"floor":9.0,"key":"Pen Nib"},{"floor":23,"key":"Omamori"},{"floor":26,"key":"Orichalcum"},{"floor":27,"key":"PreservedInsect"},{"floor":39,"key":"Du-Vu Doll"},{"floor":43,"key":"FossilizedHelix"}],"event_choices":[{"damage_healed":0.0,"max_hp_gain":0.0,"max_hp_loss":0.0,"gold_gain":0.0,"event_name":"Shining Light","player_choice":"Entered Light","floor":4.0,"gold_loss":0.0,"damage_taken":16.0,"cards_upgraded":["Defend_R","Barricade"]},{"cards_removed":["Strike_R"],"damage_healed":0.0,"max_hp_gain":0.0,"max_hp_loss":0.0,"gold_gain":0.0,"event_name":"Bonfire Elementals","player_choice":"Offered Basic","floor":7.0,"gold_loss":0.0,"damage_taken":0.0},{"cards_removed":["Strike_R"],"damage_healed":0.0,"max_hp_gain":0.0,"max_hp_loss":0.0,"gold_gain":0.0,"event_name":"The Cleric","player_choice":"Card Removal","floor":14.0,"gold_loss":50.0,"damage_taken":0.0},{"damage_healed":0,"gold_gain":0,"player_choice":"Bet on Owner","damage_taken":0,"max_hp_gain":0,"max_hp_loss":0,"event_name":"The Joust","floor":30,"gold_loss":50},{"damage_healed":0,"gold_gain":0,"player_choice":"Upgrade","damage_taken":0,"relics_obtained":["Mark of the Bloom"],"max_hp_gain":0,"max_hp_loss":0,"event_name":"MindBloom","floor":45,"gold_loss":0,"cards_upgraded":["Strike_R","Strike_R","Strike_R","Defend_R","Bash","Flame Barrier","Impervious","Inflame","Battle Trance","Pummel","Metallicize"]}],"is_beta":true,"boss_relics":[{"not_picked":["Runic Cube","Calling Bell"],"picked":"Busted Crown"},{"not_picked":["Velvet Choker","Empty Cage"],"picked":"Black Blood"}],"items_purged_floors":[11,37],"is_endless":false,"potions_floor_spawned":[2,8,22,23,35,36,41,47],"ascension_level":4}