{"gold_per_floor":[113,113,132,132,82,82,114,79,151,151,151,166,196,213,213,213],"floor_reached":16,"playtime":385,"items_purged":[],"score":119,"play_id":"4b15293f-fe85-48da-b0cc-da11b5373b32","local_time":"20190426151749","is_ascension_mode":true,"campfire_choices":[{"data":"Bash","floor":6,"key":"SMITH"},{"floor":11,"key":"REST"},{"data":"Intimidate","floor":15,"key":"SMITH"}],"neow_cost":"PERCENT_DAMAGE","seed_source_timestamp":281544096179396,"circlet_count":0,"master_deck":["Strike_R","Strike_R+1","Strike_R","Strike_R+1","Defend_R","Defend_R","Defend_R","Bash+1","Pummel","Intimidate+1","Warcry","Rage+1","Dropkick"],"relics":["Burning Blood","Charon\u0027s Ashes","PreservedInsect","Toxic Egg 2","Regal Pillow"],"potions_floor_usage":[7],"damage_taken":[{"damage":7,"enemies":"Small Slimes","floor":1,"turns":3},{"damage":1,"enemies":"2 Louse","floor":3,"turns":2},{"damage":21,"enemies":"Lagavulin","floor":7,"turns":5},{"damage":2,"enemies":"Jaw Worm","floor":12,"turns":3},{"damage":27,"enemies":"Gremlin Nob","floor":13,"turns":4},{"damage":0,"enemies":"Red Slaver","floor":14,"turns":2},{"damage":53,"enemies":"Hexaghost","floor":16,"turns":9}],"seed_played":"4535521278017774540","potions_obtained":[{"floor":3,"key":"Weak Potion"},{"floor":12,"key":"EntropicBrew"},{"floor":13,"key":"FairyPotion"}],"is_trial":false,"path_per_floor":["M","?","M","?","?","R","E","?","T","?","R","M","E","M","R","B"],"character_chosen":"IRONCLAD","items_purchased":[],"campfire_rested":1,"item_purchase_floors":[],"current_hp_per_floor":[55,39,44,44,44,44,29,29,29,29,53,57,36,42,42,0],"gold":213,"neow_bonus":"ONE_RARE_RELIC","is_prod":false,"is_daily":false,"chose_seed":false,"campfire_upgraded":2,"win_rate":0,"timestamp":1556309869,"path_taken":["M","?","M","?","?","R","E","?","T","?","R","?","E","M","R","BOSS"],"build_version":"2019-01-23","purchased_purges":0,"victory":false,"max_hp_per_floor":[80,80,80,80,80,80,80,80,80,80,80,80,80,80,80,80],"card_choices":[{"not_picked":["Perfected Strike","Whirlwind"],"picked":"Pummel","floor":1},{"not_picked":["Clothesline","Ghostly Armor"],"picked":"Intimidate","floor":3},{"not_picked":["Demon Form","Iron Wave"],"picked":"Warcry","floor":7},{"not_picked":["Cleave","Iron Wave"],"picked":"Rage+1","floor":12},{"not_picked":["Perfected Strike","Reckless Charge","Brutality"],"picked":"SKIP","floor":13},{"not_picked":["Anger","Heavy Blade"],"picked":"Dropkick","floor":14}],"player_experience":106473,"relics_obtained":[{"floor":7,"key":"PreservedInsect"},{"floor":9,"key":"Toxic Egg 2"},{"floor":13,"key":"Regal Pillow"}],"event_choices":[{"damage_healed":0,"gold_gain":0,"player_choice":"Entered Light","damage_taken":16,"max_hp_gain":0,"max_hp_loss":0,"event_name":"Shining Light","floor":2,"gold_loss":0,"cards_upgraded":["Strike_R","Strike_R"]},{"cards_removed":["Strike_R"],"damage_healed":0,"gold_gain":0,"player_choice":"Forget","damage_taken":0,"max_hp_gain":0,"max_hp_loss":0,"event_name":"Living Wall","floor":4,"gold_loss":0},{"cards_removed":["Defend_R"],"damage_healed":0,"gold_gain":0,"player_choice":"Card Removal","damage_taken":0,"max_hp_gain":0,"max_hp_loss":0,"event_name":"The Cleric","floor":5,"gold_loss":50},{"damage_healed":0,"gold_gain":0,"player_choice":"Left Gold","damage_taken":0,"max_hp_gain":0,"max_hp_loss":0,"event_name":"World of Goop","floor":8,"gold_loss":35},{"damage_healed":0,"gold_gain":0,"player_choice":"Ignored","damage_taken":0,"max_hp_gain":0,"max_hp_loss":0,"event_name":"Liars Game","floor":10,"gold_loss":0}],"is_beta":false,"boss_relics":[],"items_purged_floors":[],"is_endless":false,"potions_floor_spawned":[3,12,13],"killed_by":"Hexaghost","ascension_level":2}