{"gold_per_floor":[212,224,189,202,218,293,293,320,320,320,338,338,338,2,2,100,100,114,129,129,129,154,154,182,46,46,46],"floor_reached":27,"playtime":1231,"items_purged":[],"score":298,"play_id":"0c11afe9-fc5d-41d3-ac2b-b464afa1f479","local_time":"20190510200838","is_ascension_mode":true,"campfire_choices":[{"floor":13,"key":"REST"},{"floor":15,"key":"REST"},{"floor":23,"key":"REST"}],"neow_cost":"NONE","seed_source_timestamp":510246726042400,"circlet_count":0,"master_deck":["Strike_B","Strike_B","Defend_B","Defend_B","Defend_B","Defend_B","Zap","Dualcast","Coolheaded","Genetic Algorithm","FTL","Go for the Eyes","Echo Form","Capacitor","Electrodynamics","Leap","HandOfGreed+1","Enlightenment","Defragment","Meteor Strike+1","Turbo","Skim","Fusion","Double Energy","Reinforced Body","Creative AI"],"relics":["Cracked Core","Strawberry","Molten Egg 2","Sozu","Boot","Frozen Egg 2"],"potions_floor_usage":[8,16,22],"damage_taken":[{"damage":11,"enemies":"Jaw Worm","floor":1,"turns":5},{"damage":0,"enemies":"2 Louse","floor":2,"turns":3},{"damage":17,"enemies":"Small Slimes","floor":4,"turns":4},{"damage":9,"enemies":"Exordium Wildlife","floor":5,"turns":3},{"damage":32,"enemies":"3 Sentries","floor":8,"turns":8},{"damage":3,"enemies":"3 Louse","floor":11,"turns":4},{"damage":16,"enemies":"Hexaghost","floor":16,"turns":10},{"damage":17,"enemies":"2 Thieves","floor":18,"turns":5},{"damage":3,"enemies":"3 Byrds","floor":19,"turns":3},{"damage":30,"enemies":"Colosseum Slavers","floor":22,"turns":5},{"damage":18,"enemies":"Book of Stabbing","floor":24,"turns":6},{"damage":15,"enemies":"Cultist and Chosen","floor":27,"turns":5}],"seed_played":"-9117542646463615546","potions_obtained":[{"floor":5,"key":"Dexterity Potion"},{"floor":11,"key":"SpeedPotion"},{"floor":16,"key":"EssenceOfSteel"}],"is_trial":false,"path_per_floor":["M","M","?","M","M","?","?","E","T","?","M","?","R","$","R","B",null,"M","M","?","?","?","R","E","$","T","M"],"character_chosen":"DEFECT","items_purchased":["HandOfGreed+1","Enlightenment","Defragment","Creative AI"],"campfire_rested":3,"item_purchase_floors":[14,14,14,25],"current_hp_per_floor":[57,57,75,58,49,38,38,13,13,10,7,7,31,31,55,39,71,54,51,35,35,5,31,13,13,13,0],"gold":46,"neow_bonus":"HUNDRED_GOLD","is_prod":false,"is_daily":false,"chose_seed":false,"campfire_upgraded":0,"win_rate":0,"timestamp":1557515318,"path_taken":["M","M","?","M","M","?","?","E","T","?","?","?","R","$","R","BOSS","M","M","?","?","?","R","E","$","T","M"],"build_version":"2019-01-23","purchased_purges":0,"victory":false,"max_hp_per_floor":[75,75,75,75,75,75,75,82,82,82,82,82,82,82,82,82,82,82,82,87,87,87,87,87,87,87,87],"card_choices":[{"not_picked":["Redo","Steam Power"],"picked":"Coolheaded","floor":1},{"not_picked":["Storm","Chill"],"picked":"Genetic Algorithm","floor":2},{"not_picked":["Go for the Eyes","Glacier"],"picked":"FTL","floor":4},{"not_picked":["Beam Cell","Rip and Tear"],"picked":"Go for the Eyes","floor":5},{"not_picked":["Capacitor","Go for the Eyes"],"picked":"Echo Form","floor":8},{"not_picked":["Storm","Turbo"],"picked":"Capacitor","floor":11},{"not_picked":["Reboot","Thunder Strike+1"],"picked":"Meteor Strike+1","floor":16},{"not_picked":["Sweeping Beam+1","Coolheaded"],"picked":"Turbo","floor":18},{"not_picked":["Barrage+1","Reinforced Body"],"picked":"Skim","floor":19},{"not_picked":["Barrage+1","Ball Lightning+1"],"picked":"Reinforced Body","floor":24}],"player_experience":517320,"relics_obtained":[{"floor":8,"key":"Strawberry"},{"floor":24,"key":"Boot"},{"floor":26,"key":"Frozen Egg 2"}],"event_choices":[{"damage_healed":18,"gold_gain":0,"player_choice":"Healed","damage_taken":0,"max_hp_gain":0,"max_hp_loss":0,"event_name":"The Cleric","floor":3,"gold_loss":35},{"damage_healed":0,"gold_gain":75,"player_choice":"Gather Gold","damage_taken":11,"max_hp_gain":0,"max_hp_loss":0,"event_name":"World of Goop","floor":6,"gold_loss":0},{"damage_healed":0,"gold_gain":0,"player_choice":"Ignored","damage_taken":0,"max_hp_gain":0,"max_hp_loss":0,"event_name":"Golden Wing","floor":7,"gold_loss":0},{"damage_healed":0,"gold_gain":0,"player_choice":"Success","damage_taken":3,"relics_obtained":["Molten Egg 2"],"max_hp_gain":0,"max_hp_loss":0,"event_name":"Scrap Ooze","floor":10,"gold_loss":0},{"damage_healed":0,"gold_gain":0,"player_choice":"2 cards matched","damage_taken":0,"max_hp_gain":0,"max_hp_loss":0,"event_name":"Match and Keep!","floor":12,"gold_loss":0,"cards_obtained":["Electrodynamics","Leap"]},{"damage_healed":0,"gold_gain":0,"player_choice":"Shed Blood","damage_taken":21,"max_hp_gain":5,"max_hp_loss":0,"event_name":"Forgotten Altar","floor":20,"gold_loss":0},{"damage_healed":0,"gold_gain":0,"cards_transformed":["Strike_B","Strike_B"],"player_choice":"Became Test Subject","damage_taken":0,"max_hp_gain":0,"max_hp_loss":0,"event_name":"Drug Dealer","floor":21,"gold_loss":0,"cards_obtained":["Fusion","Double Energy"]},{"damage_healed":0,"gold_gain":0,"player_choice":"Fight","damage_taken":0,"max_hp_gain":0,"max_hp_loss":0,"event_name":"Colosseum","floor":22,"gold_loss":0},{"damage_healed":0,"gold_gain":0,"player_choice":"Fled From Nobs","damage_taken":0,"max_hp_gain":0,"max_hp_loss":0,"event_name":"Colosseum","floor":22,"gold_loss":0}],"is_beta":false,"boss_relics":[{"not_picked":["Black Star","Philosopher\u0027s Stone"],"picked":"Sozu"}],"items_purged_floors":[],"is_endless":false,"potions_floor_spawned":[5,11,16,19,22,24],"killed_by":"Cultist and Chosen","ascension_level":6}