{"gold_per_floor":[117,133,147,165,183,211,223,223,304,304,321,337,142,161,161,161],"floor_reached":16,"playtime":790,"items_purged":[],"score":119,"play_id":"eb90e650-db38-47b9-a8fa-98c4f4b0b877","local_time":"20181205185321","is_ascension_mode":true,"campfire_choices":[{"floor":8,"key":"REST"},{"data":"Whirlwind","floor":10,"key":"SMITH"},{"data":"Limit Break","floor":15,"key":"SMITH"}],"neow_cost":"NONE","seed_source_timestamp":1757135991837835,"circlet_count":0,"master_deck":["Strike_R","Strike_R","Strike_R","Strike_R","Strike_R","Defend_R","Defend_R","Defend_R","Defend_R","Bash","Reaper","Flex","Shockwave","Whirlwind+1","Metallicize","Iron Wave","Pommel Strike","Limit Break+1","Flame Barrier","Heavy Blade"],"special_seed":0,"relics":["Burning Blood","Omamori","Tiny Chest","Toolbox"],"potions_floor_usage":[14,16],"damage_taken":[{"damage":1.0,"enemies":"Cultist","floor":1.0,"turns":3.0},{"damage":7.0,"enemies":"Jaw Worm","floor":2.0,"turns":3.0},{"damage":0.0,"enemies":"Small Slimes","floor":3.0,"turns":3.0},{"damage":13.0,"enemies":"Blue Slaver","floor":4.0,"turns":5.0},{"damage":27.0,"enemies":"Exordium Wildlife","floor":5.0,"turns":8.0},{"damage":57.0,"enemies":"Lagavulin","floor":6.0,"turns":13.0},{"damage":6.0,"enemies":"3 Louse","floor":7.0,"turns":2.0},{"damage":7,"enemies":"Looter","floor":11,"turns":3},{"damage":7,"enemies":"Large Slime","floor":12,"turns":6},{"damage":4,"enemies":"Exordium Thugs","floor":14,"turns":5},{"damage":43,"enemies":"Hexaghost","floor":16,"turns":11}],"seed_played":"5310317383200129373","potions_obtained":[{"floor":5.0,"key":"PowerPotion"},{"floor":6.0,"key":"Fire Potion"},{"floor":7,"key":"LiquidBronze"}],"is_trial":false,"path_per_floor":["M","M","M","M","M","E","M","M","R","T","R","M","M","$","M","R","B"],"character_chosen":"IRONCLAD","items_purchased":["Toolbox"],"campfire_rested":1,"item_purchase_floors":[13],"current_hp_per_floor":[80,79,80,73,58,11,11,35,35,35,34,35,35,37,37,0],"gold":161,"neow_bonus":"ONE_RANDOM_RARE_CARD","is_prod":false,"is_daily":false,"chose_seed":false,"campfire_upgraded":2,"win_rate":0,"timestamp":1544054001,"path_taken":["M","M","?","M","M","E","M","R","T","R","M","M","$","M","R","BOSS"],"build_version":"2018-11-15","purchased_purges":0,"victory":false,"max_hp_per_floor":[80,80,80,80,80,80,80,80,80,80,80,80,80,80,80,80],"card_choices":[{"not_picked":["Pommel Strike","Heavy Blade"],"picked":"Flex","floor":1.0},{"not_picked":["Rage","Body Slam"],"picked":"Shockwave","floor":2.0},{"not_picked":["Seeing Red","True Grit"],"picked":"Whirlwind","floor":3.0},{"not_picked":["Cleave","Shockwave"],"picked":"Metallicize","floor":4.0},{"not_picked":["Perfected Strike","Sword Boomerang"],"picked":"Iron Wave","floor":5.0},{"not_picked":["Rampage","Body Slam","Shockwave"],"picked":"SKIP","floor":6.0},{"not_picked":["Clothesline","Cleave"],"picked":"Pommel Strike","floor":7},{"not_picked":["Infernal Blade","Havoc"],"picked":"Limit Break","floor":11},{"not_picked":["Ghostly Armor","Entrench"],"picked":"Flame Barrier","floor":12},{"not_picked":["Searing Blow","Cleave"],"picked":"Heavy Blade","floor":14}],"player_experience":128415,"relics_obtained":[{"floor":6.0,"key":"Omamori"},{"floor":9,"key":"Tiny Chest"}],"event_choices":[],"is_beta":false,"boss_relics":[],"items_purged_floors":[],"is_endless":false,"potions_floor_spawned":[5,6,7],"killed_by":"Hexaghost","ascension_level":2}