{"gold_per_floor":[118,118,118,118,118,118,118,156,156,156,170,189,208,208,208,336,336,350,350,40,40,28,28,52,151,151,167,186,186,225,225,225,356,356,374,395,408,45,64,97,97,97,124,124,124,124,164,187,187,187],"floor_reached":51,"playtime":4343,"items_purged":["Strike_G"],"score":1146,"play_id":"ae4c26a0-26ef-41ca-9da6-adb437db6a08","local_time":"20190502120956","is_ascension_mode":true,"campfire_choices":[{"data":"Neutralize","floor":7,"key":"SMITH"},{"floor":15,"key":"REST"},{"floor":23,"key":"REST"},{"floor":29,"key":"REST"},{"floor":32,"key":"REST"},{"floor":45,"key":"REST"},{"data":"Burst","floor":49,"key":"SMITH"}],"neow_cost":"PERCENT_DAMAGE","seed_source_timestamp":1363878488533900,"circlet_count":0,"master_deck":["AscendersBane","Defend_G","Defend_G","Defend_G","Survivor","Dagger Throw","Flying Knee","Dodge and Roll","Escape Plan","A Thousand Cuts","PiercingWail","Crippling Poison","Burst+1","Well Laid Plans+1","Night Terror+1","Acrobatics+1","Deadly Poison","Catalyst+1","Noxious Fumes","Catalyst","Tools of the Trade","Tactician","Backflip+1","After Image","Madness+1","Madness+1","Backflip+1"],"relics":["Ring of the Snake","Golden Idol","Art of War","Pocketwatch","Pen Nib","Astrolabe","Blood Vial","Nilry\u0027s Codex","Mummified Hand","Bronze Scales","Runic Pyramid","Oddly Smooth Stone","Lee\u0027s Waffle","Strawberry","Toxic Egg 2","Ancient Tea Set","Centennial Puzzle"],"potions_floor_usage":[16,16,28,30,33,39,48,50],"damage_taken":[{"damage":0,"enemies":"2 Louse","floor":1,"turns":3},{"damage":25,"enemies":"3 Sentries","floor":8,"turns":13},{"damage":5,"enemies":"Jaw Worm","floor":11,"turns":3},{"damage":0,"enemies":"Small Slimes","floor":12,"turns":2},{"damage":0,"enemies":"Red Slaver","floor":13,"turns":4},{"damage":27,"enemies":"The Guardian","floor":16,"turns":12},{"damage":4,"enemies":"Chosen","floor":18,"turns":5},{"damage":20,"enemies":"2 Thieves","floor":22,"turns":4},{"damage":18,"enemies":"3 Cultists","floor":24,"turns":6},{"damage":9,"enemies":"Centurion and Healer","floor":27,"turns":5},{"damage":11,"enemies":"Snake Plant","floor":28,"turns":5},{"damage":6,"enemies":"Book of Stabbing","floor":30,"turns":4},{"damage":30,"enemies":"Automaton","floor":33,"turns":5},{"damage":2,"enemies":"Orb Walker","floor":35,"turns":4},{"damage":22,"enemies":"3 Shapes","floor":36,"turns":4},{"damage":29,"enemies":"Spire Growth","floor":37,"turns":4},{"damage":0,"enemies":"Jaw Worm Horde","floor":39,"turns":5},{"damage":12,"enemies":"Nemesis","floor":40,"turns":5},{"damage":0,"enemies":"Giant Head","floor":47,"turns":6},{"damage":11,"enemies":"4 Shapes","floor":48,"turns":4},{"damage":61,"enemies":"Awakened One","floor":50,"turns":9}],"seed_played":"-3270204896740959895","potions_obtained":[{"floor":8,"key":"Regen Potion"},{"floor":11,"key":"PowerPotion"},{"floor":22,"key":"AttackPotion"},{"floor":24,"key":"Regen Potion"},{"floor":28,"key":"Poison Potion"},{"floor":30,"key":"SpeedPotion"},{"floor":33,"key":"Fire Potion"},{"floor":47,"key":"GamblersBrew"}],"is_trial":false,"path_per_floor":["M","?","?","$","?","?","R","E","T","?","M","M","M","?","R","B",null,"M","?","$","?","M","R","M","?","T","M","M","R","E","?","R","B",null,"M","M","M","$","M","E","?","$","T","?","R","?","E","M","R","B",null],"character_chosen":"THE_SILENT","items_purchased":["Noxious Fumes","Blood Vial","Oddly Smooth Stone","Lee\u0027s Waffle"],"campfire_rested":5,"item_purchase_floors":[20,20,38,38],"current_hp_per_floor":[45,45,27,27,27,48,48,23,23,23,18,18,18,18,37,25,55,51,51,51,35,17,36,20,20,20,13,16,35,31,31,50,22,54,54,34,7,72,72,67,67,67,67,57,79,79,79,68,68,9],"gold":187,"neow_bonus":"TRANSFORM_TWO_CARDS","is_prod":false,"is_daily":false,"chose_seed":false,"campfire_upgraded":2,"win_rate":0,"timestamp":1556795396,"path_taken":["M","?","?","$","?","?","R","E","T","?","?","M","M","?","R","BOSS","M","?","$","?","M","R","M","?","T","M","M","R","E","?","R","BOSS","M","M","M","$","M","E","?","?","T","?","R","?","E","M","R","BOSS"],"build_version":"2019-01-23","purchased_purges":1,"victory":true,"max_hp_per_floor":[70,65,65,65,65,65,65,65,65,65,65,65,65,65,65,65,65,65,65,65,65,65,65,65,65,65,65,65,65,65,65,65,65,65,65,65,65,72,72,79,79,79,79,79,79,79,79,79,79,79],"card_choices":[{"not_picked":["Bane","Flechettes"],"picked":"Dodge and Roll","floor":1},{"not_picked":["Infinite Blades","Quick Slash"],"picked":"Escape Plan","floor":8},{"not_picked":["Cloak And Dagger","Quick Slash"],"picked":"A Thousand Cuts","floor":11},{"not_picked":["Dagger Spray","Bane"],"picked":"PiercingWail","floor":12},{"not_picked":["Slice","Eviscerate"],"picked":"Crippling Poison","floor":13},{"not_picked":["A Thousand Cuts","Unload"],"picked":"Burst","floor":16},{"not_picked":["Flying Knee","Quick Slash"],"picked":"Deadly Poison","floor":18},{"not_picked":["Deadly Poison","Quick Slash","Sucker Punch"],"picked":"SKIP","floor":22},{"not_picked":["All Out Attack","Flechettes","Quick Slash"],"picked":"SKIP","floor":24},{"not_picked":["Choke","Bane","Dodge and Roll"],"picked":"SKIP","floor":27},{"not_picked":["Underhanded Strike","Dodge and Roll"],"picked":"Catalyst","floor":28},{"not_picked":["Slice","Dagger Throw","Infinite Blades"],"picked":"SKIP","floor":30},{"not_picked":["A Thousand Cuts","Phantasmal Killer"],"picked":"Tools of the Trade","floor":33},{"not_picked":["Acrobatics+1","Cloak And Dagger"],"picked":"Tactician","floor":35},{"not_picked":["Dagger Spray","Acrobatics"],"picked":"Slice+1","floor":36},{"not_picked":["Quick Slash","Outmaneuver","Reflex"],"picked":"SKIP","floor":37},{"not_picked":["Outmaneuver","Accuracy"],"picked":"Backflip+1","floor":39},{"not_picked":["Distraction+1","Expertise+1"],"picked":"After Image","floor":40},{"not_picked":["Sucker Punch","Predator+1"],"picked":"Backflip+1","floor":47},{"not_picked":["Well Laid Plans+1","Quick Slash+1","Poisoned Stab+1"],"picked":"SKIP","floor":48}],"player_experience":440834,"relics_obtained":[{"floor":8,"key":"Pocketwatch"},{"floor":9,"key":"Pen Nib"},{"floor":21,"key":"Nilry\u0027s Codex"},{"floor":26,"key":"Mummified Hand"},{"floor":30,"key":"Bronze Scales"},{"floor":40,"key":"Strawberry"},{"floor":43,"key":"Ancient Tea Set"},{"floor":47,"key":"Centennial Puzzle"}],"event_choices":[{"damage_healed":0,"gold_gain":0,"player_choice":"Lose Max HP","damage_taken":0,"relics_obtained":["Golden Idol"],"max_hp_gain":0,"max_hp_loss":5,"event_name":"Golden Idol","floor":2,"gold_loss":0},{"damage_healed":0,"gold_gain":0,"player_choice":"Success","damage_taken":18,"relics_obtained":["Art of War"],"max_hp_gain":0,"max_hp_loss":0,"event_name":"Scrap Ooze","floor":3,"gold_loss":0},{"damage_healed":0,"gold_gain":0,"player_choice":"Ignored","damage_taken":0,"max_hp_gain":0,"max_hp_loss":0,"event_name":"Shining Light","floor":5,"gold_loss":0},{"damage_healed":21,"gold_gain":0,"player_choice":"Banana","damage_taken":0,"max_hp_gain":0,"max_hp_loss":0,"event_name":"Big Fish","floor":6,"gold_loss":0},{"cards_removed":["Defend_G"],"damage_healed":0,"gold_gain":0,"player_choice":"Purged","damage_taken":0,"max_hp_gain":0,"max_hp_loss":0,"event_name":"Purifier","floor":10,"gold_loss":0},{"damage_healed":0,"gold_gain":0,"player_choice":"Ignored","damage_taken":0,"max_hp_gain":0,"max_hp_loss":0,"event_name":"Liars Game","floor":14,"gold_loss":0},{"damage_healed":0,"gold_gain":0,"player_choice":"Read","damage_taken":0,"max_hp_gain":0,"max_hp_loss":0,"event_name":"The Library","floor":19,"gold_loss":0,"cards_obtained":["Catalyst"]},{"damage_healed":0,"gold_gain":0,"player_choice":"Obtained Book","damage_taken":16,"max_hp_gain":0,"max_hp_loss":0,"event_name":"Cursed Tome","floor":21,"gold_loss":0},{"damage_healed":0,"gold_gain":99,"player_choice":"Stole From Cult","damage_taken":0,"max_hp_gain":0,"max_hp_loss":0,"event_name":"Nest","floor":25,"gold_loss":0},{"damage_healed":0,"gold_gain":0,"player_choice":"Upgraded","damage_taken":0,"max_hp_gain":0,"max_hp_loss":0,"event_name":"Upgrade Shrine","floor":31,"gold_loss":0,"cards_upgraded":["Catalyst"]},{"cards_removed":["Slice"],"damage_healed":0,"gold_gain":0,"player_choice":"Gave Card","damage_taken":0,"relics_obtained":["Toxic Egg 2"],"max_hp_gain":0,"max_hp_loss":0,"event_name":"WeMeetAgain","floor":41,"gold_loss":0},{"damage_healed":0,"gold_gain":0,"player_choice":"Embrace Madness","damage_taken":10,"max_hp_gain":0,"max_hp_loss":0,"event_name":"Winding Halls","floor":44,"gold_loss":0,"cards_obtained":["Madness","Madness"]},{"cards_removed":["Neutralize"],"damage_healed":0,"gold_gain":0,"player_choice":"Removed Attack","damage_taken":0,"max_hp_gain":0,"max_hp_loss":0,"event_name":"Falling","floor":46,"gold_loss":0}],"is_beta":false,"boss_relics":[{"not_picked":["Lizard Tail","Empty Cage"],"picked":"Astrolabe"},{"not_picked":["Pandora\u0027s Box","White Beast Statue"],"picked":"Runic Pyramid"}],"items_purged_floors":[20],"is_endless":false,"potions_floor_spawned":[8,11,12,22,24,28,30,33,35,37,47],"ascension_level":11}