{"gold_per_floor":[110,110,128,147,167,167,199,199,276,292,292,306,332,348,348,451,451,468,468,343,343,355,382,382,400,400,400,414,513,541,552,552,655,705,722,399,416,416,0,31,31,31,31,0,0,0,100,100,100,100],"floor_reached":50,"playtime":1990,"items_purged":["True Grit"],"score":673,"play_id":"77c0c5dd-79b0-4573-990f-7410d3739e05","local_time":"20190501192156","is_ascension_mode":true,"campfire_choices":[{"data":"Anger","floor":6,"key":"SMITH"},{"data":"Bash","floor":8,"key":"SMITH"},{"floor":11,"key":"REST"},{"data":"Clash","floor":15,"key":"SMITH"},{"data":"Barricade","floor":24,"key":"SMITH"},{"data":"Armaments","floor":27,"key":"SMITH"},{"data":"Body Slam","floor":32,"key":"SMITH"},{"data":"Mayhem","floor":41,"key":"SMITH"},{"floor":45,"key":"REST"},{"data":"Apotheosis","floor":49,"key":"SMITH"}],"neow_cost":"PERCENT_DAMAGE","seed_source_timestamp":36605402973788,"circlet_count":0,"master_deck":["Defend_R","Defend_R","Defend_R","Bash+1","Clash+1","Anger+1","Clash","Barricade+1","Bite","Bite+1","Bite","Bite","Bite","Inflame","Armaments+1","Anger+1","Pommel Strike","Body Slam+1","Juggernaut","Pommel Strike","Metallicize","Jack Of All Trades","Mayhem+1","Mayhem","Apotheosis+1","Thinking Ahead","Intimidate+1"],"relics":["Burning Blood","Thread and Needle","Bird Faced Urn","Pantograph","Oddly Smooth Stone","Sozu","Shuriken","Gremlin Horn","Juzu Bracelet","Tiny House","Magic Flower","Membership Card","Ornamental Fan","Dead Branch","Red Mask","Nunchaku"],"potions_floor_usage":[18,50,50],"damage_taken":[{"damage":0,"enemies":"Jaw Worm","floor":1,"turns":5},{"damage":0,"enemies":"Cultist","floor":3,"turns":3},{"damage":0,"enemies":"2 Louse","floor":4,"turns":3},{"damage":2,"enemies":"Looter","floor":5,"turns":4},{"damage":29,"enemies":"Lagavulin","floor":7,"turns":6},{"damage":25,"enemies":"Lots of Slimes","floor":10,"turns":3},{"damage":2,"enemies":"Exordium Wildlife","floor":12,"turns":5},{"damage":25,"enemies":"3 Sentries","floor":13,"turns":9},{"damage":0,"enemies":"Blue Slaver","floor":14,"turns":3},{"damage":42,"enemies":"Slime Boss","floor":16,"turns":10},{"damage":0,"enemies":"3 Byrds","floor":18,"turns":3},{"damage":8,"enemies":"Chosen","floor":22,"turns":5},{"damage":47,"enemies":"Slavers","floor":23,"turns":8},{"damage":0,"enemies":"3 Cultists","floor":25,"turns":5},{"damage":4,"enemies":"Chosen and Byrds","floor":28,"turns":5},{"damage":9,"enemies":"Gremlin Leader","floor":30,"turns":5},{"damage":8,"enemies":"Cultist and Chosen","floor":31,"turns":4},{"damage":48,"enemies":"Champ","floor":33,"turns":9},{"damage":19,"enemies":"3 Darklings","floor":35,"turns":5},{"damage":6,"enemies":"3 Shapes","floor":37,"turns":9},{"damage":81,"enemies":"Reptomancer","floor":40,"turns":7},{"damage":19,"enemies":"Mind Bloom Boss Battle","floor":47,"turns":5},{"damage":98,"enemies":"Awakened One","floor":50,"turns":6}],"seed_played":"1485401534367362960","potions_obtained":[{"floor":5,"key":"FearPotion"},{"floor":7,"key":"BloodPotion"},{"floor":10,"key":"SkillPotion"},{"floor":14,"key":"LiquidBronze"},{"floor":16,"key":"EssenceOfSteel"}],"is_trial":false,"path_per_floor":["M","?","M","M","M","R","E","R","T","M","R","M","E","M","R","B",null,"M","?","$","?","M","E","R","M","T","R","M","?","E","M","R","B",null,"M","$","M","?","$","E","R","?","T","?","R","$","?","?","R","B"],"character_chosen":"IRONCLAD","items_purchased":["Inflame","Armaments","Magic Flower","Metallicize","Mayhem","Membership Card"],"campfire_rested":2,"item_purchase_floors":[20,20,36,36,39,39],"current_hp_per_floor":[62,62,68,74,78,78,55,55,55,36,60,64,45,51,51,40,70,76,56,56,47,60,39,39,60,60,60,61,61,61,61,61,32,59,64,64,66,66,66,28,28,18,18,18,37,37,66,66,66,0],"gold":100,"neow_bonus":"ONE_RARE_RELIC","is_prod":false,"is_daily":false,"chose_seed":false,"campfire_upgraded":8,"win_rate":0,"timestamp":1556756516,"path_taken":["M","?","?","M","M","R","E","R","T","M","R","M","E","M","R","BOSS","M","?","$","?","M","E","R","M","T","R","M","?","E","M","R","BOSS","M","$","M","?","$","E","R","?","T","?","R","?","?","?","R","BOSS"],"build_version":"2019-01-23","purchased_purges":1,"victory":false,"max_hp_per_floor":[80,80,80,80,80,80,80,80,80,80,80,80,80,80,80,80,80,80,56,56,61,61,61,61,61,61,61,61,61,61,61,61,61,66,66,66,66,66,66,66,66,66,66,66,66,66,66,66,66,66],"card_choices":[{"not_picked":["Heavy Blade","Thunderclap","True Grit"],"picked":"SKIP","floor":1},{"not_picked":["Havoc","Cleave","Heavy Blade"],"picked":"SKIP","floor":3},{"not_picked":["Shrug It Off","Carnage"],"picked":"Clash","floor":4},{"not_picked":["Body Slam","Armaments"],"picked":"Anger","floor":5},{"not_picked":["Bloodletting","Searing Blow","Thunderclap"],"picked":"SKIP","floor":7},{"not_picked":["Reckless Charge","Twin Strike","Power Through"],"picked":"SKIP","floor":10},{"not_picked":["Headbutt","Armaments","Rupture"],"picked":"SKIP","floor":12},{"not_picked":["Impervious","Sword Boomerang","Dual Wield"],"picked":"SKIP","floor":13},{"not_picked":["Infernal Blade","Carnage"],"picked":"Clash","floor":14},{"not_picked":["Brutality","Juggernaut"],"picked":"Barricade","floor":16},{"not_picked":["Searing Blow+1","Cleave+1","True Grit"],"picked":"SKIP","floor":18},{"not_picked":["Power Through","Wild Strike+1"],"picked":"Anger+1","floor":22},{"not_picked":["Headbutt","Clash"],"picked":"Pommel Strike","floor":23},{"not_picked":["Whirlwind","Headbutt","Fiend Fire"],"picked":"SKIP","floor":25},{"not_picked":["Twin Strike","Reckless Charge","Wild Strike"],"picked":"SKIP","floor":28},{"not_picked":["Infernal Blade","Headbutt","Clash"],"picked":"SKIP","floor":30},{"not_picked":["True Grit","Ghostly Armor"],"picked":"Body Slam","floor":31},{"not_picked":["Dark Embrace","Fiend Fire"],"picked":"Juggernaut","floor":33},{"not_picked":["Iron Wave+1","True Grit"],"picked":"Pommel Strike","floor":34},{"not_picked":["Uppercut","Sever Soul+1","Reckless Charge+1"],"picked":"SKIP","floor":35},{"not_picked":["Warcry+1","Shockwave+1","Evolve+1"],"picked":"SKIP","floor":37},{"not_picked":["Havoc+1","Perfected Strike+1","Flex"],"picked":"SKIP","floor":40},{"not_picked":["Blind","Purity"],"picked":"Mayhem","floor":42},{"not_picked":["Panacea","Enlightenment"],"picked":"Apotheosis","floor":42},{"not_picked":["Good Instincts","Bandage Up"],"picked":"Thinking Ahead","floor":42},{"not_picked":["Pommel Strike","Cleave"],"picked":"Intimidate+1","floor":47}],"player_experience":120231,"relics_obtained":[{"floor":7,"key":"Bird Faced Urn"},{"floor":9,"key":"Pantograph"},{"floor":13,"key":"Oddly Smooth Stone"},{"floor":23,"key":"Shuriken"},{"floor":26,"key":"Gremlin Horn"},{"floor":30,"key":"Juzu Bracelet"},{"floor":40,"key":"Ornamental Fan"},{"floor":43,"key":"Dead Branch"},{"floor":47,"key":"Nunchaku"}],"event_choices":[{"damage_healed":0,"gold_gain":0,"player_choice":"Bought 0 Potions","damage_taken":0,"max_hp_gain":0,"max_hp_loss":0,"event_name":"The Woman in Blue","floor":2,"gold_loss":0},{"damage_healed":0,"gold_gain":0,"player_choice":"Became a vampire","damage_taken":0,"max_hp_gain":0,"max_hp_loss":24,"event_name":"Vampires","floor":19,"gold_loss":0,"cards_obtained":["Bite","Bite","Bite","Bite","Bite"]},{"damage_healed":0,"gold_gain":0,"player_choice":"Shed Blood","damage_taken":14,"max_hp_gain":5,"max_hp_loss":0,"event_name":"Forgotten Altar","floor":21,"gold_loss":0},{"damage_healed":0,"gold_gain":99,"player_choice":"Stole From Cult","damage_taken":0,"max_hp_gain":0,"max_hp_loss":0,"event_name":"Nest","floor":29,"gold_loss":0},{"damage_healed":0,"gold_gain":0,"player_choice":"2 cards matched","damage_taken":0,"max_hp_gain":0,"max_hp_loss":0,"event_name":"Match and Keep!","floor":38,"gold_loss":0,"cards_obtained":["True Grit","Jack Of All Trades"]},{"damage_healed":0,"gold_gain":0,"player_choice":"Memory 3","damage_taken":10,"max_hp_gain":0,"max_hp_loss":0,"event_name":"SensoryStone","floor":42,"gold_loss":0},{"damage_healed":0,"gold_gain":0,"player_choice":"Paid","damage_taken":0,"relics_obtained":["Red Mask"],"max_hp_gain":0,"max_hp_loss":0,"event_name":"Tomb of Lord Red Mask","floor":44,"gold_loss":31},{"damage_healed":0,"gold_gain":0,"player_choice":"Fight","damage_taken":0,"max_hp_gain":0,"max_hp_loss":0,"event_name":"MindBloom","floor":47,"gold_loss":0},{"cards_removed":["Defend_R"],"damage_healed":0,"gold_gain":0,"player_choice":"Removed Skill","damage_taken":0,"max_hp_gain":0,"max_hp_loss":0,"event_name":"Falling","floor":48,"gold_loss":0}],"is_beta":false,"boss_relics":[{"not_picked":["Fusion Hammer","Astrolabe"],"picked":"Sozu"},{"not_picked":["Runic Cube","Lizard Tail"],"picked":"Tiny House"}],"items_purged_floors":[39],"is_endless":false,"potions_floor_spawned":[5,7,10,14,16,25,28,30,31,35,37],"killed_by":"Awakened One","ascension_level":5}