{"gold_per_floor":[114,144,155,155,155,195,195,215,242,242,285,285,62,105,105,105],"floor_reached":16,"playtime":608,"items_purged":[],"score":157,"play_id":"03292da0-768d-4bc3-bc42-257d344dea3d","local_time":"20190511125817","is_ascension_mode":true,"campfire_choices":[{"data":"Zap","floor":7,"key":"SMITH"},{"data":"Dualcast","floor":10,"key":"SMITH"},{"floor":15,"key":"REST"}],"neow_cost":"NONE","seed_source_timestamp":571454034157300,"circlet_count":0,"master_deck":["Strike_B","Strike_B","Strike_B","Strike_B","Defend_B","Defend_B","Defend_B","Defend_B","Zap+1","Dualcast+1","Scrape","Conserve Battery","Undo","Reinforced Body","Hyperbeam","FTL"],"relics":["Cracked Core","Tiny Chest","Golden Idol","Shuriken","Orichalcum","Centennial Puzzle","Dream Catcher","Bird Faced Urn"],"potions_floor_usage":[6,14,16,16],"damage_taken":[{"damage":6,"enemies":"2 Louse","floor":1,"turns":2},{"damage":2,"enemies":"Small Slimes","floor":3,"turns":3},{"damage":10,"enemies":"3 Sentries","floor":6,"turns":4},{"damage":2,"enemies":"Jaw Worm","floor":8,"turns":4},{"damage":18,"enemies":"Lagavulin","floor":11,"turns":7},{"damage":13,"enemies":"Gremlin Nob","floor":14,"turns":4},{"damage":44,"enemies":"Slime Boss","floor":16,"turns":8}],"seed_played":"-2642632686251520489","potions_obtained":[{"floor":1,"key":"GamblersBrew"},{"floor":3,"key":"AttackPotion"},{"floor":6,"key":"EssenceOfSteel"},{"floor":11,"key":"Regen Potion"}],"is_trial":false,"path_per_floor":["M","?","M","?","?","E","R","M","T","R","E","?","$","E","R","B"],"character_chosen":"DEFECT","items_purchased":["Hyperbeam","Dream Catcher"],"campfire_rested":1,"item_purchase_floors":[13,13],"current_hp_per_floor":[69,69,67,67,60,50,50,48,48,48,30,30,30,17,39,0],"gold":105,"neow_bonus":"TEN_PERCENT_HP_BONUS","is_prod":false,"is_daily":false,"chose_seed":false,"campfire_upgraded":2,"win_rate":0,"timestamp":1557575897,"path_taken":["M","?","M","?","?","E","R","?","T","R","E","?","$","E","R","BOSS"],"build_version":"2019-01-23","purchased_purges":0,"victory":false,"max_hp_per_floor":[82,82,82,76,76,76,76,76,76,76,76,76,76,76,76,76],"card_choices":[{"not_picked":["Reprogram","Hello World"],"picked":"Scrape","floor":1},{"not_picked":["Barrage","Darkness"],"picked":"Conserve Battery","floor":3},{"not_picked":["Thunder Strike","Sweeping Beam"],"picked":"Undo","floor":6},{"not_picked":["Barrage","Conserve Battery"],"picked":"Reinforced Body","floor":8},{"not_picked":["Streamline","Stack","Multi-Cast"],"picked":"SKIP","floor":11},{"not_picked":["Conserve Battery","Seek"],"picked":"FTL","floor":14}],"player_experience":522644,"relics_obtained":[{"floor":6,"key":"Shuriken"},{"floor":9,"key":"Orichalcum"},{"floor":11,"key":"Centennial Puzzle"},{"floor":14,"key":"Bird Faced Urn"}],"event_choices":[{"damage_healed":0,"gold_gain":0,"player_choice":"Box","damage_taken":0,"relics_obtained":["Tiny Chest"],"max_hp_gain":0,"max_hp_loss":0,"event_name":"Big Fish","floor":2,"gold_loss":0,"cards_obtained":["Regret"]},{"damage_healed":0,"gold_gain":0,"player_choice":"Lose Max HP","damage_taken":0,"relics_obtained":["Golden Idol"],"max_hp_gain":0,"max_hp_loss":6,"event_name":"Golden Idol","floor":4,"gold_loss":0},{"cards_removed":["Regret"],"damage_healed":0,"gold_gain":0,"player_choice":"Card Removal","damage_taken":7,"max_hp_gain":0,"max_hp_loss":0,"event_name":"Golden Wing","floor":5,"gold_loss":0},{"damage_healed":0,"gold_gain":0,"player_choice":"Bought 0 Potions","damage_taken":0,"max_hp_gain":0,"max_hp_loss":0,"event_name":"The Woman in Blue","floor":12,"gold_loss":0}],"is_beta":false,"boss_relics":[],"items_purged_floors":[],"is_endless":false,"potions_floor_spawned":[1,3,6,11],"killed_by":"Slime Boss","ascension_level":7}