{"gold_per_floor":[114,114,131,146,71,97,97,97,146,169,189,259,321,357,369,479,491,519,556,568,595,607,619],"floor_reached":23,"playtime":1948,"items_purged":["Strike_G"],"score":347,"play_id":"261a7afd-49fd-405e-a560-791c967c2940","local_time":"20190506170418","is_ascension_mode":true,"campfire_choices":[{"floor":7,"key":"REST"},{"data":"Dash","floor":15,"key":"SMITH"}],"neow_cost":"PERCENT_DAMAGE","seed_source_timestamp":152861475669500,"circlet_count":0,"master_deck":["AscendersBane","Defend_G","Defend_G","Defend_G","Defend_G","Strike_G","Strike_G","Strike_G","Survivor","Neutralize","Leg Sweep","Predator","Dagger Spray","Dash+1","Blur","Backflip","PiercingWail","Blur","Well Laid Plans","Tools of the Trade","Cloak And Dagger","Outmaneuver"],"relics":["Ring of the Snake","Boot","Golden Idol","Strawberry","MawBank","Calling Bell","Happy Flower","Ornamental Fan","Bird Faced Urn"],"potions_floor_usage":[10,11,16,18,21,23],"damage_taken":[{"damage":0,"enemies":"Jaw Worm","floor":1,"turns":5},{"damage":0,"enemies":"Cultist","floor":3,"turns":4},{"damage":0,"enemies":"Small Slimes","floor":4,"turns":3},{"damage":12,"enemies":"3 Sentries","floor":6,"turns":6},{"damage":0,"enemies":"Looter","floor":10,"turns":4},{"damage":0,"enemies":"3 Louse","floor":11,"turns":3},{"damage":18,"enemies":"Gremlin Nob","floor":12,"turns":5},{"damage":0,"enemies":"Red Slaver","floor":14,"turns":6},{"damage":10,"enemies":"The Guardian","floor":16,"turns":15},{"damage":0,"enemies":"Shell Parasite","floor":18,"turns":9},{"damage":26,"enemies":"Spheric Guardian","floor":19,"turns":11},{"damage":9,"enemies":"Shelled Parasite and Fungi","floor":21,"turns":11},{"damage":54,"enemies":"Gremlin Leader","floor":23,"turns":7}],"seed_played":"-7853660322225655650","potions_obtained":[{"floor":4,"key":"Swift Potion"},{"floor":10,"key":"Poison Potion"},{"floor":11,"key":"Ancient Potion"},{"floor":12,"key":"Block Potion"},{"floor":14,"key":"Strength Potion"},{"floor":18,"key":"Weak Potion"},{"floor":19,"key":"Poison Potion"}],"is_trial":false,"path_per_floor":["M","?","M","M","$","E","R","?","T","M","M","?","?","M","R","B",null,"M","M","?","M","?","E"],"character_chosen":"THE_SILENT","items_purchased":[],"campfire_rested":1,"item_purchase_floors":[],"current_hp_per_floor":[44,40,40,40,40,28,47,47,54,54,54,36,36,36,36,26,57,61,39,39,34,47,0],"gold":619,"neow_bonus":"TRANSFORM_TWO_CARDS","is_prod":false,"is_daily":false,"chose_seed":false,"campfire_upgraded":1,"win_rate":0,"timestamp":1557158658,"path_taken":["M","?","?","M","$","E","R","?","T","M","M","?","?","?","R","BOSS","M","M","?","?","?","E"],"build_version":"2019-01-23","purchased_purges":1,"victory":false,"max_hp_per_floor":[66,66,66,66,66,66,66,60,67,67,67,67,67,67,67,67,67,67,67,67,67,67,67],"card_choices":[{"not_picked":["Quick Slash","Deflect"],"picked":"Dagger Spray","floor":1},{"not_picked":["Underhanded Strike","Unload","Bane"],"picked":"SKIP","floor":3},{"not_picked":["Blur","Quick Slash"],"picked":"Dash","floor":4},{"not_picked":["Finisher","Caltrops"],"picked":"Blur","floor":6},{"not_picked":["Deflect","Flying Knee"],"picked":"Backflip","floor":10},{"not_picked":["Bane","Acrobatics"],"picked":"PiercingWail","floor":11},{"not_picked":["Sucker Punch","Quick Slash"],"picked":"Blur","floor":12},{"not_picked":["Dodge and Roll","PiercingWail"],"picked":"Well Laid Plans","floor":14},{"not_picked":["Glass Knife","Night Terror"],"picked":"Tools of the Trade","floor":16},{"not_picked":["Expertise","Sucker Punch"],"picked":"Cloak And Dagger","floor":18},{"not_picked":["PiercingWail","Choke","Acrobatics"],"picked":"SKIP","floor":19},{"not_picked":["Bane","Poisoned Stab"],"picked":"Outmaneuver","floor":21}],"player_experience":466200,"relics_obtained":[{"floor":6,"key":"Boot"},{"floor":9,"key":"Strawberry"},{"floor":12,"key":"MawBank"},{"floor":17,"key":"Happy Flower"},{"floor":17,"key":"Ornamental Fan"},{"floor":17,"key":"Bird Faced Urn"}],"event_choices":[{"damage_healed":0,"gold_gain":0,"player_choice":"Bought 0 Potions","damage_taken":0,"max_hp_gain":0,"max_hp_loss":0,"event_name":"The Woman in Blue","floor":2,"gold_loss":0},{"damage_healed":0,"gold_gain":0,"player_choice":"Lose Max HP","damage_taken":0,"relics_obtained":["Golden Idol"],"max_hp_gain":0,"max_hp_loss":6,"event_name":"Golden Idol","floor":8,"gold_loss":0},{"damage_healed":0,"gold_gain":0,"player_choice":"Searched \u00272\u0027 times","damage_taken":0,"max_hp_gain":0,"max_hp_loss":0,"event_name":"Dead Adventurer","floor":12,"gold_loss":0},{"damage_healed":0,"gold_gain":50,"player_choice":"Pray","damage_taken":0,"max_hp_gain":0,"max_hp_loss":0,"event_name":"Golden Shrine","floor":13,"gold_loss":0},{"cards_removed":["Clumsy","Regret","Clumsy"],"damage_healed":0,"gold_gain":0,"player_choice":"Removed Curses","damage_taken":0,"max_hp_gain":0,"max_hp_loss":0,"event_name":"Fountain of Cleansing","floor":20,"gold_loss":0},{"damage_healed":13,"gold_gain":0,"player_choice":"Heal","damage_taken":0,"max_hp_gain":0,"max_hp_loss":0,"event_name":"The Library","floor":22,"gold_loss":0}],"is_beta":false,"boss_relics":[{"not_picked":["Lizard Tail","Runic Pyramid"],"picked":"Calling Bell"}],"items_purged_floors":[5],"is_endless":false,"potions_floor_spawned":[4,10,11,12,14,18,19],"killed_by":"Gremlin Leader","ascension_level":16}