{"gold_per_floor":[218,368,293,307,121,131,131,143,143,143,154,154],"floor_reached":12,"playtime":341,"items_purged":["Strike_R"],"score":140,"play_id":"181bd594-a8eb-463a-8224-3e350f1a684c","local_time":"20190225164706","is_ascension_mode":true,"campfire_choices":[],"neow_cost":"NONE","seed_source_timestamp":411810010549025,"circlet_count":0,"master_deck":["AscendersBane","Strike_R","Strike_R","Strike_R","Defend_R","Defend_R","Defend_R","Defend_R","Bash","Metallicize","Flex","Pommel Strike","Body Slam"],"special_seed":0,"relics":["Burning Blood","Bird Faced Urn"],"potions_floor_usage":[11],"damage_taken":[{"damage":9.0,"enemies":"Small Slimes","floor":1.0,"turns":6.0},{"damage":7.0,"enemies":"Jaw Worm","floor":4.0,"turns":5.0},{"damage":1.0,"enemies":"2 Louse","floor":6.0,"turns":3.0},{"damage":14,"enemies":"Looter","floor":8,"turns":5},{"damage":26,"enemies":"Gremlin Gang","floor":11,"turns":6},{"damage":0,"enemies":"Lots of Slimes","floor":12,"turns":1}],"seed_played":"2905602773859173741","potions_obtained":[{"floor":1.0,"key":"Swift Potion"},{"floor":4.0,"key":"GamblersBrew"}],"is_trial":false,"path_per_floor":["M","?","?","M","$","M","?","M","T","?","M","M"],"character_chosen":"IRONCLAD","items_purchased":["Metallicize","Flex"],"campfire_rested":0,"item_purchase_floors":[5,5],"current_hp_per_floor":[65,65,65,64,64,69,74,66,66,66,48,48],"gold":154,"neow_bonus":"HUNDRED_GOLD","is_prod":false,"is_daily":false,"chose_seed":false,"campfire_upgraded":0,"win_rate":0,"timestamp":1551084426,"path_taken":["M","?","?","?","$","M","?","M","T","?","M","?"],"build_version":"2019-01-23","purchased_purges":1,"victory":false,"max_hp_per_floor":[75,75,75,75,75,75,80,80,80,80,80,80],"card_choices":[{"not_picked":["Fire Breathing","Heavy Blade","Headbutt"],"picked":"SKIP","floor":1.0},{"not_picked":["Thunderclap","Anger","Blood for Blood"],"picked":"SKIP","floor":4.0},{"not_picked":["Cleave","Clash","Warcry"],"picked":"SKIP","floor":6.0},{"not_picked":["Flex","Bloodletting"],"picked":"Pommel Strike","floor":8},{"not_picked":["Shrug It Off","Heavy Blade"],"picked":"Body Slam","floor":11}],"player_experience":1054946,"relics_obtained":[{"floor":9,"key":"Bird Faced Urn"}],"event_choices":[{"damage_healed":0.0,"max_hp_gain":0.0,"max_hp_loss":0.0,"gold_gain":150.0,"event_name":"Liars Game","player_choice":"AGREE","floor":2.0,"gold_loss":0.0,"damage_taken":0.0,"cards_obtained":["Doubt"]},{"cards_removed":["Doubt"],"damage_healed":0.0,"max_hp_gain":0.0,"max_hp_loss":0.0,"gold_gain":0.0,"event_name":"The Cleric","player_choice":"Card Removal","floor":3.0,"gold_loss":75.0,"damage_taken":0.0},{"damage_healed":0.0,"max_hp_gain":5.0,"max_hp_loss":0.0,"gold_gain":0.0,"event_name":"Big Fish","player_choice":"Donut","floor":7.0,"gold_loss":0.0,"damage_taken":0.0},{"cards_removed":["Strike_R"],"damage_healed":0,"gold_gain":0,"player_choice":"Card Removal","damage_taken":0,"max_hp_gain":0,"max_hp_loss":0,"event_name":"Wheel of Change","floor":10,"gold_loss":0}],"is_beta":false,"boss_relics":[],"items_purged_floors":[5],"is_endless":false,"potions_floor_spawned":[1,4],"killed_by":"Lots of Slimes","ascension_level":20}