{"gold_per_floor":[116,131,56,70,145,180,180,197,221,236,293,293,193,254,254,350,350,367,242,242,259,259],"floor_reached":22,"playtime":596,"items_purged":["Defend_R","Strike_R","Strike_R"],"score":233,"play_id":"9d044ad1-b90e-4357-848c-7ee5cca19dbf","local_time":"20190427194501","is_ascension_mode":true,"campfire_choices":[{"floor":7,"key":"REST"},{"data":"Rampage","floor":12,"key":"SMITH"},{"floor":15,"key":"REST"}],"neow_cost":"NONE","seed_source_timestamp":383802237610760,"circlet_count":0,"master_deck":["Strike_R+1","Strike_R+1","Defend_R+1","Defend_R+1","Defend_R","Bash+1","Rampage+1","Limit Break","Combust","Spot Weakness"],"relics":["Burning Blood","War Paint","Whetstone","PreservedInsect","Tiny Chest","Black Star"],"potions_floor_usage":[6,11,16],"damage_taken":[{"damage":6,"enemies":"Jaw Worm","floor":1,"turns":5},{"damage":5,"enemies":"Small Slimes","floor":2,"turns":3},{"damage":6,"enemies":"Cultist","floor":4,"turns":3},{"damage":40,"enemies":"Lagavulin","floor":6,"turns":6},{"damage":6,"enemies":"Looter","floor":8,"turns":3},{"damage":22,"enemies":"Exordium Thugs","floor":10,"turns":5},{"damage":26,"enemies":"Lagavulin Event","floor":11,"turns":5},{"damage":10,"enemies":"Gremlin Nob","floor":14,"turns":3},{"damage":50,"enemies":"Hexaghost","floor":16,"turns":9},{"damage":46,"enemies":"2 Thieves","floor":18,"turns":5},{"damage":32,"enemies":"3 Byrds","floor":21,"turns":6},{"damage":20,"enemies":"Shelled Parasite and Fungi","floor":22,"turns":2}],"seed_played":"3949202645054131411","potions_obtained":[{"floor":1,"key":"Explosive Potion"},{"floor":2,"key":"Fire Potion"},{"floor":6,"key":"Regen Potion"},{"floor":11,"key":"Dexterity Potion"},{"floor":18,"key":"PowerPotion"}],"is_trial":false,"path_per_floor":["M","M","$","M","?","E","R","M","T","M","?","R","$","E","R","B",null,"M","$","?","M","M"],"character_chosen":"IRONCLAD","items_purchased":[],"campfire_rested":2,"item_purchase_floors":[],"current_hp_per_floor":[80,80,80,80,69,35,59,59,59,43,37,37,37,33,57,13,80,40,40,40,14,0],"gold":259,"neow_bonus":"UPGRADE_CARD","is_prod":false,"is_daily":false,"chose_seed":false,"campfire_upgraded":1,"win_rate":0,"timestamp":1556412301,"path_taken":["M","M","$","M","?","E","R","M","T","M","?","R","$","E","R","BOSS","M","$","?","M","?"],"build_version":"2019-01-23","purchased_purges":3,"victory":false,"max_hp_per_floor":[80,80,80,80,80,80,80,80,80,80,80,80,80,80,80,80,80,80,80,80,80,80],"card_choices":[{"not_picked":["Intimidate","Clothesline","Uppercut"],"picked":"SKIP","floor":1},{"not_picked":["Rupture","Carnage","Clothesline"],"picked":"SKIP","floor":2},{"not_picked":["Cleave","Feel No Pain","Perfected Strike"],"picked":"SKIP","floor":4},{"not_picked":["Headbutt","Bloodletting","Blood for Blood"],"picked":"SKIP","floor":6},{"not_picked":["Clothesline","Flex"],"picked":"Rampage","floor":8},{"not_picked":["Pommel Strike","Heavy Blade","Twin Strike"],"picked":"SKIP","floor":10},{"not_picked":["Impervious","Flex","Combust"],"picked":"SKIP","floor":14},{"not_picked":["Dark Embrace","Fiend Fire"],"picked":"Limit Break","floor":16},{"not_picked":["Bloodletting","Wild Strike+1","Perfected Strike"],"picked":"SKIP","floor":18},{"not_picked":["Second Wind","Headbutt"],"picked":"Spot Weakness","floor":21}],"player_experience":113357,"relics_obtained":[{"floor":6,"key":"War Paint"},{"floor":9,"key":"Whetstone"},{"floor":11,"key":"PreservedInsect"},{"floor":14,"key":"Tiny Chest"}],"event_choices":[{"damage_healed":0,"gold_gain":75,"player_choice":"Gather Gold","damage_taken":11,"max_hp_gain":0,"max_hp_loss":0,"event_name":"World of Goop","floor":5,"gold_loss":0},{"damage_healed":0,"gold_gain":30,"player_choice":"Searched \u00272\u0027 times","damage_taken":0,"max_hp_gain":0,"max_hp_loss":0,"event_name":"Dead Adventurer","floor":11,"gold_loss":0},{"damage_healed":0,"gold_gain":0,"cards_transformed":["Strike_R"],"player_choice":"Transformed","damage_taken":0,"max_hp_gain":0,"max_hp_loss":0,"event_name":"Transmorgrifier","floor":20,"gold_loss":0,"cards_obtained":["Combust"]}],"is_beta":false,"boss_relics":[{"not_picked":["Eternal Feather","Coffee Dripper"],"picked":"Black Star"}],"items_purged_floors":[3,13,19],"is_endless":false,"potions_floor_spawned":[1,2,6,11,18],"killed_by":"Shelled Parasite and Fungi","ascension_level":4}