{"gold_per_floor":[218,237,254,270,282,282,292,292,292,325,338,2,2,32,32,132,132,143,68,68,68,78,78],"floor_reached":23,"playtime":805,"items_purged":["Strike_B"],"score":325,"play_id":"47145162-f8db-42c4-a2c7-49c4b0e4d812","local_time":"20180830004733","is_ascension_mode":true,"campfire_choices":[{"data":"Zap","floor":6,"key":"SMITH"},{"data":"Go for the Eyes","floor":8,"key":"SMITH"},{"data":"Hologram","floor":13,"key":"SMITH"},{"data":"Hologram","floor":15,"key":"SMITH"}],"neow_cost":"NONE","seed_source_timestamp":132145243408431,"circlet_count":0,"master_deck":["Strike_B","Strike_B","Strike_B","Defend_B","Defend_B","Defend_B","Defend_B","Zap+1","Dualcast","AscendersBane","Go for the Eyes+1","Cold Snap","Glacier","Hologram+1","Ball Lightning","Capacitor","Hologram+1","Go for the Eyes","Gash","Biased Cognition","Barrage","Streamline"],"relics":["Cracked Core","Symbiotic Virus","Singing Bowl","Kunai","Question Card","Eternal Feather","Pantograph"],"potions_floor_usage":[16,23,23],"damage_taken":[{"damage":0,"enemies":"2 Louse","floor":1,"turns":3},{"damage":1,"enemies":"Jaw Worm","floor":2,"turns":5},{"damage":0,"enemies":"Cultist","floor":3,"turns":3},{"damage":4,"enemies":"Red Slaver","floor":4,"turns":4},{"damage":0,"enemies":"2 Fungi Beasts","floor":5,"turns":4},{"damage":4,"enemies":"3 Louse","floor":7,"turns":3},{"damage":1,"enemies":"Lagavulin","floor":10,"turns":7},{"damage":0,"enemies":"Blue Slaver","floor":11,"turns":2},{"damage":9,"enemies":"Gremlin Nob","floor":14,"turns":4},{"damage":28,"enemies":"Hexaghost","floor":16,"turns":10},{"damage":4,"enemies":"Shell Parasite","floor":18,"turns":7},{"damage":9,"enemies":"Spheric Guardian","floor":22,"turns":4},{"damage":30,"enemies":"Slavers","floor":23,"turns":3}],"seed_played":"4549222214231297467","potions_obtained":[{"floor":1,"key":"PowerPotion"},{"floor":7,"key":"LiquidBronze"},{"floor":16,"key":"Energy Potion"}],"is_trial":false,"path_per_floor":["M","M","M","M","M","R","M","R","T","E","M","$","R","E","R","B",null,"M","$","?","?","M"],"character_chosen":"DEFECT","items_purchased":["Kunai","Hologram","Go for the Eyes"],"campfire_rested":0,"item_purchase_floors":[12,12,12],"current_hp_per_floor":[68,67,67,63,63,63,59,59,59,58,60,60,60,51,51,23,64,60,60,60,60,51,21],"gold":78,"neow_bonus":"HUNDRED_GOLD","is_prod":false,"is_daily":false,"chose_seed":false,"campfire_upgraded":4,"win_rate":0,"timestamp":1535600853,"path_taken":["M","M","M","M","M","R","M","R","T","E","M","$","R","E","R","BOSS","M","$","?","?","M","E"],"build_version":"2018-07-12","purchased_purges":1,"victory":false,"max_hp_per_floor":[75,75,75,75,75,75,75,75,75,75,77,77,77,77,77,77,77,77,77,77,77,77,77],"card_choices":[{"not_picked":["Static Discharge","Recycle","Skim"],"picked":"SKIP","floor":1},{"not_picked":["Redo","Stack"],"picked":"Go for the Eyes","floor":2},{"not_picked":["Scrape","Go for the Eyes"],"picked":"Cold Snap","floor":3},{"not_picked":["Double Energy","Stack"],"picked":"Glacier","floor":4},{"not_picked":["Steam","Chaos"],"picked":"Hologram","floor":5},{"not_picked":["Tempest","Go for the Eyes"],"picked":"Ball Lightning","floor":7},{"not_picked":["Ball Lightning","Blizzard"],"picked":"Capacitor","floor":10},{"not_picked":["Ball Lightning","Self Repair","Compile Driver"],"picked":"Singing Bowl","floor":11},{"not_picked":["Amplify","Redo"],"picked":"Gash","floor":14},{"not_picked":["Creative AI","Meteor Strike","Multi-Cast"],"picked":"Biased Cognition","floor":16},{"not_picked":["Turbo","Go for the Eyes","Rebound"],"picked":"Barrage","floor":18},{"not_picked":["Steam","Auto Shields","Stack"],"picked":"Streamline","floor":22}],"player_experience":751476,"relics_obtained":[{"floor":9,"key":"Symbiotic Virus"},{"floor":10,"key":"Singing Bowl"},{"floor":14,"key":"Question Card"}],"event_choices":[{"event_name":"Drug Dealer","player_choice":"Ignored","floor":20,"damage_taken":0},{"event_name":"Wheel of Change","player_choice":"Relic","floor":21,"damage_taken":0}],"boss_relics":[{"not_picked":["White Beast Statue","Black Star"],"picked":"Eternal Feather"}],"items_purged_floors":[19],"is_endless":false,"potions_floor_spawned":[1,7,10,14,16],"killed_by":"Slavers","ascension_level":12}