{"gold_per_floor":[111,111,11,25,42,72,92,92,167,178,213,213,213,248,248,248],"floor_reached":16,"playtime":468,"items_purged":["Strike_R"],"score":240,"play_id":"42c542e0-8313-4aaf-bab7-d35a56dad9e1","local_time":"20190216000706","is_ascension_mode":true,"campfire_choices":[{"data":"True Grit","floor":12.0,"key":"SMITH"},{"floor":15,"key":"REST"}],"neow_cost":"NONE","seed_source_timestamp":2709737474681086,"circlet_count":0,"master_deck":["AscendersBane","Strike_R","Strike_R","Strike_R","Defend_R","Defend_R","Defend_R","Defend_R","Bash","Whirlwind+1","Inflame","Body Slam","Disarm","Burning Pact","True Grit+1","Demon Form","Sword Boomerang"],"special_seed":0,"relics":["Burning Blood","NeowsBlessing","Girya","Self Forming Clay","Dream Catcher","Oddly Smooth Stone"],"potions_floor_usage":[],"damage_taken":[{"damage":0.0,"enemies":"Small Slimes","floor":1.0,"turns":1.0},{"damage":0.0,"enemies":"Jaw Worm","floor":4.0,"turns":1.0},{"damage":0.0,"enemies":"Cultist","floor":5.0,"turns":1.0},{"damage":19.0,"enemies":"Gremlin Nob","floor":6.0,"turns":4.0},{"damage":13.0,"enemies":"Blue Slaver","floor":7.0,"turns":6.0},{"damage":8.0,"enemies":"2 Fungi Beasts","floor":10.0,"turns":4.0},{"damage":29.0,"enemies":"3 Sentries","floor":11.0,"turns":6.0},{"damage":29.0,"enemies":"Gremlin Nob","floor":14.0,"turns":4.0},{"damage":22,"enemies":"Slime Boss","floor":16,"turns":6}],"seed_played":"-633623768722404479","potions_obtained":[{"floor":1.0,"key":"AttackPotion"},{"floor":5.0,"key":"Strength Potion"},{"floor":10.0,"key":"Fire Potion"}],"is_trial":false,"path_per_floor":["M","?","$","M","M","E","M","?","T","M","E","R","?","E","R","B"],"character_chosen":"IRONCLAD","items_purchased":["Body Slam"],"campfire_rested":1,"item_purchase_floors":[3],"current_hp_per_floor":[74,74,74,75,75,62,55,55,55,53,30,30,30,7,29,7],"gold":248,"neow_bonus":"THREE_ENEMY_KILL","is_prod":false,"is_daily":false,"chose_seed":false,"campfire_upgraded":1,"win_rate":0,"timestamp":1550246826,"path_taken":["M","?","?","M","M","E","M","?","T","M","E","R","?","E","R","BOSS"],"build_version":"2019-01-23","purchased_purges":1,"victory":false,"max_hp_per_floor":[75,75,75,75,75,75,75,75,75,75,75,75,75,75,75,75],"card_choices":[{"not_picked":["Metallicize","Ghostly Armor"],"picked":"Whirlwind","floor":1.0},{"not_picked":["Fire Breathing","Seeing Red","Sentinel"],"picked":"SKIP","floor":4.0},{"not_picked":["Fire Breathing","Seeing Red","Sentinel"],"picked":"SKIP","floor":4.0},{"not_picked":["Shrug It Off","Perfected Strike"],"picked":"Disarm","floor":5.0},{"not_picked":["Iron Wave","Bloodletting","Heavy Blade"],"picked":"SKIP","floor":6.0},{"not_picked":["Twin Strike","Infernal Blade"],"picked":"Burning Pact","floor":7.0},{"not_picked":["Intimidate","Havoc","Fire Breathing"],"picked":"SKIP","floor":10.0},{"not_picked":["Pommel Strike","Perfected Strike"],"picked":"True Grit","floor":11.0},{"not_picked":["Uppercut","Flame Barrier"],"picked":"Demon Form","floor":14.0},{"not_picked":["Clash","Twin Strike"],"picked":"Sword Boomerang","floor":15}],"player_experience":908633,"relics_obtained":[{"floor":6.0,"key":"Girya"},{"floor":9.0,"key":"Self Forming Clay"},{"floor":11.0,"key":"Dream Catcher"},{"floor":14.0,"key":"Oddly Smooth Stone"}],"event_choices":[{"damage_healed":0.0,"max_hp_gain":0.0,"max_hp_loss":0.0,"gold_gain":0.0,"cards_transformed":["Strike_R"],"event_name":"Living Wall","player_choice":"Change","floor":2.0,"gold_loss":0.0,"damage_taken":0.0,"cards_obtained":["Inflame"]},{"damage_healed":0.0,"max_hp_gain":0.0,"max_hp_loss":0.0,"gold_gain":0.0,"event_name":"Dead Adventurer","player_choice":"Searched \u00270\u0027 times","floor":8.0,"gold_loss":0.0,"damage_taken":0.0},{"damage_healed":0.0,"max_hp_gain":0.0,"max_hp_loss":0.0,"gold_gain":0.0,"event_name":"Upgrade Shrine","player_choice":"Upgraded","floor":13.0,"gold_loss":0.0,"damage_taken":0.0,"cards_upgraded":["Whirlwind"]}],"is_beta":false,"boss_relics":[],"items_purged_floors":[3],"is_endless":false,"potions_floor_spawned":[1,5,10],"killed_by":"Slime Boss","ascension_level":20}