{"path_per_floor":["M","M","?","$","M","R","E","R","T","?","M","?","M","E","R","B",null,"M","?","$","M","M","R","?","M","T","?","M","T","R","M","R","B",null,"M","$","?","?","M","R","?","?","T","M","M"],"character_chosen":"IRONCLAD","items_purchased":["Blue Candle"],"gold_per_floor":[112,130,130,55,66,66,97,97,97,97,113,188,198,230,230,325,325,340,340,240,252,269,269,184,196,249,249,259,259,259,276,276,376,376,389,2,0,0,11,11,11,11,34,49,69],"floor_reached":46,"campfire_rested":0,"playtime":5159,"current_hp_per_floor":[80,80,80,80,80,80,76,76,76,60,67,56,57,65,65,54,80,80,80,80,80,80,80,80,78,78,62,54,54,54,71,71,37,84,73,73,73,62,80,80,80,80,80,84,24],"items_purged":["Strike_R","Strike_R","Defend_R"],"gold":69,"score":405,"play_id":"d49d8d14-9625-4581-ad78-d9af777cd50e","is_prod":false,"is_daily":false,"is_ascension_mode":false,"campfire_upgraded":7,"path_taken":["M","M","?","$","M","R","E","R","T","?","M","?","?","E","R","BOSS","M","?","$","M","?","R","?","M","T","?","M","?","R","M","R","BOSS","M","$","?","?","M","R","?","?","T","M","?","?"],"build_version":"2018-02-16-BETA2","purchased_purges":3,"victory":false,"master_deck":["Strike_R","Strike_R","Strike_R+1","Defend_R","Defend_R","Bash+1","Metallicize+1","Metallicize","Armaments+1","Warcry","Body Slam","Searing Blow+2","Dual Wield+1","Double Tap+1","Headbutt","Armaments+1","True Grit+1","Barricade+1","Disarm","Madness","Madness","True Grit+1","Writhe","Thunderclap+1"],"max_hp_per_floor":[80,80,80,80,80,80,80,80,80,80,80,80,80,80,80,80,80,80,80,80,80,80,80,80,80,80,80,80,80,80,80,80,84,84,84,84,84,84,84,84,84,84,84,84,84],"relics":["Burning Blood","Bird Faced Urn","Orichalcum","Oddly Smooth Stone","Cursed Key","Dream Catcher","Tiny Chest","Nilry\u0027s Codex","Red Skull","Mark of Pain","Blue Candle","Red Mask","Anchor"],"card_choices":[{"not_picked":["Bloodletting","Sword Boomerang"],"picked":"Metallicize"},{"not_picked":["Clash","Spot Weakness"],"picked":"Metallicize"},{"not_picked":["Corruption","Perfected Strike"],"picked":"Armaments"},{"not_picked":["Corruption","Sentinel"],"picked":"Warcry"},{"not_picked":["Hemokinesis","Pommel Strike"],"picked":"Body Slam"},{"not_picked":["Intimidate","Twin Strike"],"picked":"Searing Blow"},{"not_picked":["Body Slam","Havoc"],"picked":"Dual Wield"},{"not_picked":["Bludgeon","Impervious"],"picked":"Double Tap"},{"not_picked":["Perfected Strike","Clothesline"],"picked":"Headbutt"},{"not_picked":["Battle Trance","Juggernaut"],"picked":"Armaments"},{"not_picked":["Iron Wave","Armaments"],"picked":"True Grit"},{"not_picked":["Limit Break","Dark Embrace"],"picked":"Barricade"},{"not_picked":["Pummel","Warcry"],"picked":"Disarm"},{"not_picked":["Clothesline","Uppercut"],"picked":"True Grit"},{"not_picked":["Clash","Whirlwind"],"picked":"Thunderclap"}],"player_experience":101900,"potions_floor_usage":[11,11,31,35],"damage_taken":[{"damage":3,"enemies":"Jaw Worm","floor":1,"turns":6},{"damage":3,"enemies":"Small Slimes","floor":2,"turns":5},{"damage":6,"enemies":"2 Louse","floor":5,"turns":3},{"damage":10,"enemies":"3 Sentries","floor":7,"turns":12},{"damage":3,"enemies":"Exordium Wildlife","floor":11,"turns":4},{"damage":9,"enemies":"Exordium Thugs","floor":13,"turns":7},{"damage":2,"enemies":"Gremlin Nob","floor":14,"turns":5},{"damage":23,"enemies":"Slime Boss","floor":16,"turns":13},{"damage":4,"enemies":"Shell Parasite","floor":18,"turns":5},{"damage":6,"enemies":"2 Thieves","floor":21,"turns":4},{"damage":6,"enemies":"Centurion and Healer","floor":22,"turns":7},{"damage":16,"enemies":"Sentry and Sphere","floor":25,"turns":32},{"damage":16,"enemies":"Snecko","floor":28,"turns":5},{"damage":14,"enemies":"Centurion and Healer","floor":31,"turns":12},{"damage":62,"enemies":"Automaton","floor":33,"turns":21},{"damage":25,"enemies":"Flame Bruiser 1 Orb","floor":35,"turns":11},{"damage":6,"enemies":"3 Shapes","floor":39,"turns":9},{"damage":16,"enemies":"3 Darklings","floor":44,"turns":8},{"damage":76,"enemies":"Maw","floor":45,"turns":12},{"damage":46,"enemies":"Flame Bruiser 2 Orb","floor":46,"turns":2}],"event_choices":[{"event_name":"Living Wall","player_choice":"Forget","floor":3,"damage_taken":0},{"event_name":"Shining Light","player_choice":"Entered Light","floor":10,"damage_taken":0},{"event_name":"World of Goop","player_choice":"Gather Gold","floor":12,"damage_taken":0},{"event_name":"The Woman in Blue","player_choice":"Bought 0 Potions","floor":19,"damage_taken":0},{"event_name":"Addict","player_choice":"Obtained Relic","floor":24,"damage_taken":0},{"event_name":"Cursed Tome","player_choice":"Obtained Book","floor":27,"damage_taken":0},{"event_name":"Tomb of Lord Red Mask","player_choice":"Paid","floor":37,"damage_taken":0},{"event_name":"Winding Halls","player_choice":"Embrace Madness","floor":38,"damage_taken":0},{"event_name":"Fountain of Cleansing","player_choice":"Removed Curse","floor":41,"damage_taken":0},{"event_name":"Accursed Blacksmith","player_choice":"Forge","floor":42,"damage_taken":0}],"boss_relics":[{"not_picked":["Astrolabe","Snecko Eye"],"picked":"Cursed Key"},{"not_picked":["Philosopher\u0027s Stone","Black Blood"],"picked":"Mark of Pain"}],"potions_floor_spawned":[1,2,7,16,21,22,25,28,35,45],"seed_played":"-1375501530061361831","killed_by":"Flame Bruiser 2 Orb","ascension_level":0,"is_trial":false}