{"gold_per_floor":[118,136,154,166,166,198,213,213,213,213,233,233],"floor_reached":12,"playtime":357,"items_purged":[],"score":164,"play_id":"724018f8-62dc-4aad-a975-46c252cc4e90","local_time":"20190212195043","is_ascension_mode":true,"campfire_choices":[{"data":"Barricade","floor":8.0,"key":"SMITH"},{"data":"True Grit","floor":10.0,"key":"SMITH"}],"neow_cost":"NONE","seed_source_timestamp":2435281406009111,"circlet_count":0,"master_deck":["AscendersBane","Strike_R","Strike_R","Strike_R","Defend_R","Defend_R","Defend_R","Defend_R","Bash","Sword Boomerang","Uppercut","True Grit+1","Barricade+1","Shrug It Off"],"special_seed":0,"relics":["Burning Blood","Dream Catcher"],"potions_floor_usage":[],"damage_taken":[{"damage":7.0,"enemies":"Cultist","floor":1.0,"turns":4.0},{"damage":11.0,"enemies":"Jaw Worm","floor":2.0,"turns":4.0},{"damage":3.0,"enemies":"Small Slimes","floor":3.0,"turns":3.0},{"damage":18.0,"enemies":"Exordium Wildlife","floor":4.0,"turns":5.0},{"damage":35.0,"enemies":"Lagavulin","floor":6.0,"turns":7.0},{"damage":1.0,"enemies":"Lots of Slimes","floor":7.0,"turns":3.0},{"damage":13.0,"enemies":"3 Louse","floor":11.0,"turns":4.0},{"damage":0,"enemies":"Gremlin Gang","floor":12,"turns":1}],"seed_played":"-8212672084779283672","potions_obtained":[{"floor":3.0,"key":"Explosive Potion"},{"floor":4.0,"key":"Explosive Potion"}],"is_trial":false,"path_per_floor":["M","M","M","M","?","E","M","R","T","R","M","M"],"character_chosen":"IRONCLAD","items_purchased":[],"campfire_rested":0,"item_purchase_floors":[],"current_hp_per_floor":[67,62,65,53,53,24,29,29,29,29,22,22],"gold":233,"neow_bonus":"REMOVE_CARD","is_prod":false,"is_daily":false,"chose_seed":false,"campfire_upgraded":2,"win_rate":0,"timestamp":1549972243,"path_taken":["M","?","M","M","?","E","?","R","T","R","M","?"],"build_version":"2019-01-23","purchased_purges":0,"victory":false,"max_hp_per_floor":[75,75,75,75,75,75,75,75,75,75,75,75],"card_choices":[{"not_picked":["Thunderclap","Sever Soul"],"picked":"Sword Boomerang","floor":1.0},{"not_picked":["Iron Wave","Infernal Blade"],"picked":"Uppercut","floor":2.0},{"not_picked":["Anger","Perfected Strike"],"picked":"True Grit","floor":3.0},{"not_picked":["Heavy Blade","Combust","Headbutt"],"picked":"SKIP","floor":4.0},{"not_picked":["Intimidate","Iron Wave","Cleave"],"picked":"SKIP","floor":6.0},{"not_picked":["Flex","Perfected Strike"],"picked":"Barricade","floor":7.0},{"not_picked":["Headbutt","Cleave"],"picked":"Shrug It Off","floor":11.0}],"player_experience":890694,"relics_obtained":[{"floor":6.0,"key":"Dream Catcher"}],"event_choices":[{"cards_removed":["Strike_R"],"damage_healed":0.0,"max_hp_gain":0.0,"max_hp_loss":0.0,"gold_gain":0.0,"event_name":"Purifier","player_choice":"Purged","floor":5.0,"gold_loss":0.0,"damage_taken":0.0}],"is_beta":false,"boss_relics":[],"items_purged_floors":[],"is_endless":false,"potions_floor_spawned":[3,4],"killed_by":"Gremlin Gang","ascension_level":20}