{"gold_per_floor":[119,119,131,56,56,100,100,143,143,182,205,244,319,338,338,437,437,452,186,236,236,315,358,358,377,377,400,421,445,445,445,445,518,518,537,537,637,690,401,433,453,467,543,553,553,431,431,443,443,443,443,443,443,97,128,128],"floor_reached":57,"playtime":2613,"items_purged":["Strike_R","Strike_R","Defend_R","Defend_R+1","Bludgeon+1"],"score":3331,"play_id":"ec9a111a-afc3-4563-9136-fb465d445153","local_time":"20190215004448","is_ascension_mode":true,"campfire_choices":[{"data":"Bludgeon","floor":7.0,"key":"SMITH"},{"data":"Strike_R","floor":15.0,"key":"PURGE"},{"data":"Defend_R","floor":24.0,"key":"PURGE"},{"data":"Strike_R+1","floor":30.0,"key":"PURGE"},{"data":"Defend_R","floor":32.0,"key":"PURGE"},{"data":"Good Instincts","floor":47.0,"key":"SMITH"},{"floor":49.0,"key":"RECALL"},{"data":"Ghostly Armor","floor":53.0,"key":"PURGE"}],"neow_cost":"TEN_PERCENT_HP_LOSS","seed_source_timestamp":2621674434306962,"circlet_count":0,"master_deck":["AscendersBane","Bash","Impervious+1","Shockwave","Disarm+1","Dropkick","Pommel Strike+1","Evolve+1","Good Instincts+1"],"special_seed":0,"relics":["Burning Blood","Bloody Idol","Darkstone Periapt","Oddly Smooth Stone","Self Forming Clay","Meat on the Bone","Peace Pipe","Mark of Pain","Happy Flower","Sundial","Blue Candle","Ice Cream","Philosopher\u0027s Stone","Champion Belt","StoneCalendar","Membership Card","Question Card","Turnip","War Paint","Ginger"],"potions_floor_usage":[56,56],"damage_taken":[{"damage":0.0,"enemies":"2 Louse","floor":1.0,"turns":3.0},{"damage":2.0,"enemies":"Small Slimes","floor":3.0,"turns":2.0},{"damage":35.0,"enemies":"3 Sentries","floor":6.0,"turns":8.0},{"damage":8.0,"enemies":"Gremlin Nob","floor":8.0,"turns":4.0},{"damage":15.0,"enemies":"Lagavulin","floor":10.0,"turns":6.0},{"damage":0.0,"enemies":"Jaw Worm","floor":11.0,"turns":3.0},{"damage":6.0,"enemies":"Gremlin Nob","floor":12.0,"turns":3.0},{"damage":7.0,"enemies":"Exordium Wildlife","floor":14.0,"turns":7.0},{"damage":15.0,"enemies":"The Guardian","floor":16.0,"turns":13.0},{"damage":8.0,"enemies":"2 Thieves","floor":18.0,"turns":4.0},{"damage":27.0,"enemies":"Slavers","floor":23.0,"turns":9.0},{"damage":6.0,"enemies":"3 Byrds","floor":25.0,"turns":5.0},{"damage":4.0,"enemies":"Cultist and Chosen","floor":27.0,"turns":4.0},{"damage":0.0,"enemies":"Snake Plant","floor":28.0,"turns":4.0},{"damage":0.0,"enemies":"Centurion and Healer","floor":29.0,"turns":5.0},{"damage":0.0,"enemies":"Collector","floor":33.0,"turns":3.0},{"damage":8.0,"enemies":"3 Shapes","floor":35.0,"turns":5.0},{"damage":0.0,"enemies":"Mind Bloom Boss Battle","floor":37.0,"turns":6.0},{"damage":7.0,"enemies":"2 Orb Walkers","floor":38.0,"turns":2.0},{"damage":0.0,"enemies":"Giant Head","floor":40.0,"turns":3.0},{"damage":0.0,"enemies":"3 Darklings","floor":41.0,"turns":2.0},{"damage":18.0,"enemies":"Transient","floor":42.0,"turns":3.0},{"damage":0.0,"enemies":"Writhing Mass","floor":44.0,"turns":2.0},{"damage":0.0,"enemies":"Maw","floor":48.0,"turns":3.0},{"damage":12.0,"enemies":"Time Eater","floor":50.0,"turns":4.0},{"damage":0.0,"enemies":"Donu and Deca","floor":51.0,"turns":4.0},{"damage":0.0,"enemies":"Shield and Spear","floor":55.0,"turns":2.0},{"damage":0,"enemies":"The Heart","floor":56,"turns":6}],"seed_played":"-8063854863192624942","potions_obtained":[{"floor":6.0,"key":"Weak Potion"},{"floor":8.0,"key":"EssenceOfSteel"},{"floor":10.0,"key":"FearPotion"},{"floor":12.0,"key":"SteroidPotion"},{"floor":23.0,"key":"Fruit Juice"},{"floor":27.0,"key":"GamblersBrew"},{"floor":29.0,"key":"Energy Potion"},{"floor":35.0,"key":"FearPotion"}],"is_trial":false,"path_per_floor":["M","?","M","$","?","E","R","E","T","E","M","E","?","M","R","B",null,"M","$","?","?","T","E","R","M","T","M","M","M","R","?","R","B",null,"M","?","?","?","$","E","M","M","T","M","?","$","R","M","R","B","B",null,"R","$","E","B",null],"character_chosen":"IRONCLAD","items_purchased":["Happy Flower","Membership Card","Good Instincts","Turnip","War Paint"],"campfire_rested":0,"item_purchase_floors":[19,39,46,54,54],"current_hp_per_floor":[68,48,52,52,52,23,23,21,21,12,30,42,31,42,42,45,58,56,56,56,56,56,47,47,47,47,49,55,66,66,66,66,67,67,67,67,67,67,67,67,67,60,65,67,67,67,67,67,67,61,67,67,67,67,67,67],"gold":128,"neow_bonus":"THREE_RARE_CARDS","is_prod":false,"is_daily":false,"chose_seed":false,"campfire_upgraded":2,"win_rate":0,"timestamp":1550162688,"path_taken":["M","?","M","$","?","E","R","E","T","E","M","E","?","M","R","BOSS","M","$","?","?","?","E","R","?","T","M","M","M","R","?","R","BOSS","M","?","?","?","?","E","?","M","T","M","?","$","R","M","R","BOSS","BOSS","R","$","E","BOSS"],"build_version":"2019-01-23","purchased_purges":5,"victory":true,"max_hp_per_floor":[68,68,68,68,62,62,62,62,62,62,62,62,62,62,62,62,62,62,62,62,62,62,62,62,62,62,62,62,67,67,67,67,67,67,67,67,67,67,67,67,67,67,67,67,67,67,67,67,67,67,67,67,67,67,67,67],"card_choices":[{"not_picked":["Feed","Barricade"],"picked":"Bludgeon","floor":0.0},{"not_picked":["Headbutt","Rampage"],"picked":"Ghostly Armor","floor":1.0},{"not_picked":["Havoc","Cleave","Entrench"],"picked":"SKIP","floor":3.0},{"not_picked":["True Grit","Fire Breathing"],"picked":"Impervious","floor":6.0},{"not_picked":["Sever Soul","Sword Boomerang","Dropkick"],"picked":"SKIP","floor":8.0},{"not_picked":["Rampage","Rage"],"picked":"Shockwave","floor":10.0},{"not_picked":["Clash","Searing Blow","Anger"],"picked":"SKIP","floor":11.0},{"not_picked":["Iron Wave","Thunderclap"],"picked":"Disarm","floor":12.0},{"not_picked":["Cleave","Flex"],"picked":"Dropkick","floor":14.0},{"not_picked":["Twin Strike","Feel No Pain","Fire Breathing"],"picked":"SKIP","floor":18.0},{"not_picked":["Flex","Clothesline","Sword Boomerang"],"picked":"SKIP","floor":23.0},{"not_picked":["Iron Wave","Flex"],"picked":"Pommel Strike+1","floor":25.0},{"not_picked":["Brutality","Cleave","Anger"],"picked":"SKIP","floor":27.0},{"not_picked":["Warcry","Intimidate","Body Slam"],"picked":"SKIP","floor":28.0},{"not_picked":["Cleave","Thunderclap","Bludgeon"],"picked":"SKIP","floor":29.0},{"not_picked":["Armaments+1","Perfected Strike","Carnage+1"],"picked":"SKIP","floor":35.0},{"not_picked":["Shockwave+1","Second Wind"],"picked":"Evolve+1","floor":37.0},{"not_picked":["Clothesline+1","Blood for Blood","Sever Soul"],"picked":"SKIP","floor":40.0},{"not_picked":["Perfected Strike","Wild Strike","Sword Boomerang","Cleave+1"],"picked":"SKIP","floor":41.0},{"not_picked":["Metallicize","Blood for Blood+1","Thunderclap","Whirlwind"],"picked":"SKIP","floor":42.0},{"not_picked":["Disarm","Uppercut","Sword Boomerang","Entrench+1"],"picked":"SKIP","floor":44.0},{"not_picked":["Heavy Blade","Spot Weakness","Entrench","Clothesline"],"picked":"SKIP","floor":48.0},{"not_picked":["Rampage","Berserk","Second Wind","Pummel+1"],"picked":"SKIP","floor":55.0}],"player_experience":901294,"relics_obtained":[{"floor":6.0,"key":"Darkstone Periapt"},{"floor":8.0,"key":"Oddly Smooth Stone"},{"floor":9.0,"key":"Self Forming Clay"},{"floor":10.0,"key":"Meat on the Bone"},{"floor":12.0,"key":"Peace Pipe"},{"floor":22.0,"key":"Sundial"},{"floor":23.0,"key":"Blue Candle"},{"floor":26.0,"key":"Ice Cream"},{"floor":37.0,"key":"Champion Belt"},{"floor":38.0,"key":"StoneCalendar"},{"floor":40.0,"key":"Question Card"},{"floor":55.0,"key":"Ginger"}],"event_choices":[{"damage_healed":0.0,"max_hp_gain":0.0,"max_hp_loss":0.0,"gold_gain":0.0,"event_name":"Shining Light","player_choice":"Entered Light","floor":2.0,"gold_loss":0.0,"damage_taken":20.0,"cards_upgraded":["Defend_R","Strike_R"]},{"damage_healed":0.0,"max_hp_gain":0.0,"max_hp_loss":6.0,"gold_gain":0.0,"event_name":"Golden Idol","player_choice":"Lose Max HP","floor":5.0,"gold_loss":0.0,"damage_taken":0.0,"relics_obtained":["Golden Idol"]},{"damage_healed":0.0,"max_hp_gain":0.0,"max_hp_loss":0.0,"gold_gain":75.0,"event_name":"World of Goop","player_choice":"Gather Gold","floor":13.0,"gold_loss":0.0,"damage_taken":11.0},{"damage_healed":0.0,"max_hp_gain":0.0,"max_hp_loss":0.0,"gold_gain":50.0,"event_name":"Nest","player_choice":"Stole From Cult","floor":20.0,"gold_loss":0.0,"damage_taken":0.0},{"cards_removed":["Strike_R"],"damage_healed":0.0,"max_hp_gain":0.0,"max_hp_loss":0.0,"gold_gain":0.0,"event_name":"Back to Basics","player_choice":"Elegance","floor":21.0,"gold_loss":0.0,"damage_taken":0.0},{"damage_healed":0.0,"max_hp_gain":0.0,"max_hp_loss":0.0,"gold_gain":0.0,"event_name":"Forgotten Altar","player_choice":"Gave Idol","floor":31.0,"relics_lost":["Golden Idol"],"gold_loss":0.0,"damage_taken":0.0,"relics_obtained":["Bloody Idol"]},{"damage_healed":0.0,"max_hp_gain":0.0,"max_hp_loss":0.0,"gold_gain":0.0,"event_name":"Tomb of Lord Red Mask","player_choice":"Ignored","floor":36.0,"gold_loss":0.0,"damage_taken":0.0},{"damage_healed":0.0,"max_hp_gain":0.0,"max_hp_loss":0.0,"gold_gain":0.0,"event_name":"MindBloom","player_choice":"Fight","floor":37.0,"gold_loss":0.0,"damage_taken":0.0},{"damage_healed":0.0,"max_hp_gain":0.0,"max_hp_loss":0.0,"gold_gain":0.0,"event_name":"Mysterious Sphere","player_choice":"Fight","floor":38.0,"gold_loss":0.0,"damage_taken":0.0},{"damage_healed":0.0,"max_hp_gain":0.0,"max_hp_loss":0.0,"gold_gain":0.0,"event_name":"SensoryStone","player_choice":"Memory 1","floor":45.0,"gold_loss":0.0,"damage_taken":0.0}],"is_beta":false,"boss_relics":[{"not_picked":["Lizard Tail","Fusion Hammer"],"picked":"Mark of Pain"},{"not_picked":["Busted Crown","Velvet Choker"],"picked":"Philosopher\u0027s Stone"}],"items_purged_floors":[4,19,39,46,54],"is_endless":false,"potions_floor_spawned":[6,8,10,12,14,23,27,29,35,38,41],"ascension_level":20}