{"gold_per_floor":[116,132,146,221,302,302,337,337,387,404,438,438,438,438,438,531,531,552,570,39,77,100,100,143,143,143,177,177,191,232,89,89,188,188,206,227,247,260,593,620,620,655,655,877,877,350,366,398,398,398,398,398,398,3,29,29],"floor_reached":57,"playtime":2779,"items_purged":["Strike_R","Strike_R","Bash","Strike_R+1"],"score":2962,"play_id":"90ad293e-0d04-4009-8089-dab7edca98ee","local_time":"20190308112153","is_ascension_mode":true,"campfire_choices":[{"data":"Armaments","floor":6.0,"key":"SMITH"},{"data":"Battle Trance","floor":8.0,"key":"SMITH"},{"data":"Limit Break","floor":13.0,"key":"SMITH"},{"floor":15.0,"key":"RECALL"},{"data":"Deep Breath","floor":23.0,"key":"SMITH"},{"data":"Shockwave","floor":25.0,"key":"SMITH"},{"data":"Inflame","floor":32.0,"key":"SMITH"},{"data":"Impervious","floor":41.0,"key":"SMITH"},{"data":"Burning Pact","floor":49.0,"key":"SMITH"},{"data":"Master of Strategy","floor":53.0,"key":"SMITH"}],"neow_cost":"NONE","seed_source_timestamp":602140660761894,"circlet_count":0,"master_deck":["AscendersBane","Defend_R","Defend_R","Defend_R","Defend_R+1","Armaments+1","Battle Trance+1","Flex+1","Uppercut+1","Limit Break+1","Reaper","Shockwave+1","Evolve","Deep Breath+1","True Grit+1","Sword Boomerang+1","Impervious+1","Limit Break","Inflame+1","Fiend Fire+1","Shrug It Off","Burning Pact+1","Master of Strategy+1","Exhume"],"special_seed":0,"relics":["Burning Blood","NeowsBlessing","War Paint","Anchor","Whetstone","Runic Pyramid","Medical Kit","Red Mask","Question Card","Gremlin Horn","Bag of Marbles","Molten Egg 2","Runic Dome","Regal Pillow","Paper Frog","Vajra","Smiling Mask","Incense Burner","Nunchaku"],"potions_floor_usage":[56,56],"damage_taken":[{"damage":0.0,"enemies":"Jaw Worm","floor":1.0,"turns":1.0},{"damage":0.0,"enemies":"Small Slimes","floor":2.0,"turns":1.0},{"damage":0.0,"enemies":"Cultist","floor":3.0,"turns":1.0},{"damage":27.0,"enemies":"3 Sentries","floor":7.0,"turns":10.0},{"damage":5.0,"enemies":"Lots of Slimes","floor":10.0,"turns":7.0},{"damage":31.0,"enemies":"Lagavulin","floor":11.0,"turns":9.0},{"damage":4.0,"enemies":"Hexaghost","floor":16.0,"turns":7.0},{"damage":22.0,"enemies":"Shell Parasite","floor":18.0,"turns":8.0},{"damage":38.0,"enemies":"3 Byrds","floor":19.0,"turns":9.0},{"damage":41.0,"enemies":"Masked Bandits","floor":21.0,"turns":7.0},{"damage":41.0,"enemies":"Snake Plant","floor":22.0,"turns":8.0},{"damage":102.0,"enemies":"Slavers","floor":24.0,"turns":7.0},{"damage":49.0,"enemies":"Book of Stabbing","floor":27.0,"turns":6.0},{"damage":32.0,"enemies":"3 Cultists","floor":29.0,"turns":5.0},{"damage":29.0,"enemies":"Slavers","floor":30.0,"turns":5.0},{"damage":0.0,"enemies":"Collector","floor":33.0,"turns":5.0},{"damage":7.0,"enemies":"Orb Walker","floor":35.0,"turns":3.0},{"damage":12.0,"enemies":"3 Shapes","floor":36.0,"turns":8.0},{"damage":19.0,"enemies":"Transient","floor":37.0,"turns":6.0},{"damage":0.0,"enemies":"Maw","floor":38.0,"turns":4.0},{"damage":5.0,"enemies":"Nemesis","floor":40.0,"turns":3.0},{"damage":28.0,"enemies":"Reptomancer","floor":42.0,"turns":5.0},{"damage":0.0,"enemies":"Writhing Mass","floor":47.0,"turns":1.0},{"damage":0.0,"enemies":"Giant Head","floor":48.0,"turns":5.0},{"damage":35.0,"enemies":"Time Eater","floor":50.0,"turns":6.0},{"damage":35.0,"enemies":"Donu and Deca","floor":51.0,"turns":4.0},{"damage":8,"enemies":"Shield and Spear","floor":55,"turns":4},{"damage":94,"enemies":"The Heart","floor":56,"turns":9}],"seed_played":"5682638808362930188","potions_obtained":[{"floor":1.0,"key":"Strength Potion"},{"floor":2.0,"key":"Fire Potion"},{"floor":11.0,"key":"SteroidPotion"},{"floor":22.0,"key":"SpeedPotion"},{"floor":27.0,"key":"PowerPotion"},{"floor":29.0,"key":"Energy Potion"},{"floor":37.0,"key":"SpeedPotion"}],"is_trial":false,"path_per_floor":["M","M","M","?","T","R","E","R","T","M","E","?","R","?","R","B",null,"M","M","$","?","M","R","E","R","T","E","?","M","E","$","R","B",null,"M","M","M","M","?","E","R","E","T","?","?","$","M","E","R","B","B",null,"R","$","E","B",null],"character_chosen":"IRONCLAD","items_purchased":["Evolve","Deep Breath","Medical Kit","Fire Potion","Inflame","Burning Pact","Master of Strategy","SkillPotion","SpeedPotion","Incense Burner"],"campfire_rested":0,"item_purchase_floors":[20,20,20,20,31,46,46,46,46,54],"current_hp_per_floor":[74,75,75,64,64,64,43,43,43,44,19,12,12,12,12,14,55,68,62,62,66,68,68,32,32,32,44,44,46,68,68,68,68,68,67,68,55,68,68,68,68,68,68,68,68,68,68,68,68,68,68,68,68,68,66,30],"gold":29,"neow_bonus":"THREE_ENEMY_KILL","is_prod":false,"is_daily":false,"chose_seed":false,"campfire_upgraded":9,"win_rate":0,"timestamp":1552015313,"path_taken":["M","M","M","?","?","R","E","R","T","M","E","?","R","?","R","BOSS","M","M","$","?","M","R","E","R","T","E","?","?","E","$","R","BOSS","M","M","?","M","?","E","R","E","T","?","?","$","M","E","R","BOSS","BOSS","R","$","E","BOSS"],"build_version":"2019-01-23","purchased_purges":4,"victory":true,"max_hp_per_floor":[75,75,75,75,75,75,75,75,75,75,75,75,75,68,68,68,68,68,68,68,68,68,68,68,68,68,68,68,68,68,68,68,68,68,68,68,68,68,68,68,68,68,68,68,68,68,68,68,68,68,68,68,68,68,68,68],"card_choices":[{"not_picked":["Clash","Iron Wave","Heavy Blade"],"picked":"SKIP","floor":1.0},{"not_picked":["Wild Strike","Pommel Strike"],"picked":"Armaments","floor":2.0},{"not_picked":["Warcry","Havoc"],"picked":"Battle Trance","floor":3.0},{"not_picked":["Uppercut","Armaments"],"picked":"Flex","floor":7.0},{"not_picked":["Sever Soul","Bloodletting"],"picked":"Uppercut","floor":10.0},{"not_picked":["Sword Boomerang","Sentinel"],"picked":"Limit Break","floor":11.0},{"not_picked":["Impervious","Limit Break"],"picked":"Reaper","floor":16.0},{"not_picked":["Armaments","Pommel Strike"],"picked":"Shockwave","floor":18.0},{"not_picked":["Spot Weakness","Iron Wave","Metallicize"],"picked":"SKIP","floor":19.0},{"not_picked":["Havoc","Clothesline","Pommel Strike"],"picked":"SKIP","floor":22.0},{"not_picked":["Wild Strike","Searing Blow"],"picked":"True Grit+1","floor":24.0},{"not_picked":["Cleave","Infernal Blade","Headbutt"],"picked":"Sword Boomerang","floor":27.0},{"not_picked":["Havoc","Body Slam","Inflame"],"picked":"Impervious","floor":29.0},{"not_picked":["Evolve","Flame Barrier","Body Slam+1"],"picked":"Limit Break","floor":30.0},{"not_picked":["Brutality","Barricade","Demon Form"],"picked":"Fiend Fire+1","floor":33.0},{"not_picked":["Seeing Red","Twin Strike+1","Carnage+1"],"picked":"Shrug It Off","floor":35.0},{"not_picked":["Intimidate+1","Headbutt+1","Clothesline+1","Rage+1"],"picked":"SKIP","floor":36.0},{"not_picked":["Blood for Blood+1","Inflame","Havoc","Rupture"],"picked":"SKIP","floor":37.0},{"not_picked":["Shrug It Off","Pommel Strike+1","Feel No Pain","Dropkick+1"],"picked":"SKIP","floor":38.0},{"not_picked":["Whirlwind+1","Shrug It Off","Reckless Charge+1","Clothesline+1"],"picked":"SKIP","floor":40.0},{"not_picked":["Rampage+1","Headbutt+1","Armaments","Barricade"],"picked":"SKIP","floor":42.0},{"not_picked":["Body Slam+1","Perfected Strike+1","Clash+1","Heavy Blade+1"],"picked":"SKIP","floor":47.0},{"not_picked":["Shrug It Off","Sever Soul+1","Uppercut+1","Flex"],"picked":"SKIP","floor":48.0},{"not_picked":["Flex","Intimidate","Pommel Strike+1"],"picked":"Exhume","floor":55}],"player_experience":1191789,"relics_obtained":[{"floor":7.0,"key":"War Paint"},{"floor":9.0,"key":"Anchor"},{"floor":11.0,"key":"Whetstone"},{"floor":21.0,"key":"Red Mask"},{"floor":24.0,"key":"Question Card"},{"floor":26.0,"key":"Gremlin Horn"},{"floor":27.0,"key":"Bag of Marbles"},{"floor":30.0,"key":"Molten Egg 2"},{"floor":40.0,"key":"Regal Pillow"},{"floor":42.0,"key":"Paper Frog"},{"floor":43.0,"key":"Vajra"},{"floor":48.0,"key":"Smiling Mask"},{"floor":55,"key":"Nunchaku"}],"event_choices":[{"damage_healed":0.0,"max_hp_gain":0.0,"max_hp_loss":0.0,"gold_gain":75.0,"event_name":"World of Goop","player_choice":"Gather Gold","floor":4.0,"gold_loss":0.0,"damage_taken":11.0},{"cards_removed":["Strike_R"],"damage_healed":0.0,"max_hp_gain":0.0,"max_hp_loss":0.0,"gold_gain":0.0,"event_name":"Golden Wing","player_choice":"Card Removal","floor":12.0,"gold_loss":0.0,"damage_taken":7.0},{"damage_healed":0.0,"max_hp_gain":0.0,"max_hp_loss":7.0,"gold_gain":0.0,"event_name":"Golden Idol","player_choice":"Lose Max HP","floor":14.0,"gold_loss":0.0,"damage_taken":0.0,"relics_obtained":["Golden Idol"]},{"damage_healed":0.0,"max_hp_gain":0.0,"max_hp_loss":0.0,"gold_gain":0.0,"event_name":"Masked Bandits","player_choice":"Fought Bandits","floor":21.0,"gold_loss":0.0,"damage_taken":0.0},{"damage_healed":0.0,"max_hp_gain":0.0,"max_hp_loss":0.0,"gold_gain":0.0,"event_name":"Upgrade Shrine","player_choice":"Upgraded","floor":28.0,"gold_loss":0.0,"damage_taken":0.0,"cards_upgraded":["Sword Boomerang"]},{"damage_healed":0.0,"max_hp_gain":0.0,"max_hp_loss":0.0,"gold_gain":333.0,"event_name":"The Moai Head","player_choice":"Gave Idol","floor":39.0,"relics_lost":["Golden Idol"],"gold_loss":0.0,"damage_taken":0.0},{"damage_healed":0.0,"max_hp_gain":0.0,"max_hp_loss":0.0,"gold_gain":222.0,"event_name":"Tomb of Lord Red Mask","player_choice":"Wore Mask","floor":44.0,"gold_loss":0.0,"damage_taken":0.0},{"cards_removed":["Strike_R"],"damage_healed":0.0,"max_hp_gain":0.0,"max_hp_loss":0.0,"gold_gain":0.0,"event_name":"Wheel of Change","player_choice":"Card Removal","floor":45.0,"gold_loss":0.0,"damage_taken":0.0}],"is_beta":false,"boss_relics":[{"not_picked":["Black Star","Runic Cube"],"picked":"Runic Pyramid"},{"not_picked":["White Beast Statue","Cursed Key"],"picked":"Runic Dome"}],"items_purged_floors":[20,31,46,54],"is_endless":false,"potions_floor_spawned":[1,2,3,11,22,27,29,37,47],"ascension_level":20}