{"gold_per_floor":[117,66,31,41,61,61,86,86,134,168,168,185,217,233,233,304,304,323,523,523,523,541,541,567,579,602,602,602,612,612,44,44,121,121,121],"floor_reached":35,"playtime":886,"items_purged":[],"score":688,"play_id":"99763377-1096-49ff-899e-0102088c8bd5","local_time":"20180909185529","is_ascension_mode":true,"campfire_choices":[{"data":"Streamline","floor":6,"key":"SMITH"},{"data":"Zap","floor":8,"key":"SMITH"},{"floor":11,"key":"REST"},{"data":"Hologram","floor":15,"key":"SMITH"},{"floor":23,"key":"REST"},{"floor":27,"key":"REST"},{"data":"Biased Cognition","floor":30,"key":"SMITH"},{"floor":32,"key":"REST"}],"neow_cost":"NONE","seed_source_timestamp":22183581990275,"circlet_count":0,"master_deck":["Strike_B+1","Defend_B+1","Defend_B+1","Defend_B+1","Defend_B+1","Zap+1","Dualcast","AscendersBane","Streamline+1","Ball Lightning","Gash","Auto Shields","Hologram+1","Steam","Biased Cognition+1","White Noise","Hyperbeam","Ball Lightning","Stack","Echo Form","Self Repair","Steam","Capacitor+1","Buffer+1","Scrape+1","Reprogram+1","Scrape+1"],"relics":["Cracked Core","NeowsBlessing","Omamori","Regal Pillow","Question Card","Pen Nib","Sozu","Boot","Blood Vial","Frozen Egg 2","Molten Egg 2","Astrolabe"],"potions_floor_usage":[16],"damage_taken":[{"damage":0,"enemies":"Cultist","floor":1,"turns":1},{"damage":0,"enemies":"Jaw Worm","floor":4,"turns":1},{"damage":0,"enemies":"Small Slimes","floor":5,"turns":1},{"damage":21,"enemies":"3 Sentries","floor":7,"turns":6},{"damage":27,"enemies":"Gremlin Nob","floor":10,"turns":4},{"damage":14,"enemies":"3 Louse","floor":12,"turns":2},{"damage":8,"enemies":"Lagavulin","floor":13,"turns":5},{"damage":9,"enemies":"Red Slaver","floor":14,"turns":2},{"damage":15,"enemies":"The Guardian","floor":16,"turns":10},{"damage":33,"enemies":"Shell Parasite","floor":18,"turns":5},{"damage":6,"enemies":"Spheric Guardian","floor":22,"turns":3},{"damage":33,"enemies":"Slavers","floor":24,"turns":3},{"damage":14,"enemies":"Centurion and Healer","floor":25,"turns":5},{"damage":19,"enemies":"Cultist and Chosen","floor":29,"turns":5},{"damage":20,"enemies":"Champ","floor":33,"turns":9},{"damage":75,"enemies":"Flame Bruiser 1 Orb","floor":35,"turns":5}],"seed_played":"-2452987032813075630","potions_obtained":[{"floor":4,"key":"SkillPotion"},{"floor":14,"key":"Poison Potion"}],"is_trial":false,"path_per_floor":["M","$","?","M","M","R","E","R","T","E","R","M","E","M","R","B",null,"M","?","?","?","M","R","E","M","T","R","?","M","R","$","R","B",null],"character_chosen":"DEFECT","items_purchased":["Strength Potion","Frozen Egg 2","Molten Egg 2","Capacitor+1"],"campfire_rested":4,"item_purchase_floors":[2,31,31,31],"current_hp_per_floor":[64,64,71,71,71,71,50,50,50,23,59,45,37,28,28,13,57,24,24,24,38,32,68,35,21,21,57,50,40,40,40,71,58,68,0],"gold":121,"neow_bonus":"THREE_ENEMY_KILL","is_prod":false,"is_daily":false,"chose_seed":false,"campfire_upgraded":4,"win_rate":0,"timestamp":1536530129,"path_taken":["M","$","?","?","M","R","E","R","T","E","R","M","E","M","R","BOSS","M","?","?","?","M","R","E","M","T","R","?","?","R","$","R","BOSS","M"],"build_version":"2018-07-12","purchased_purges":0,"victory":false,"max_hp_per_floor":[71,71,71,71,71,71,71,71,71,71,71,71,71,71,71,71,71,71,71,71,71,71,71,71,71,71,71,71,71,71,71,71,71,71,71],"card_choices":[{"not_picked":["Redo","Leap"],"picked":"Streamline","floor":1},{"not_picked":["Leap","Turbo"],"picked":"Ball Lightning","floor":4},{"not_picked":["Turbo","Stack"],"picked":"Gash","floor":5},{"not_picked":["Stack","Storm"],"picked":"Auto Shields","floor":7},{"not_picked":["Thunder Strike","Coolheaded"],"picked":"Hologram","floor":10},{"not_picked":["Gash","Heatsinks","Coolheaded"],"picked":"Steam","floor":12},{"not_picked":["Rip and Tear","Leap","Turbo"],"picked":"Biased Cognition","floor":13},{"not_picked":["Beam Cell","Leap","Melter"],"picked":"White Noise","floor":14},{"not_picked":["Reboot","Meteor Strike","Machine Learning"],"picked":"Hyperbeam","floor":16},{"not_picked":["Rebound","Gash+1","Fusion"],"picked":"Ball Lightning","floor":18},{"not_picked":["White Noise","Melter","Go for the Eyes"],"picked":"Stack","floor":22},{"not_picked":["Tempest","Chaos","White Noise"],"picked":"Echo Form","floor":24},{"not_picked":["Barrage","Double Energy","White Noise"],"picked":"Self Repair","floor":25},{"not_picked":["Ball Lightning","Redo","Gash"],"picked":"Steam","floor":29},{"not_picked":["All For One+1","Reboot","Fission"],"picked":"Buffer+1","floor":33}],"player_experience":836331,"relics_obtained":[{"floor":7,"key":"Omamori"},{"floor":9,"key":"Regal Pillow"},{"floor":10,"key":"Question Card"},{"floor":13,"key":"Pen Nib"},{"floor":24,"key":"Boot"},{"floor":26,"key":"Blood Vial"}],"event_choices":[{"event_name":"The Cleric","player_choice":"Healed","floor":3,"damage_taken":0},{"event_name":"Wheel of Change","player_choice":"Gold","floor":19,"damage_taken":0},{"event_name":"Back to Basics","player_choice":"Simplicity","floor":20,"damage_taken":0},{"event_name":"The Library","player_choice":"Heal","floor":21,"damage_taken":0},{"event_name":"Knowing Skull","player_choice":"","floor":28,"damage_taken":0}],"boss_relics":[{"not_picked":["FrozenCore","Black Star"],"picked":"Sozu"},{"not_picked":["Empty Cage","Runic Dome"],"picked":"Astrolabe"}],"items_purged_floors":[],"is_endless":false,"potions_floor_spawned":[4,5,12,14,25,29],"killed_by":"Flame Bruiser 1 Orb","ascension_level":15}