{"gold_per_floor":[118,118,138,148,61,61,61,61,61,79,79,89,106,106,106,208,208,228,228,262,279,298,298,309,319,319,418,436,232,242,242,242,242],"floor_reached":33,"playtime":2045,"items_purged":[],"score":266,"play_id":"ab80f4a0-9248-47cf-85b5-181596a9013d","local_time":"20181127131201","is_ascension_mode":false,"campfire_choices":[{"data":"Pommel Strike","floor":6.0,"key":"SMITH"},{"data":"Bash","floor":15.0,"key":"SMITH"},{"data":"Reaper","floor":23,"key":"SMITH"},{"data":"Flex","floor":32,"key":"SMITH"}],"neow_cost":"NONE","seed_source_timestamp":0,"circlet_count":0,"master_deck":["Strike_R","Strike_R","Strike_R","Strike_R","Strike_R","Defend_R","Defend_R","Defend_R","Defend_R","Bash+1","Armaments+1","Pommel Strike+1","Anger","Flash of Steel","Twin Strike","Impervious","Shrug It Off+1","Ghostly","Ghostly","Ghostly","Ghostly","Ghostly","Twin Strike+1","Perfected Strike+1","Reaper+1","Clothesline","Flex+1","Pummel+1","Heavy Blade","Sword Boomerang","Shrug It Off"],"special_seed":0,"relics":["Burning Blood","Pear","Lizard Tail","Red Mask","Matryoshka","Strawberry"],"potions_floor_usage":[18,20,30,33,33],"damage_taken":[{"damage":0.0,"enemies":"Small Slimes","floor":1.0,"turns":3.0},{"damage":0.0,"enemies":"Cultist","floor":3.0,"turns":5.0},{"damage":0.0,"enemies":"2 Louse","floor":4.0,"turns":3.0},{"damage":7.0,"enemies":"Gremlin Gang","floor":10.0,"turns":6.0},{"damage":2.0,"enemies":"Red Slaver","floor":12.0,"turns":4.0},{"damage":7.0,"enemies":"Exordium Wildlife","floor":13.0,"turns":5.0},{"damage":47.0,"enemies":"Slime Boss","floor":16.0,"turns":11.0},{"damage":8,"enemies":"Shell Parasite","floor":18,"turns":6},{"damage":31,"enemies":"Masked Bandits","floor":20,"turns":10},{"damage":3,"enemies":"Spheric Guardian","floor":21,"turns":6},{"damage":13,"enemies":"Snake Plant","floor":22,"turns":7},{"damage":38,"enemies":"3 Cultists","floor":24,"turns":9},{"damage":1,"enemies":"Snecko","floor":25,"turns":6},{"damage":23,"enemies":"Chosen and Byrds","floor":28,"turns":10},{"damage":11,"enemies":"Shelled Parasite and Fungi","floor":30,"turns":7},{"damage":39,"enemies":"Champ","floor":33,"turns":10}],"seed_played":"5538079413759901392","potions_obtained":[{"floor":3.0,"key":"SteroidPotion"},{"floor":10.0,"key":"Block Potion"},{"floor":12.0,"key":"AttackPotion"},{"floor":16.0,"key":"Block Potion"},{"floor":18,"key":"Block Potion"},{"floor":20,"key":"FearPotion"},{"floor":24,"key":"Explosive Potion"},{"floor":28,"key":"Poison Potion"}],"is_trial":false,"path_per_floor":["M","?","M","M","$","R","?","$","T","M","$","M","M","$","R","B",null,"M","?","?","M","M","R","M","M","T","?","M","$","M","?","R","B"],"character_chosen":"IRONCLAD","items_purchased":["Flash of Steel","Strawberry","Heavy Blade"],"campfire_rested":0,"item_purchase_floors":[5,29,29],"current_hp_per_floor":[80,80,80,80,80,80,80,80,90,89,89,90,89,89,89,48,90,88,45,20,23,16,16,28,38,38,38,31,38,33,33,33,0],"gold":242,"neow_bonus":"THREE_CARDS","is_prod":false,"is_daily":false,"chose_seed":false,"campfire_upgraded":4,"win_rate":0.0,"timestamp":1543342321,"path_taken":["M","?","M","?","$","R","?","$","T","?","$","M","M","?","R","BOSS","M","?","?","M","M","R","M","M","T","?","M","$","M","?","R","BOSS"],"build_version":"2018-11-15","purchased_purges":0,"victory":false,"max_hp_per_floor":[80,80,80,80,80,80,80,80,90,90,90,90,90,90,90,90,90,90,45,45,45,45,45,45,45,45,45,45,52,52,52,52,52],"card_choices":[{"not_picked":["Clothesline","Headbutt"],"picked":"Armaments","floor":0.0},{"not_picked":["Warcry","Feel No Pain","Body Slam"],"picked":"SKIP","floor":1.0},{"not_picked":["Uppercut","Shrug It Off"],"picked":"Pommel Strike","floor":3.0},{"not_picked":["Body Slam","Perfected Strike"],"picked":"Anger","floor":4.0},{"not_picked":["Fiend Fire","Armaments"],"picked":"Twin Strike","floor":10.0},{"not_picked":["Anger","Rupture","Warcry"],"picked":"SKIP","floor":12.0},{"not_picked":["Juggernaut","Second Wind","Sword Boomerang"],"picked":"SKIP","floor":13.0},{"not_picked":["Brutality","Juggernaut"],"picked":"Impervious","floor":16.0},{"not_picked":["Armaments","Carnage"],"picked":"Shrug It Off+1","floor":18},{"not_picked":["Reckless Charge","Pommel Strike"],"picked":"Twin Strike+1","floor":20},{"not_picked":["Cleave+1","Pummel+1"],"picked":"Perfected Strike+1","floor":21},{"not_picked":["Anger","Sword Boomerang+1"],"picked":"Reaper","floor":22},{"not_picked":["Corruption+1","Twin Strike"],"picked":"Clothesline","floor":24},{"not_picked":["Pommel Strike","Anger"],"picked":"Flex","floor":25},{"not_picked":["Dual Wield","Fiend Fire"],"picked":"Pummel+1","floor":28},{"not_picked":["Bloodletting","Heavy Blade"],"picked":"Sword Boomerang","floor":30}],"player_experience":35415,"relics_obtained":[{"floor":9.0,"key":"Pear"},{"floor":20,"key":"Red Mask"},{"floor":26,"key":"Matryoshka"}],"event_choices":[{"damage_healed":0.0,"max_hp_gain":0.0,"max_hp_loss":0.0,"gold_gain":0.0,"event_name":"Upgrade Shrine","player_choice":"Upgraded","floor":2.0,"gold_loss":0.0,"damage_taken":0.0,"cards_upgraded":["Armaments"]},{"damage_healed":0.0,"max_hp_gain":0.0,"max_hp_loss":0.0,"gold_gain":0.0,"event_name":"Wheel of Change","player_choice":"Full Heal","floor":7.0,"gold_loss":0.0,"damage_taken":0.0},{"damage_healed":0,"gold_gain":0,"player_choice":"Became a Ghost","damage_taken":0,"max_hp_gain":0,"max_hp_loss":45,"event_name":"Ghosts","floor":19,"gold_loss":0,"cards_obtained":["Ghostly","Ghostly","Ghostly","Ghostly","Ghostly"]},{"damage_healed":0,"gold_gain":0,"player_choice":"Fought Bandits","damage_taken":0,"max_hp_gain":0,"max_hp_loss":0,"event_name":"Masked Bandits","floor":20,"gold_loss":0},{"damage_healed":0,"gold_gain":99,"player_choice":"Stole From Cult","damage_taken":0,"max_hp_gain":0,"max_hp_loss":0,"event_name":"Nest","floor":27,"gold_loss":0},{"damage_healed":0,"gold_gain":0,"player_choice":"Read","damage_taken":0,"max_hp_gain":0,"max_hp_loss":0,"event_name":"The Library","floor":31,"gold_loss":0,"cards_obtained":["Shrug It Off"]}],"is_beta":false,"boss_relics":[{"not_picked":["Runic Dome","Empty Cage"],"picked":"Lizard Tail"}],"items_purged_floors":[],"is_endless":false,"potions_floor_spawned":[3,10,12,16,18,20,24,28],"killed_by":"Champ","ascension_level":0}