{"gold_per_floor":[116,135,135,148,160,160,310,5,5,5,31,31,64,64,64,142,142,162,162,176,176,176,208,219,219,219,246,259,324,249,262,262,337,337,347,363,383,383,397,397,426,436,462,562,591,591,623,623,623,623,623,623,623,203,229,229],"floor_reached":57,"playtime":2199,"items_purged":["Doubt","Strike_R"],"score":3616,"play_id":"577fee4f-af21-4e6e-9f08-c629f42b4c21","local_time":"20190304185943","is_ascension_mode":true,"campfire_choices":[{"data":"True Grit","floor":6.0,"key":"SMITH"},{"data":"Flex","floor":10.0,"key":"SMITH"},{"data":"Havoc","floor":15.0,"key":"SMITH"},{"data":"Burning Pact","floor":25.0,"key":"SMITH"},{"data":"Heavy Blade","floor":32.0,"key":"SMITH"},{"data":"Limit Break","floor":40.0,"key":"SMITH"},{"data":"Dark Embrace","floor":46.0,"key":"SMITH"},{"floor":49.0,"key":"RECALL"},{"data":"Double Tap","floor":53.0,"key":"SMITH"}],"neow_cost":"NONE","seed_source_timestamp":285801691113693,"circlet_count":0,"master_deck":["AscendersBane","Strike_R","Defend_R","Defend_R","Defend_R","Defend_R","Bash","Feel No Pain","True Grit+1","Battle Trance","Flex+1","Bludgeon","Havoc+1","Regret","Impervious","Shrug It Off","Necronomicurse","Ghostly","Ghostly","Ghostly","Bludgeon","Burning Pact+1","Dark Embrace+1","Body Slam+1","Heavy Blade+1","Limit Break+1","Double Tap+1"],"special_seed":0,"relics":["Burning Blood","NeowsBlessing","Mummified Hand","ClockworkSouvenir","Ornamental Fan","Du-Vu Doll","Bag of Preparation","Blue Candle","PreservedInsect","Runic Dome","Necronomicon","Letter Opener","Lantern","Self Forming Clay","Tiny Chest","Busted Crown","Pear","Incense Burner","Champion Belt","Happy Flower","Anchor","Shuriken","Centennial Puzzle"],"potions_floor_usage":[56],"damage_taken":[{"damage":0.0,"enemies":"Jaw Worm","floor":1.0,"turns":1.0},{"damage":0.0,"enemies":"Cultist","floor":2.0,"turns":1.0},{"damage":0.0,"enemies":"2 Louse","floor":4.0,"turns":2.0},{"damage":10.0,"enemies":"2 Fungi Beasts","floor":5.0,"turns":4.0},{"damage":19.0,"enemies":"3 Sentries","floor":11.0,"turns":12.0},{"damage":10.0,"enemies":"Lagavulin","floor":13.0,"turns":5.0},{"damage":25.0,"enemies":"Hexaghost","floor":16.0,"turns":7.0},{"damage":3.0,"enemies":"Shell Parasite","floor":18.0,"turns":3.0},{"damage":4.0,"enemies":"2 Thieves","floor":20.0,"turns":3.0},{"damage":1.0,"enemies":"Slavers","floor":23.0,"turns":5.0},{"damage":0.0,"enemies":"Centurion and Healer","floor":24.0,"turns":3.0},{"damage":0.0,"enemies":"Book of Stabbing","floor":27.0,"turns":3.0},{"damage":0.0,"enemies":"Snake Plant","floor":28.0,"turns":3.0},{"damage":1.0,"enemies":"Gremlin Leader","floor":29.0,"turns":3.0},{"damage":0.0,"enemies":"Snecko","floor":31.0,"turns":4.0},{"damage":24.0,"enemies":"Champ","floor":33.0,"turns":8.0},{"damage":0.0,"enemies":"Orb Walker","floor":35.0,"turns":1.0},{"damage":1.0,"enemies":"3 Darklings","floor":36.0,"turns":5.0},{"damage":1.0,"enemies":"Writhing Mass","floor":37.0,"turns":2.0},{"damage":1.0,"enemies":"Sphere and 2 Shapes","floor":39.0,"turns":3.0},{"damage":0.0,"enemies":"Reptomancer","floor":41.0,"turns":2.0},{"damage":1.0,"enemies":"Spire Growth","floor":42.0,"turns":2.0},{"damage":0.0,"enemies":"Mind Bloom Boss Battle","floor":44.0,"turns":2.0},{"damage":1.0,"enemies":"Giant Head","floor":45.0,"turns":3.0},{"damage":1.0,"enemies":"Reptomancer","floor":47.0,"turns":2.0},{"damage":0.0,"enemies":"Awakened One","floor":50.0,"turns":6.0},{"damage":6.0,"enemies":"Donu and Deca","floor":51.0,"turns":4.0},{"damage":6.0,"enemies":"Shield and Spear","floor":55.0,"turns":6.0},{"damage":29,"enemies":"The Heart","floor":56,"turns":6}],"seed_played":"1823027831596229886","potions_obtained":[{"floor":1.0,"key":"LiquidBronze"},{"floor":11.0,"key":"Swift Potion"},{"floor":13.0,"key":"Fire Potion"}],"is_trial":false,"path_per_floor":["M","M","?","M","M","R","?","$","T","R","E","?","E","?","R","B",null,"M","?","M","?","?","E","M","R","T","E","M","E","?","M","R","B",null,"M","M","M","?","M","R","E","M","T","?","E","R","E","T","R","B","B",null,"R","$","E","B",null],"character_chosen":"IRONCLAD","items_purchased":["ClockworkSouvenir","Shuriken","Swift Potion"],"campfire_rested":0,"item_purchase_floors":[8,54,54],"current_hp_per_floor":[74,75,75,75,71,71,71,71,71,71,58,53,49,49,49,30,64,67,46,48,37,37,37,37,37,37,37,37,37,37,37,37,19,33,37,37,37,37,37,37,47,47,47,47,47,47,47,47,47,47,47,47,47,47,47,24],"gold":229,"neow_bonus":"THREE_ENEMY_KILL","is_prod":false,"is_daily":false,"chose_seed":false,"campfire_upgraded":8,"win_rate":0,"timestamp":1551697183,"path_taken":["M","M","?","M","?","R","?","$","T","R","E","?","E","?","R","BOSS","M","?","M","?","?","E","M","R","T","E","M","E","?","M","R","BOSS","M","M","M","?","M","R","E","M","T","?","E","R","E","?","R","BOSS","BOSS","R","$","E","BOSS"],"build_version":"2019-01-23","purchased_purges":2,"victory":true,"max_hp_per_floor":[75,75,75,75,75,75,75,75,75,75,75,75,75,75,75,75,75,75,75,75,37,37,37,37,37,37,37,37,37,37,37,37,37,37,37,37,37,37,37,37,47,47,47,47,47,47,47,47,47,47,47,47,47,47,47,47],"card_choices":[{"not_picked":["Disarm","Pummel"],"picked":"Feel No Pain","floor":1.0},{"not_picked":["Clothesline","Havoc"],"picked":"True Grit","floor":2.0},{"not_picked":["Warcry","Thunderclap"],"picked":"Battle Trance","floor":4.0},{"not_picked":["Combust","Seeing Red"],"picked":"Flex","floor":5.0},{"not_picked":["Clothesline","Body Slam"],"picked":"Bludgeon","floor":11.0},{"not_picked":["Hemokinesis","Spot Weakness","Havoc"],"picked":"SKIP","floor":13.0},{"not_picked":["Hemokinesis","Spot Weakness"],"picked":"Havoc","floor":13.0},{"not_picked":["Exhume","Demon Form"],"picked":"Impervious","floor":16.0},{"not_picked":["Combust","Cleave"],"picked":"Shrug It Off","floor":18.0},{"not_picked":["Perfected Strike","Clothesline","Sentinel"],"picked":"SKIP","floor":20.0},{"not_picked":["Perfected Strike","Clothesline","Sentinel"],"picked":"SKIP","floor":20.0},{"not_picked":["Headbutt","Anger","Perfected Strike"],"picked":"SKIP","floor":23.0},{"not_picked":["Uppercut","Armaments","Rampage"],"picked":"SKIP","floor":24.0},{"not_picked":["Body Slam+1","Power Through"],"picked":"Dark Embrace","floor":27.0},{"not_picked":["Carnage","Pommel Strike"],"picked":"Body Slam+1","floor":28.0},{"not_picked":["Headbutt","Thunderclap","Havoc"],"picked":"SKIP","floor":29.0},{"not_picked":["Flex","Armaments+1"],"picked":"Heavy Blade","floor":31.0},{"not_picked":["Juggernaut","Brutality"],"picked":"Limit Break","floor":33.0},{"not_picked":["Perfected Strike"],"picked":"SKIP","floor":35.0},{"not_picked":["Flex"],"picked":"SKIP","floor":36.0},{"not_picked":["Flex"],"picked":"SKIP","floor":36.0},{"not_picked":["Sword Boomerang+1"],"picked":"SKIP","floor":37.0},{"not_picked":["Iron Wave"],"picked":"SKIP","floor":39.0},{"not_picked":["Blood for Blood+1"],"picked":"SKIP","floor":41.0},{"not_picked":["Anger+1"],"picked":"SKIP","floor":42.0},{"not_picked":["Metallicize"],"picked":"SKIP","floor":45.0},{"not_picked":[],"picked":"Double Tap","floor":47.0},{"not_picked":["Rage"],"picked":"SKIP","floor":55.0}],"player_experience":1151820,"relics_obtained":[{"floor":9.0,"key":"Ornamental Fan"},{"floor":11.0,"key":"Du-Vu Doll"},{"floor":13.0,"key":"Blue Candle"},{"floor":19.0,"key":"Necronomicon"},{"floor":23.0,"key":"Letter Opener"},{"floor":26.0,"key":"Lantern"},{"floor":27.0,"key":"Self Forming Clay"},{"floor":29.0,"key":"Tiny Chest"},{"floor":41.0,"key":"Pear"},{"floor":44.0,"key":"Incense Burner"},{"floor":45.0,"key":"Champion Belt"},{"floor":47.0,"key":"Happy Flower"},{"floor":48.0,"key":"Anchor"},{"floor":55.0,"key":"Centennial Puzzle"}],"event_choices":[{"damage_healed":0.0,"max_hp_gain":0.0,"max_hp_loss":0.0,"gold_gain":0.0,"event_name":"WeMeetAgain","player_choice":"Gave Potion","floor":3.0,"gold_loss":0.0,"damage_taken":0.0,"relics_obtained":["Mummified Hand"]},{"damage_healed":0.0,"max_hp_gain":0.0,"max_hp_loss":0.0,"gold_gain":150.0,"event_name":"Liars Game","player_choice":"AGREE","floor":7.0,"gold_loss":0.0,"damage_taken":0.0,"cards_obtained":["Doubt"]},{"damage_healed":0.0,"max_hp_gain":0.0,"max_hp_loss":0.0,"gold_gain":0.0,"event_name":"Scrap Ooze","player_choice":"Success","floor":12.0,"gold_loss":0.0,"damage_taken":5.0,"relics_obtained":["Bag of Preparation"]},{"damage_healed":0.0,"max_hp_gain":0.0,"max_hp_loss":0.0,"gold_gain":0.0,"event_name":"Big Fish","player_choice":"Box","floor":14.0,"gold_loss":0.0,"damage_taken":0.0,"relics_obtained":["PreservedInsect"],"cards_obtained":["Regret"]},{"damage_healed":0.0,"max_hp_gain":0.0,"max_hp_loss":0.0,"gold_gain":0.0,"event_name":"Cursed Tome","player_choice":"Obtained Book","floor":19.0,"gold_loss":0.0,"damage_taken":21.0},{"damage_healed":0.0,"max_hp_gain":0.0,"max_hp_loss":38.0,"gold_gain":0.0,"event_name":"Ghosts","player_choice":"Became a Ghost","floor":21.0,"gold_loss":0.0,"damage_taken":0.0,"cards_obtained":["Ghostly","Ghostly","Ghostly"]},{"damage_healed":0.0,"max_hp_gain":0.0,"max_hp_loss":0.0,"gold_gain":0.0,"cards_transformed":["Strike_R","Strike_R"],"event_name":"Drug Dealer","player_choice":"Became Test Subject","floor":22.0,"gold_loss":0.0,"damage_taken":0.0,"cards_obtained":["Bludgeon","Burning Pact"]},{"cards_removed":["Strike_R"],"damage_healed":0.0,"max_hp_gain":0.0,"max_hp_loss":0.0,"gold_gain":0.0,"event_name":"Beggar","player_choice":"Gave Gold","floor":30.0,"gold_loss":75.0,"damage_taken":0.0},{"damage_healed":0.0,"max_hp_gain":0.0,"max_hp_loss":0.0,"gold_gain":0.0,"event_name":"Tomb of Lord Red Mask","player_choice":"Ignored","floor":38.0,"gold_loss":0.0,"damage_taken":0.0},{"damage_healed":0.0,"max_hp_gain":0.0,"max_hp_loss":0.0,"gold_gain":0.0,"event_name":"MindBloom","player_choice":"Fight","floor":44.0,"gold_loss":0.0,"damage_taken":0.0}],"is_beta":false,"boss_relics":[{"not_picked":["Philosopher\u0027s Stone","Pandora\u0027s Box"],"picked":"Runic Dome"},{"not_picked":["White Beast Statue","Tiny House"],"picked":"Busted Crown"}],"items_purged_floors":[8,54],"is_endless":false,"potions_floor_spawned":[1,11,13,20,27,31,33,35,42,47],"ascension_level":20}