{"gold_per_floor":[112,132,132,132,132,132,0,0,23,38,38,52,52,77,77,149,149,159,159,159,159,171,205,205,238,238,153,153,167,194,119,119,196,196,211,26,44,144,159,159,187,187,187,234,246,133,150,166,166,166,166,166,166,16,49,49],"floor_reached":57,"playtime":2996,"items_purged":["Strike_R","Searing Blow","Wild Strike","Bash+1"],"score":2828,"play_id":"711264b4-d272-4052-95ed-627953a89ae3","local_time":"20190402145038","is_ascension_mode":true,"campfire_choices":[{"data":"Bash","floor":6.0,"key":"SMITH"},{"data":"Shrug It Off","floor":8.0,"key":"SMITH"},{"data":"Inflame","floor":11.0,"key":"SMITH"},{"data":"Entrench","floor":15.0,"key":"SMITH"},{"data":"Limit Break","floor":24.0,"key":"SMITH"},{"data":"True Grit","floor":28.0,"key":"SMITH"},{"data":"Flex","floor":32.0,"key":"SMITH"},{"data":"Armaments","floor":40.0,"key":"SMITH"},{"data":"Bloodletting","floor":42.0,"key":"SMITH"},{"floor":49.0,"key":"RECALL"},{"data":"Barricade","floor":53.0,"key":"SMITH"}],"neow_cost":"NONE","seed_source_timestamp":0,"circlet_count":0,"master_deck":["AscendersBane","Reaper","Feel No Pain","Shrug It Off+1","Inflame+1","Flex+1","Entrench+1","Limit Break+1","Whirlwind","True Grit+1","Dark Embrace","Barricade+1","Armaments+1","Body Slam","Power Through","Spot Weakness","Intimidate","Fiend Fire","Burning Pact","Bloodletting+1","Dual Wield","Second Wind"],"special_seed":0,"relics":["Burning Blood","NeowsBlessing","Vajra","Bag of Preparation","Lantern","Coffee Dripper","MutagenicStrength","Pocketwatch","Blue Candle","Singing Bowl","Kunai","Pandora\u0027s Box","Turnip","Paper Frog","MawBank","Nunchaku","Self Forming Clay"],"potions_floor_usage":[],"damage_taken":[{"damage":0.0,"enemies":"Small Slimes","floor":1.0,"turns":1.0},{"damage":0.0,"enemies":"Jaw Worm","floor":2.0,"turns":1.0},{"damage":0.0,"enemies":"Cultist","floor":10.0,"turns":1.0},{"damage":32.0,"enemies":"Gremlin Gang","floor":12.0,"turns":6.0},{"damage":21.0,"enemies":"3 Sentries","floor":14.0,"turns":12.0},{"damage":14.0,"enemies":"Slime Boss","floor":16.0,"turns":9.0},{"damage":16.0,"enemies":"Chosen","floor":18.0,"turns":6.0},{"damage":1.0,"enemies":"Spheric Guardian","floor":22.0,"turns":3.0},{"damage":19.0,"enemies":"Slavers","floor":23.0,"turns":5.0},{"damage":57.0,"enemies":"Book of Stabbing","floor":25.0,"turns":4.0},{"damage":30.0,"enemies":"Snake Plant","floor":29.0,"turns":4.0},{"damage":42.0,"enemies":"Slavers","floor":30.0,"turns":3.0},{"damage":32.0,"enemies":"Automaton","floor":33.0,"turns":6.0},{"damage":8.0,"enemies":"3 Shapes","floor":35.0,"turns":7.0},{"damage":11.0,"enemies":"Orb Walker","floor":37.0,"turns":2.0},{"damage":4.0,"enemies":"Mind Bloom Boss Battle","floor":38.0,"turns":5.0},{"damage":65.0,"enemies":"Writhing Mass","floor":39.0,"turns":8.0},{"damage":17.0,"enemies":"Giant Head","floor":41.0,"turns":7.0},{"damage":106.0,"enemies":"Nemesis","floor":44.0,"turns":17.0},{"damage":70.0,"enemies":"3 Darklings","floor":47.0,"turns":5.0},{"damage":49.0,"enemies":"Jaw Worm Horde","floor":48.0,"turns":5.0},{"damage":87.0,"enemies":"Awakened One","floor":50.0,"turns":14.0},{"damage":55.0,"enemies":"Time Eater","floor":51.0,"turns":11.0},{"damage":87,"enemies":"Shield and Spear","floor":55,"turns":9},{"damage":26,"enemies":"The Heart","floor":56,"turns":8}],"seed_played":"-751299345168161586","potions_obtained":[{"floor":12.0,"key":"Poison Potion"},{"floor":14.0,"key":"Block Potion"},{"floor":16.0,"key":"BloodPotion"},{"floor":18.0,"key":"Swift Potion"},{"floor":30.0,"key":"Weak Potion"},{"floor":33.0,"key":"Fire Potion"},{"floor":41.0,"key":"Swift Potion"},{"floor":48.0,"key":"SteroidPotion"}],"is_trial":false,"path_per_floor":["M","M","?","?","?","R","$","R","T","M","R","M","?","E","R","B",null,"M","?","?","?","M","E","R","E","T","?","R","M","E","$","R","B",null,"M","$","M","?","M","R","E","R","T","E","?","$","M","M","R","B","B",null,"R","$","E","B",null],"character_chosen":"IRONCLAD","items_purchased":["Feel No Pain","Shrug It Off","Burning Pact"],"campfire_rested":0,"item_purchase_floors":[7,7,36],"current_hp_per_floor":[74,75,70,70,47,47,47,47,47,53,53,47,72,73,73,75,75,75,75,75,75,75,62,62,35,35,35,35,35,37,37,37,67,76,81,81,76,80,21,21,75,75,75,87,87,87,87,89,89,89,89,89,89,89,91,91],"gold":49,"neow_bonus":"THREE_ENEMY_KILL","is_prod":false,"is_daily":false,"chose_seed":false,"campfire_upgraded":10,"win_rate":0,"timestamp":1554187838,"path_taken":["M","M","?","?","?","R","?","R","T","?","R","?","?","E","R","BOSS","M","?","?","?","M","E","R","E","T","?","R","M","E","?","R","BOSS","M","$","M","?","M","R","E","R","T","E","?","$","M","?","R","BOSS","BOSS","R","$","E","BOSS"],"build_version":"2019-01-23","purchased_purges":4,"victory":true,"max_hp_per_floor":[75,75,75,75,75,75,75,75,75,75,75,75,75,75,75,75,75,75,75,75,75,75,75,75,75,75,75,75,77,79,79,79,79,79,81,81,81,83,83,83,85,85,85,87,87,87,87,89,89,89,89,89,89,89,91,91],"card_choices":[{"not_picked":["Clash","Warcry","Wild Strike"],"picked":"SKIP","floor":1.0},{"not_picked":["Anger","Pommel Strike"],"picked":"Shrug It Off","floor":2.0},{"not_picked":["Rampage","Spot Weakness"],"picked":"Inflame","floor":10.0},{"not_picked":["Ghostly Armor","Iron Wave"],"picked":"Flex","floor":12.0},{"not_picked":["True Grit","Spot Weakness"],"picked":"Entrench","floor":14.0},{"not_picked":["Double Tap","Bludgeon"],"picked":"Limit Break","floor":16.0},{"not_picked":["Armaments","Heavy Blade"],"picked":"Whirlwind","floor":18.0},{"not_picked":["Bloodletting","Iron Wave","Clash"],"picked":"SKIP","floor":22.0},{"not_picked":["Searing Blow","Flex","Dropkick"],"picked":"SKIP","floor":23.0},{"not_picked":["Body Slam","Heavy Blade"],"picked":"Dark Embrace","floor":25.0},{"not_picked":["Metallicize","Entrench","Heavy Blade+1"],"picked":"Singing Bowl","floor":29.0},{"not_picked":["Combust","Searing Blow","Perfected Strike"],"picked":"Singing Bowl","floor":30.0},{"not_picked":["Limit Break","Feed"],"picked":"Barricade","floor":33.0},{"not_picked":["Heavy Blade+1","Intimidate","Iron Wave"],"picked":"Singing Bowl","floor":35.0},{"not_picked":["Burning Pact","Twin Strike"],"picked":"Bloodletting","floor":37.0},{"not_picked":["Feel No Pain","Metallicize+1","Armaments"],"picked":"Singing Bowl","floor":38.0},{"not_picked":["True Grit","Inflame"],"picked":"Dual Wield","floor":39.0},{"not_picked":["Heavy Blade+1","Cleave","Exhume"],"picked":"Singing Bowl","floor":41.0},{"not_picked":["Heavy Blade","Headbutt","True Grit+1"],"picked":"Singing Bowl","floor":44.0},{"not_picked":["Shrug It Off","Power Through+1"],"picked":"Second Wind","floor":47.0},{"not_picked":["True Grit+1","Inflame","Rage"],"picked":"Singing Bowl","floor":48.0},{"not_picked":["Brutality","Armaments","Clothesline+1"],"picked":"Singing Bowl","floor":55}],"player_experience":1409775,"relics_obtained":[{"floor":9.0,"key":"Bag of Preparation"},{"floor":14.0,"key":"Lantern"},{"floor":23.0,"key":"Pocketwatch"},{"floor":25.0,"key":"Blue Candle"},{"floor":30.0,"key":"Kunai"},{"floor":38.0,"key":"Turnip"},{"floor":41.0,"key":"Paper Frog"},{"floor":43.0,"key":"MawBank"},{"floor":44.0,"key":"Nunchaku"},{"floor":55,"key":"Self Forming Clay"}],"event_choices":[{"damage_healed":0.0,"max_hp_gain":0.0,"max_hp_loss":0.0,"gold_gain":0.0,"event_name":"Scrap Ooze","player_choice":"Success","floor":3.0,"gold_loss":0.0,"damage_taken":5.0,"relics_obtained":["Vajra"]},{"damage_healed":0.0,"max_hp_gain":0.0,"max_hp_loss":0.0,"gold_gain":0.0,"cards_transformed":["Shrug It Off"],"event_name":"Living Wall","player_choice":"Change","floor":4.0,"gold_loss":0.0,"damage_taken":0.0,"cards_obtained":["Reaper"]},{"damage_healed":0.0,"max_hp_gain":0.0,"max_hp_loss":0.0,"gold_gain":0.0,"event_name":"Shining Light","player_choice":"Entered Light","floor":5.0,"gold_loss":0.0,"damage_taken":23.0,"cards_upgraded":["Strike_R","Strike_R"]},{"damage_healed":25.0,"max_hp_gain":0.0,"max_hp_loss":0.0,"gold_gain":0.0,"event_name":"Big Fish","player_choice":"Banana","floor":13.0,"gold_loss":0.0,"damage_taken":0.0},{"damage_healed":0.0,"max_hp_gain":0.0,"max_hp_loss":0.0,"gold_gain":0.0,"event_name":"Drug Dealer","player_choice":"Inject Mutagens","floor":19.0,"gold_loss":0.0,"damage_taken":0.0,"relics_obtained":["MutagenicStrength"]},{"damage_healed":0.0,"max_hp_gain":0.0,"max_hp_loss":0.0,"gold_gain":0.0,"event_name":"Cursed Tome","player_choice":"Ignored","floor":20.0,"gold_loss":0.0,"damage_taken":0.0},{"damage_healed":0.0,"max_hp_gain":0.0,"max_hp_loss":0.0,"gold_gain":0.0,"event_name":"The Library","player_choice":"Read","floor":21.0,"gold_loss":0.0,"damage_taken":0.0,"cards_obtained":["True Grit"]},{"damage_healed":0.0,"max_hp_gain":0.0,"max_hp_loss":0.0,"gold_gain":0.0,"event_name":"Addict","player_choice":"Obtained Relic","floor":27.0,"gold_loss":85.0,"damage_taken":0.0,"relics_obtained":["Singing Bowl"]},{"damage_healed":0.0,"max_hp_gain":0.0,"max_hp_loss":0.0,"gold_gain":0.0,"event_name":"MindBloom","player_choice":"Fight","floor":38.0,"gold_loss":0.0,"damage_taken":0.0},{"damage_healed":0.0,"max_hp_gain":0.0,"max_hp_loss":0.0,"gold_gain":0.0,"event_name":"Match and Keep!","player_choice":"0 cards matched","floor":45.0,"gold_loss":0.0,"damage_taken":0.0,"cards_obtained":[]}],"is_beta":false,"boss_relics":[{"not_picked":["Calling Bell","Black Blood"],"picked":"Coffee Dripper"},{"not_picked":["Runic Pyramid","Sozu"],"picked":"Pandora\u0027s Box"}],"items_purged_floors":[31,36,46,54],"is_endless":false,"potions_floor_spawned":[12,14,16,18,30,33,37,41,48],"ascension_level":20}