{"gold_per_floor":[217,217,57,71,88,88,107,141,179,217,258,301,326,368,380,468,480,502,543,566,592,604,616,628],"floor_reached":24,"playtime":1042,"items_purged":["Strike_R"],"score":460,"play_id":"486645af-3c45-4ed4-a163-13847bb3641b","local_time":"20190304165554","is_ascension_mode":true,"campfire_choices":[{"data":"Carnage","floor":6.0,"key":"SMITH"},{"data":"Body Slam","floor":15.0,"key":"SMITH"},{"data":"Limit Break","floor":23.0,"key":"SMITH"}],"neow_cost":"NONE","seed_source_timestamp":0,"circlet_count":0,"master_deck":["AscendersBane","Bash","Feel No Pain","Shrug It Off","Carnage+1","Body Slam+1","Feel No Pain","Second Wind","Pommel Strike","Limit Break+1","Berserk","Hemokinesis","Perfected Strike","Bloodletting","Cleave","Reaper","Inflame","Rupture","Sword Boomerang","Battle Trance","Ghostly","Ghostly","Ghostly"],"special_seed":0,"relics":["Burning Blood","PreservedInsect","MawBank","Omamori","Blood Vial","Vajra","War Paint","Pandora\u0027s Box"],"potions_floor_usage":[],"damage_taken":[{"damage":3.0,"enemies":"2 Louse","floor":1.0,"turns":3.0},{"damage":2.0,"enemies":"Cultist","floor":4.0,"turns":4.0},{"damage":2.0,"enemies":"Jaw Worm","floor":5.0,"turns":6.0},{"damage":3.0,"enemies":"Looter","floor":7.0,"turns":2.0},{"damage":14.0,"enemies":"Lagavulin","floor":8.0,"turns":4.0},{"damage":10.0,"enemies":"3 Sentries","floor":10.0,"turns":6.0},{"damage":10.0,"enemies":"Exordium Thugs","floor":11.0,"turns":5.0},{"damage":16.0,"enemies":"Lagavulin","floor":12.0,"turns":5.0},{"damage":0.0,"enemies":"2 Fungi Beasts","floor":13.0,"turns":4.0},{"damage":2.0,"enemies":"Gremlin Nob","floor":14.0,"turns":3.0},{"damage":38.0,"enemies":"Slime Boss","floor":16.0,"turns":12.0},{"damage":14.0,"enemies":"2 Thieves","floor":18.0,"turns":4.0},{"damage":33.0,"enemies":"Shell Parasite","floor":19.0,"turns":6.0},{"damage":32.0,"enemies":"Snecko","floor":20.0,"turns":6.0},{"damage":19.0,"enemies":"Cultist and Chosen","floor":21.0,"turns":7.0},{"damage":23,"enemies":"Slavers","floor":24,"turns":2}],"seed_played":"7523808820335092571","potions_obtained":[{"floor":4.0,"key":"Fire Potion"},{"floor":8.0,"key":"Explosive Potion"},{"floor":13.0,"key":"Poison Potion"},{"floor":14.0,"key":"Explosive Potion"},{"floor":16.0,"key":"EssenceOfSteel"},{"floor":20.0,"key":"GamblersBrew"}],"is_trial":false,"path_per_floor":["M","?","$","M","M","R","M","E","T","E","M","E","M","E","R","B",null,"M","M","M","M","?","R","E"],"character_chosen":"IRONCLAD","items_purchased":["Feel No Pain"],"campfire_rested":0,"item_purchase_floors":[3],"current_hp_per_floor":[71,71,71,75,75,75,75,67,67,63,61,53,61,67,67,37,66,60,45,28,17,17,17,0],"gold":628,"neow_bonus":"HUNDRED_GOLD","is_prod":false,"is_daily":false,"chose_seed":false,"campfire_upgraded":3,"win_rate":0,"timestamp":1551689754,"path_taken":["M","?","$","?","M","R","M","E","T","E","M","E","M","E","R","BOSS","M","?","M","M","?","R","E"],"build_version":"2019-01-23","purchased_purges":1,"victory":false,"max_hp_per_floor":[75,75,75,75,75,75,75,75,75,75,75,75,75,75,75,75,75,75,75,75,75,37,37,37],"card_choices":[{"not_picked":["Iron Wave","Warcry"],"picked":"Shrug It Off","floor":1.0},{"not_picked":["True Grit","Heavy Blade"],"picked":"Shrug It Off","floor":4.0},{"not_picked":["Uppercut","Havoc"],"picked":"Carnage","floor":5.0},{"not_picked":["Pommel Strike","Twin Strike"],"picked":"Body Slam","floor":7.0},{"not_picked":["Iron Wave","Corruption","Thunderclap"],"picked":"SKIP","floor":8.0},{"not_picked":["Bludgeon","Sword Boomerang","Anger"],"picked":"SKIP","floor":10.0},{"not_picked":["Sword Boomerang","Whirlwind"],"picked":"Feel No Pain","floor":11.0},{"not_picked":["Metallicize","Dual Wield"],"picked":"Second Wind","floor":12.0},{"not_picked":["Carnage","Second Wind","Thunderclap"],"picked":"SKIP","floor":13.0},{"not_picked":["Ghostly Armor","Pummel"],"picked":"Pommel Strike","floor":14.0},{"not_picked":["Berserk","Immolate"],"picked":"Limit Break","floor":16.0},{"not_picked":["Thunderclap","Infernal Blade","Iron Wave"],"picked":"SKIP","floor":18.0},{"not_picked":["Shrug It Off","Cleave"],"picked":"Sword Boomerang","floor":19.0},{"not_picked":["Iron Wave","Anger"],"picked":"Battle Trance","floor":20.0},{"not_picked":["Headbutt","Bloodletting","Pummel"],"picked":"SKIP","floor":21.0},{"not_picked":["Headbutt","Bloodletting","Pummel"],"picked":"SKIP","floor":21.0}],"player_experience":1147966,"relics_obtained":[{"floor":8.0,"key":"MawBank"},{"floor":9.0,"key":"Omamori"},{"floor":10.0,"key":"Blood Vial"},{"floor":12.0,"key":"Vajra"},{"floor":14.0,"key":"War Paint"}],"event_choices":[{"cards_removed":["Shrug It Off"],"damage_healed":0.0,"max_hp_gain":0.0,"max_hp_loss":0.0,"gold_gain":0.0,"event_name":"WeMeetAgain","player_choice":"Gave Card","floor":2.0,"gold_loss":0.0,"damage_taken":0.0,"relics_obtained":["PreservedInsect"]},{"damage_healed":0.0,"max_hp_gain":0.0,"max_hp_loss":38.0,"gold_gain":0.0,"event_name":"Ghosts","player_choice":"Became a Ghost","floor":22.0,"gold_loss":0.0,"damage_taken":0.0,"cards_obtained":["Ghostly","Ghostly","Ghostly"]}],"is_beta":false,"boss_relics":[{"not_picked":["Eternal Feather","White Beast Statue"],"picked":"Pandora\u0027s Box"}],"items_purged_floors":[3],"is_endless":false,"potions_floor_spawned":[4,8,13,14,16,20],"killed_by":"Slavers","ascension_level":20}