{"gold_per_floor":[109,127,140,156,156,189,189,246,246,246,246,263,263,280,280,385,385,401,18,36,36,36,70,70,98,98,98,116,127,152,164,164,262,262,279,292,392,407,423,423,443,469,469,469,479,479,498,51,51,51],"floor_reached":51,"playtime":3296,"items_purged":["Strike_B","Strike_B"],"score":761,"play_id":"b84164d2-edf2-4a77-b644-e1e03d9d6d87","local_time":"20180731130752","is_ascension_mode":true,"campfire_choices":[{"floor":7,"key":"REST"},{"floor":11,"key":"REST"},{"data":"Zap","floor":13,"key":"SMITH"},{"data":"Fusion","floor":15,"key":"SMITH"},{"data":"Capacitor","floor":24,"key":"SMITH"},{"floor":27,"key":"REST"},{"floor":32,"key":"REST"},{"floor":40,"key":"REST"},{"data":"Seek","floor":44,"key":"SMITH"},{"data":"Seek","floor":49,"key":"SMITH"}],"neow_cost":"","seed_source_timestamp":184681507687649,"circlet_count":0,"master_deck":["Strike_B","Defend_B","Defend_B","Defend_B","Defend_B","Zap+1","Dualcast","Ball Lightning","Fusion+1","Beam Cell","Leap","Coolheaded","Self Repair","Conserve Battery","Seek+1","White Noise+1","Redo","Cold Snap+1","Capacitor+1","Consume+1","Coolheaded","Blizzard+1","Barrage+1","Seek+1","Reinforced Body+1","Aggregate+1","Coolheaded+1","Lockon+1","Glacier+1","FTL+1","Hologram+1","Defragment","Consume"],"relics":["Cracked Core","Centennial Puzzle","Tiny Chest","Vajra","Nuclear Battery","Molten Egg 2","Darkstone Periapt","Singing Bowl","Blue Candle","Oddly Smooth Stone","Inserter","Ancient Tea Set","Shuriken","Pear"],"potions_floor_usage":[8,23,25,31,33,33,38,42,42,50,50],"damage_taken":[{"damage":0,"enemies":"Small Slimes","floor":1,"turns":4},{"damage":0,"enemies":"Cultist","floor":2,"turns":3},{"damage":6,"enemies":"2 Louse","floor":3,"turns":3},{"damage":29,"enemies":"Exordium Wildlife","floor":4,"turns":6},{"damage":22,"enemies":"3 Sentries","floor":6,"turns":8},{"damage":14,"enemies":"Gremlin Nob","floor":8,"turns":3},{"damage":1,"enemies":"2 Fungi Beasts","floor":12,"turns":3},{"damage":8,"enemies":"Lots of Slimes","floor":14,"turns":3},{"damage":19,"enemies":"The Guardian","floor":16,"turns":15},{"damage":0,"enemies":"Shell Parasite","floor":18,"turns":7},{"damage":5,"enemies":"Chosen","floor":20,"turns":5},{"damage":18,"enemies":"Slavers","floor":23,"turns":6},{"damage":31,"enemies":"Book of Stabbing","floor":25,"turns":8},{"damage":15,"enemies":"Snecko","floor":28,"turns":5},{"damage":13,"enemies":"Slaver and Parasite","floor":29,"turns":8},{"damage":43,"enemies":"Slavers","floor":30,"turns":11},{"damage":22,"enemies":"Cultist and Chosen","floor":31,"turns":8},{"damage":29,"enemies":"Automaton","floor":33,"turns":11},{"damage":19,"enemies":"Flame Bruiser 1 Orb","floor":35,"turns":5},{"damage":14,"enemies":"3 Darklings","floor":36,"turns":5},{"damage":36,"enemies":"Transient","floor":38,"turns":5},{"damage":0,"enemies":"Maw","floor":39,"turns":8},{"damage":12,"enemies":"Spire Growth","floor":41,"turns":7},{"damage":15,"enemies":"2 Orb Walkers","floor":42,"turns":6},{"damage":0,"enemies":"4 Shapes","floor":45,"turns":8},{"damage":7,"enemies":"3 Darklings","floor":47,"turns":9},{"damage":19,"enemies":"Awakened One","floor":50,"turns":16}],"seed_played":"-2231441039366577820","potions_obtained":[{"floor":1,"key":"Dexterity Potion"},{"floor":4,"key":"PowerPotion"},{"floor":8,"key":"Dexterity Potion"},{"floor":23,"key":"FairyPotion"},{"floor":29,"key":"EssenceOfSteel"},{"floor":30,"key":"SkillPotion"},{"floor":31,"key":"Block Potion"},{"floor":33,"key":"Explosive Potion"},{"floor":35,"key":"Weak Potion"},{"floor":38,"key":"Block Potion"},{"floor":41,"key":"Fire Potion"},{"floor":42,"key":"Poison Potion"}],"is_trial":false,"path_per_floor":["M","M","M","M","?","E","R","E","T","?","R","M","R","M","R","B",null,"M","$","M","$","?","E","R","E","T","R","M","M","E","M","R","B",null,"M","M","?","M","M","R","M","E","T","R","M","?","M","$","R","B"],"character_chosen":"DEFECT","items_purchased":["Redo","Molten Egg 2","Defragment","Consume","Pear"],"campfire_rested":5,"item_purchase_floors":[19,19,48,48,48],"current_hp_per_floor":[75,75,69,40,40,18,40,26,26,26,48,47,47,46,46,27,75,75,75,75,75,75,64,64,47,47,69,61,57,21,14,37,8,77,65,58,58,29,36,59,54,46,46,46,53,53,55,65,65,46],"gold":51,"neow_bonus":"","is_prod":false,"is_daily":false,"chose_seed":false,"campfire_upgraded":5,"win_rate":0.0,"timestamp":1533053272,"path_taken":["M","M","M","M","?","E","R","E","T","?","R","M","R","M","R","BOSS","M","$","M","?","?","E","R","E","T","R","?","M","E","M","R","BOSS","M","M","?","M","M","R","M","E","T","R","M","?","M","$","R","BOSS"],"build_version":"2018-07-12","purchased_purges":2,"victory":true,"max_hp_per_floor":[75,75,75,75,75,75,75,75,75,75,75,75,75,75,75,75,75,75,75,75,75,75,75,75,75,75,75,75,77,77,77,77,77,77,77,77,77,77,77,77,77,77,77,77,77,77,79,89,89,89],"card_choices":[{"not_picked":["Blizzard","Tempest"],"picked":"Ball Lightning","floor":1},{"not_picked":["Rip and Tear","Compile Driver"],"picked":"Fusion","floor":2},{"not_picked":["Ball Lightning","Tempest"],"picked":"Beam Cell","floor":3},{"not_picked":["Redo","Hologram"],"picked":"Leap","floor":4},{"not_picked":["Seek","Stack"],"picked":"Coolheaded","floor":6},{"not_picked":["Coolheaded","Leap"],"picked":"Self Repair","floor":8},{"not_picked":["Beam Cell","Sweeping Beam"],"picked":"Conserve Battery","floor":12},{"not_picked":["Biased Cognition","Beam Cell","Steam Power"],"picked":"SKIP","floor":14},{"not_picked":["All For One","Electrodynamics"],"picked":"Seek","floor":16},{"not_picked":["Conserve Battery","Streamline"],"picked":"White Noise+1","floor":18},{"not_picked":["Redo+1","Stack"],"picked":"Cold Snap+1","floor":20},{"not_picked":["Barrage+1","Leap+1"],"picked":"Capacitor","floor":23},{"not_picked":["Sweeping Beam+1","Hologram"],"picked":"Consume+1","floor":25},{"not_picked":["Stack","Steam"],"picked":"Coolheaded","floor":28},{"not_picked":["Hello World","Heatsinks","Leap"],"picked":"Singing Bowl","floor":29},{"not_picked":["Steam","Leap+1"],"picked":"Blizzard+1","floor":30},{"not_picked":["Seek","Reprogram"],"picked":"Barrage+1","floor":31},{"not_picked":["Electrodynamics","Thunder Strike+1"],"picked":"Seek","floor":33},{"not_picked":["Conserve Battery","Gash+1"],"picked":"Reinforced Body+1","floor":35},{"not_picked":["Tempest","Steam"],"picked":"Aggregate+1","floor":36},{"not_picked":["Compile Driver+1","Ball Lightning+1"],"picked":"Coolheaded+1","floor":38},{"not_picked":["Steam+1","Sweeping Beam+1"],"picked":"Lockon+1","floor":39},{"not_picked":["Scrape+1","Sweeping Beam+1"],"picked":"Glacier+1","floor":41},{"not_picked":["Melter+1","Glacier+1"],"picked":"FTL+1","floor":42},{"not_picked":["Streamline+1","Static Discharge"],"picked":"Hologram+1","floor":45},{"not_picked":["Beam Cell+1","Static Discharge+1","Stack"],"picked":"Singing Bowl","floor":47}],"player_experience":409000,"relics_obtained":[{"floor":6,"key":"Centennial Puzzle"},{"floor":8,"key":"Tiny Chest"},{"floor":9,"key":"Vajra"},{"floor":23,"key":"Darkstone Periapt"},{"floor":25,"key":"Singing Bowl"},{"floor":26,"key":"Blue Candle"},{"floor":30,"key":"Oddly Smooth Stone"},{"floor":42,"key":"Ancient Tea Set"},{"floor":43,"key":"Shuriken"}],"event_choices":[{"event_name":"Purifier","player_choice":"One Purge","floor":5,"damage_taken":0},{"event_name":"Dead Adventurer","player_choice":"Searched \u00270\u0027 times","floor":10,"damage_taken":0},{"event_name":"Ghosts","player_choice":"Ignored","floor":22,"damage_taken":0},{"event_name":"Golden Shrine","player_choice":"Pray","floor":37,"damage_taken":0},{"event_name":"Tomb of Lord Red Mask","player_choice":"Ignored","floor":46,"damage_taken":0}],"boss_relics":[{"not_picked":["Runic Pyramid","Eternal Feather"],"picked":"Nuclear Battery"},{"not_picked":["Snecko Eye","Runic Dome"],"picked":"Inserter"}],"items_purged_floors":[19,48],"is_endless":false,"potions_floor_spawned":[1,4,8,23,29,30,31,33,35,38,41,42],"ascension_level":1}