{"gold_per_floor":[115,115,126,142,67,102,102,117,140,215,241,241,271,291,291,369,369,380,380,396,0,18,18,37,37,111,111,124,424,63,88,88,162,162,180,199,199,199,299,329,359,359,440,469,469,469,484,516,516,516,516,516,516,34,67,67],"floor_reached":57,"playtime":3001,"items_purged":["Strike_B","Strike_B"],"score":3012,"play_id":"22a2ef45-ffee-4382-af15-87915bd41c2f","local_time":"20190506233454","is_ascension_mode":true,"campfire_choices":[{"data":"Melter","floor":7.0,"key":"SMITH"},{"floor":12.0,"key":"REST"},{"data":"Biased Cognition","floor":15.0,"key":"SMITH"},{"data":"Biased Cognition","floor":23.0,"key":"SMITH"},{"data":"Hologram","floor":25.0,"key":"SMITH"},{"data":"Coolheaded","floor":27.0,"key":"SMITH"},{"data":"Glacier","floor":32.0,"key":"SMITH"},{"data":"Hologram","floor":42.0,"key":"SMITH"},{"floor":45.0,"key":"RECALL"},{"floor":49.0,"key":"DIG"},{"floor":53.0,"key":"DIG"}],"neow_cost":"TEN_PERCENT_HP_LOSS","seed_source_timestamp":116199116444214,"circlet_count":0,"master_deck":["AscendersBane","Defend_B","Defend_B","Defend_B+1","Defend_B+1","Zap+1","Dualcast","Core Surge","Chill","Cold Snap","Melter+1","Coolheaded+1","Biased Cognition+1","Compile Driver","Biased Cognition+1","Conserve Battery","FTL","Compile Driver","Glacier+1","Sweeping Beam","Hologram+1","Capacitor+1","Core Surge","Electrodynamics+1","Loop+1","Hologram+1","Capacitor+1","Loop+1","Defragment+1","Doom and Gloom","Redo"],"special_seed":0,"relics":["Cracked Core","Art of War","Bag of Marbles","Omamori","Ornamental Fan","Coffee Dripper","ClockworkSouvenir","Frozen Egg 2","Old Coin","Meat on the Bone","Bottled Tornado","Black Star","WingedGreaves","Unceasing Top","Shovel","Incense Burner","Calipers","Question Card","Singing Bowl","Cables","Turnip","Juzu Bracelet","Shuriken","Happy Flower","Symbiotic Virus","Vajra","War Paint","Boot","Bronze Scales"],"potions_floor_usage":[56,56],"damage_taken":[{"damage":2.0,"enemies":"Small Slimes","floor":1.0,"turns":3.0},{"damage":0.0,"enemies":"Cultist","floor":3.0,"turns":2.0},{"damage":7.0,"enemies":"Jaw Worm","floor":4.0,"turns":3.0},{"damage":11.0,"enemies":"Gremlin Nob","floor":6.0,"turns":4.0},{"damage":0.0,"enemies":"Exordium Wildlife","floor":8.0,"turns":2.0},{"damage":12.0,"enemies":"Lagavulin","floor":11.0,"turns":5.0},{"damage":7.0,"enemies":"3 Sentries","floor":13.0,"turns":10.0},{"damage":0.0,"enemies":"Red Slaver","floor":14.0,"turns":3.0},{"damage":12.0,"enemies":"The Guardian","floor":16.0,"turns":12.0},{"damage":0.0,"enemies":"Spheric Guardian","floor":18.0,"turns":2.0},{"damage":0.0,"enemies":"3 Byrds","floor":20.0,"turns":5.0},{"damage":7.0,"enemies":"Sentry and Sphere","floor":22.0,"turns":4.0},{"damage":0.0,"enemies":"Cultist and Chosen","floor":24.0,"turns":4.0},{"damage":0.0,"enemies":"3 Cultists","floor":28.0,"turns":5.0},{"damage":18.0,"enemies":"Slavers","floor":31.0,"turns":7.0},{"damage":1.0,"enemies":"Champ","floor":33.0,"turns":13.0},{"damage":0.0,"enemies":"3 Darklings","floor":35.0,"turns":3.0},{"damage":25.0,"enemies":"Orb Walker","floor":36.0,"turns":3.0},{"damage":0.0,"enemies":"Mind Bloom Boss Battle","floor":39.0,"turns":4.0},{"damage":2.0,"enemies":"Reptomancer","floor":40.0,"turns":5.0},{"damage":13.0,"enemies":"Nemesis","floor":41.0,"turns":11.0},{"damage":0.0,"enemies":"Giant Head","floor":44.0,"turns":10.0},{"damage":0.0,"enemies":"4 Shapes","floor":47.0,"turns":8.0},{"damage":0.0,"enemies":"Reptomancer","floor":48.0,"turns":5.0},{"damage":0.0,"enemies":"Time Eater","floor":50.0,"turns":15.0},{"damage":6.0,"enemies":"Awakened One","floor":51.0,"turns":15.0},{"damage":7.0,"enemies":"Shield and Spear","floor":55.0,"turns":4.0},{"damage":52,"enemies":"The Heart","floor":56,"turns":12}],"seed_played":"-5922522108924182950","potions_obtained":[{"floor":1.0,"key":"LiquidBronze"},{"floor":4.0,"key":"Dexterity Potion"},{"floor":6.0,"key":"SpeedPotion"},{"floor":14.0,"key":"Dexterity Potion"},{"floor":36.0,"key":"Block Potion"},{"floor":47.0,"key":"AttackPotion"}],"is_trial":false,"path_per_floor":["M","?","M","M","$","E","R","M","T","?","E","R","E","M","R","B",null,"M","?","M","$","M","R","M","R","T","R","M","?","$","E","R","B",null,"M","M","T","T","?","E","E","R","T","E","R","?","M","E","R","B","B",null,"R","$","E","B",null],"character_chosen":"DEFECT","items_purchased":["ClockworkSouvenir","Glacier","Meat on the Bone","Capacitor+1","PowerPotion","Doom and Gloom","Vajra","Redo","War Paint"],"campfire_rested":1,"item_purchase_floors":[21,21,30,30,54,54,54,54,54],"current_hp_per_floor":[62,62,62,55,55,44,44,44,44,33,21,40,33,33,33,21,53,53,53,53,53,46,46,46,46,46,46,46,46,46,40,40,39,58,58,33,33,33,33,43,42,42,42,42,42,42,44,44,44,44,38,59,59,59,54,14],"gold":67,"neow_bonus":"THREE_RARE_CARDS","is_prod":false,"is_daily":false,"chose_seed":false,"campfire_upgraded":7,"win_rate":0,"timestamp":1557196494,"path_taken":["M","?","M","M","$","E","R","?","T","?","E","R","E","M","R","BOSS","M","?","?","$","M","R","M","R","T","R","M","?","?","E","R","BOSS","M","M","?","?","?","E","E","R","T","E","R","?","?","E","R","BOSS","BOSS","R","$","E","BOSS"],"build_version":"2019-01-23","purchased_purges":2,"victory":true,"max_hp_per_floor":[64,64,64,64,64,64,64,64,64,64,64,64,64,64,64,64,64,64,64,64,64,64,64,64,64,64,64,64,64,64,64,64,64,64,64,64,64,64,64,64,64,64,64,64,64,64,66,66,66,66,66,66,66,66,68,68],"card_choices":[{"not_picked":["Seek","Amplify"],"picked":"Core Surge","floor":0.0},{"not_picked":["Gash","Redo"],"picked":"Chill","floor":1.0},{"not_picked":["Leap","Go for the Eyes"],"picked":"Cold Snap","floor":3.0},{"not_picked":["Recycle","Gash"],"picked":"Melter","floor":4.0},{"not_picked":["Rebound","Double Energy","Fusion"],"picked":"SKIP","floor":6.0},{"not_picked":["Rebound","Double Energy","Fusion"],"picked":"SKIP","floor":6.0},{"not_picked":["Rebound","Double Energy","Fusion"],"picked":"SKIP","floor":6.0},{"not_picked":["Gash","Lockon","Steam"],"picked":"SKIP","floor":8.0},{"not_picked":["Storm","Ball Lightning"],"picked":"Coolheaded","floor":11.0},{"not_picked":["Hologram","Sweeping Beam"],"picked":"Biased Cognition","floor":13.0},{"not_picked":["Steam","Chaos"],"picked":"Compile Driver","floor":14.0},{"not_picked":["Buffer","All For One"],"picked":"Biased Cognition","floor":16.0},{"not_picked":["Go for the Eyes","Barrage"],"picked":"Conserve Battery","floor":18.0},{"not_picked":["Fusion","Hello World"],"picked":"Compile Driver","floor":20.0},{"not_picked":["Darkness","Conserve Battery"],"picked":"Sweeping Beam","floor":22.0},{"not_picked":["Ball Lightning","Go for the Eyes"],"picked":"Hologram","floor":24.0},{"not_picked":["Lockon","Chaos","Skim"],"picked":"SKIP","floor":28.0},{"not_picked":["Thunder Strike","Skim"],"picked":"Core Surge","floor":31.0},{"not_picked":["Multi-Cast","Thunder Strike"],"picked":"Electrodynamics+1","floor":33.0},{"not_picked":["Cold Snap","Double Energy"],"picked":"Loop+1","floor":35.0},{"not_picked":["Streamline","Genetic Algorithm","Go for the Eyes"],"picked":"SKIP","floor":36.0},{"not_picked":["Compile Driver","Leap"],"picked":"Hologram","floor":39.0},{"not_picked":["Steam+1","Chaos","Leap"],"picked":"SKIP","floor":40.0},{"not_picked":["Go for the Eyes+1","Redo"],"picked":"Capacitor+1","floor":41.0},{"not_picked":["Sweeping Beam","Static Discharge+1","Redo"],"picked":"Loop+1","floor":44.0},{"not_picked":["Self Repair+1","Steam Power","Go for the Eyes","Rebound"],"picked":"Singing Bowl","floor":47.0},{"not_picked":["Redo","Storm+1","Fission"],"picked":"Defragment+1","floor":48.0},{"not_picked":["Sweeping Beam+1","Consume","FTL","Beam Cell"],"picked":"Singing Bowl","floor":55.0}],"player_experience":2270057,"relics_obtained":[{"floor":6.0,"key":"Art of War"},{"floor":9.0,"key":"Bag of Marbles"},{"floor":11.0,"key":"Omamori"},{"floor":13.0,"key":"Ornamental Fan"},{"floor":26.0,"key":"Frozen Egg 2"},{"floor":31.0,"key":"Bottled Tornado"},{"floor":37.0,"key":"WingedGreaves"},{"floor":39.0,"key":"Unceasing Top"},{"floor":40.0,"key":"Shovel"},{"floor":40.0,"key":"Incense Burner"},{"floor":41.0,"key":"Calipers"},{"floor":41.0,"key":"Question Card"},{"floor":43.0,"key":"Singing Bowl"},{"floor":44.0,"key":"Cables"},{"floor":44.0,"key":"Turnip"},{"floor":48.0,"key":"Juzu Bracelet"},{"floor":48.0,"key":"Shuriken"},{"floor":49.0,"key":"Happy Flower"},{"floor":53.0,"key":"Symbiotic Virus"},{"floor":55.0,"key":"Boot"},{"floor":55.0,"key":"Bronze Scales"}],"event_choices":[{"damage_healed":0.0,"max_hp_gain":0.0,"max_hp_loss":0.0,"gold_gain":0.0,"event_name":"Upgrade Shrine","player_choice":"Upgraded","floor":2.0,"gold_loss":0.0,"damage_taken":0.0,"cards_upgraded":["Zap"]},{"damage_healed":0.0,"max_hp_gain":0.0,"max_hp_loss":0.0,"gold_gain":75.0,"event_name":"World of Goop","player_choice":"Gather Gold","floor":10.0,"gold_loss":0.0,"damage_taken":11.0},{"damage_healed":0.0,"max_hp_gain":0.0,"max_hp_loss":0.0,"gold_gain":0.0,"cards_transformed":["Strike_B"],"event_name":"Transmorgrifier","player_choice":"Transformed","floor":19.0,"gold_loss":0.0,"damage_taken":0.0,"cards_obtained":["FTL"]},{"damage_healed":0.0,"max_hp_gain":0.0,"max_hp_loss":0.0,"gold_gain":0.0,"event_name":"The Mausoleum","player_choice":"Opened","floor":29.0,"gold_loss":0.0,"damage_taken":0.0,"relics_obtained":["Old Coin"],"cards_obtained":["Writhe"]},{"damage_healed":0.0,"max_hp_gain":0.0,"max_hp_loss":0.0,"gold_gain":0.0,"event_name":"MindBloom","player_choice":"Fight","floor":39.0,"gold_loss":0.0,"damage_taken":0.0},{"cards_removed":["Strike_B"],"damage_healed":0.0,"max_hp_gain":0.0,"max_hp_loss":0.0,"gold_gain":0.0,"event_name":"Purifier","player_choice":"Purged","floor":46.0,"gold_loss":0.0,"damage_taken":0.0}],"is_beta":false,"boss_relics":[{"not_picked":["Snecko Eye","White Beast Statue"],"picked":"Coffee Dripper"},{"not_picked":["Philosopher\u0027s Stone","Fusion Hammer"],"picked":"Black Star"}],"items_purged_floors":[5,21],"is_endless":false,"potions_floor_spawned":[1,4,6,14,20,24,36,39,47,48,55],"ascension_level":20}