{"gold_per_floor":[115,22,22,32,49,49,60,60,60,88,100,112,130,130,130,225,225,225,225,0,0,0,0,0,0,0,0,0,0],"floor_reached":29,"playtime":1622,"items_purged":["Strike_B"],"score":289,"play_id":"0881aa40-5073-42c2-8bf6-a9075363a6eb","local_time":"20180802192012","is_ascension_mode":true,"campfire_choices":[{"data":"Chaos","floor":6,"key":"SMITH"},{"data":"Zap","floor":8,"key":"SMITH"},{"data":"Capacitor","floor":15,"key":"SMITH"},{"floor":23,"key":"REST"},{"data":"Go for the Eyes","floor":27,"key":"SMITH"}],"neow_cost":"NONE","seed_source_timestamp":5642625198107,"circlet_count":0,"master_deck":["Strike_B","Strike_B","Strike_B","Defend_B","Defend_B","Defend_B","Defend_B","Zap+1","Dualcast","Rebound","Capacitor+1","Compile Driver","Cold Snap","Chaos+1","Conserve Battery","Consume+1","Auto Shields","Go for the Eyes+1","Conserve Battery","Thunder Strike","Streamline","Storm","Coolheaded+1","Redo","Glacier","Cold Snap"],"relics":["Cracked Core","Kunai","Torii","Ectoplasm","Ancient Tea Set","Orichalcum","Lantern"],"potions_floor_usage":[10,10,12,28,29],"damage_taken":[{"damage":0,"enemies":"2 Louse","floor":1,"turns":2},{"damage":0,"enemies":"Small Slimes","floor":4,"turns":3},{"damage":6,"enemies":"Cultist","floor":5,"turns":3},{"damage":2,"enemies":"Large Slime","floor":7,"turns":4},{"damage":12,"enemies":"Gremlin Nob","floor":10,"turns":3},{"damage":2,"enemies":"Gremlin Gang","floor":11,"turns":4},{"damage":14,"enemies":"Lots of Slimes","floor":12,"turns":4},{"damage":1,"enemies":"Large Slime","floor":13,"turns":5},{"damage":12,"enemies":"The Guardian","floor":16,"turns":11},{"damage":1,"enemies":"Chosen","floor":18,"turns":6},{"damage":7,"enemies":"Shell Parasite","floor":19,"turns":7},{"damage":9,"enemies":"3 Cultists","floor":21,"turns":6},{"damage":37,"enemies":"Snecko","floor":22,"turns":5},{"damage":9,"enemies":"Book of Stabbing","floor":24,"turns":6},{"damage":0,"enemies":"Centurion and Healer","floor":25,"turns":12},{"damage":7,"enemies":"Snake Plant","floor":28,"turns":5},{"damage":42,"enemies":"Gremlin Leader","floor":29,"turns":8}],"seed_played":"6532707534825125567","potions_obtained":[{"floor":5,"key":"Fire Potion"},{"floor":11,"key":"Swift Potion"},{"floor":13,"key":"SpeedPotion"},{"floor":16,"key":"LiquidBronze"},{"floor":25,"key":"Poison Potion"},{"floor":28,"key":"PowerPotion"}],"is_trial":false,"path_per_floor":["M","$","?","M","M","R","M","R","T","E","M","M","M","?","R","B",null,"M","M","$","M","M","R","E","M","T","R","M"],"character_chosen":"DEFECT","items_purchased":["Capacitor","Compile Driver","Ancient Tea Set"],"campfire_rested":1,"item_purchase_floors":[2,2,20],"current_hp_per_floor":[75,75,75,75,69,69,67,67,67,55,53,39,38,38,38,26,75,74,67,67,58,21,43,34,34,34,34,27,0],"gold":0,"neow_bonus":"THREE_SMALL_POTIONS","is_prod":false,"is_daily":false,"chose_seed":false,"campfire_upgraded":4,"win_rate":0,"timestamp":1533248412,"path_taken":["M","$","?","M","M","R","M","R","T","E","M","M","M","?","R","BOSS","M","M","$","?","M","R","E","M","T","R","M","E"],"build_version":"2018-07-12","purchased_purges":1,"victory":false,"max_hp_per_floor":[75,75,75,75,75,75,75,75,75,75,75,75,75,75,75,75,75,75,75,75,75,75,75,75,75,75,75,75,75],"card_choices":[{"not_picked":["Hologram","Steam Power"],"picked":"Rebound","floor":1},{"not_picked":["Compile Driver","Loop"],"picked":"Cold Snap","floor":4},{"not_picked":["Tempest","Turbo"],"picked":"Chaos","floor":5},{"not_picked":["Capacitor","Coolheaded"],"picked":"Conserve Battery","floor":7},{"not_picked":["Rebound","Redo"],"picked":"Consume","floor":10},{"not_picked":["Turbo","Meteor Strike"],"picked":"Auto Shields","floor":11},{"not_picked":["Stack","Turbo"],"picked":"Go for the Eyes","floor":12},{"not_picked":["Stack","Rip and Tear"],"picked":"Conserve Battery","floor":13},{"not_picked":["Meteor Strike","Machine Learning"],"picked":"Thunder Strike","floor":16},{"not_picked":["Static Discharge+1","Sweeping Beam"],"picked":"Streamline","floor":18},{"not_picked":["Conserve Battery","Gash"],"picked":"Storm","floor":19},{"not_picked":["Hologram","Rebound"],"picked":"Coolheaded+1","floor":21},{"not_picked":["Barrage+1","Aggregate"],"picked":"Redo","floor":22},{"not_picked":["Genetic Algorithm","Chill"],"picked":"Glacier","floor":24},{"not_picked":["Go for the Eyes","Sweeping Beam"],"picked":"Cold Snap","floor":25},{"not_picked":["Double Energy+1","Streamline","Biased Cognition"],"picked":"SKIP","floor":28}],"player_experience":420148,"relics_obtained":[{"floor":9,"key":"Kunai"},{"floor":10,"key":"Torii"},{"floor":24,"key":"Orichalcum"},{"floor":26,"key":"Lantern"}],"event_choices":[{"event_name":"The Cleric","player_choice":"Leave","floor":3,"damage_taken":0},{"event_name":"Upgrade Shrine","player_choice":"Upgraded","floor":14,"damage_taken":0}],"boss_relics":[{"not_picked":["Pandora\u0027s Box","Coffee Dripper"],"picked":"Ectoplasm"}],"items_purged_floors":[20],"is_endless":false,"potions_floor_spawned":[4,5,11,13,16,19,22,25,28],"killed_by":"Gremlin Leader","ascension_level":3}