{"gold_per_floor":[119,119,131,131,131,131,145,159,185,204,234,254,254,270,270,369,369,386,386,301,314,314,326,338],"floor_reached":24,"playtime":1181,"items_purged":[],"score":228,"play_id":"120f9f4b-ca5a-425e-a2ba-a67ec6458522","local_time":"20190516102854","is_ascension_mode":true,"campfire_choices":[{"data":"Neutralize","floor":6,"key":"SMITH"},{"data":"Flechettes","floor":13,"key":"SMITH"},{"floor":15,"key":"REST"},{"floor":23,"key":"REST"}],"neow_cost":"NONE","seed_source_timestamp":336114539913011,"circlet_count":0,"master_deck":["Defend_G","Defend_G","Defend_G","Defend_G","Defend_G","Strike_G","Strike_G","Strike_G","Strike_G","Survivor","Neutralize+1","Calculated Gamble","Dagger Throw","Escape Plan","Flechettes+1","Acrobatics","Backflip","Escape Plan","Bouncing Flask","Burst","Cloak And Dagger","Distraction"],"relics":["Ring of the Snake","Paper Crane","Snake Skull","Ninja Scroll","Fusion Hammer","Anchor","MawBank"],"potions_floor_usage":[],"damage_taken":[{"damage":1,"enemies":"Small Slimes","floor":1,"turns":4},{"damage":1,"enemies":"Jaw Worm","floor":3,"turns":5},{"damage":0,"enemies":"Cultist","floor":7,"turns":4},{"damage":0,"enemies":"2 Fungi Beasts","floor":8,"turns":5},{"damage":0,"enemies":"Large Slime","floor":10,"turns":10},{"damage":33,"enemies":"Lagavulin","floor":11,"turns":10},{"damage":0,"enemies":"Exordium Thugs","floor":12,"turns":4},{"damage":4,"enemies":"2 Fungi Beasts","floor":14,"turns":3},{"damage":19,"enemies":"The Guardian","floor":16,"turns":8},{"damage":0,"enemies":"Chosen","floor":18,"turns":4},{"damage":8,"enemies":"2 Thieves","floor":21,"turns":4},{"damage":78,"enemies":"Slavers","floor":24,"turns":4}],"seed_played":"1336486656741500567","potions_obtained":[{"floor":7,"key":"Ancient Potion"},{"floor":10,"key":"Energy Potion"},{"floor":11,"key":"LiquidBronze"},{"floor":21,"key":"Fire Potion"}],"is_trial":false,"path_per_floor":["M","?","M","?","T","R","M","M","T","M","E","M","R","M","R","B",null,"M","?","?","M","?","R","E"],"character_chosen":"THE_SILENT","items_purchased":[],"campfire_rested":2,"item_purchase_floors":[],"current_hp_per_floor":[69,69,68,61,61,61,61,61,61,61,28,28,28,24,45,26,70,70,57,57,49,49,71,0],"gold":338,"neow_bonus":"TRANSFORM_CARD","is_prod":false,"is_daily":false,"chose_seed":false,"campfire_upgraded":2,"win_rate":0,"timestamp":1558016934,"path_taken":["M","?","M","?","?","R","M","M","T","M","E","M","R","M","R","BOSS","M","?","?","M","?","R","E"],"build_version":"2019-01-23","purchased_purges":0,"victory":false,"max_hp_per_floor":[70,70,70,70,70,70,70,70,70,70,70,70,70,70,70,70,70,70,75,75,75,75,75,75],"card_choices":[{"not_picked":["Dodge and Roll","Bane"],"picked":"Calculated Gamble","floor":1},{"not_picked":["Flying Knee","Slice"],"picked":"Dagger Throw","floor":3},{"not_picked":["Flying Knee","Acrobatics"],"picked":"Escape Plan","floor":7},{"not_picked":["Heel Hook","Deadly Poison"],"picked":"Flechettes","floor":8},{"not_picked":["Heel Hook","Masterful Stab"],"picked":"Acrobatics","floor":10},{"not_picked":["Dash","Tactician"],"picked":"Backflip","floor":11},{"not_picked":["Choke","Eviscerate"],"picked":"Escape Plan","floor":12},{"not_picked":["Quick Slash","Blade Dance"],"picked":"Bouncing Flask","floor":14},{"not_picked":["Storm of Steel","Tools of the Trade"],"picked":"Burst","floor":16},{"not_picked":["Terror","Quick Slash"],"picked":"Cloak And Dagger","floor":18},{"not_picked":["Backflip","Infinite Blades"],"picked":"Distraction","floor":21}],"player_experience":125623,"relics_obtained":[{"floor":5,"key":"Paper Crane"},{"floor":9,"key":"Snake Skull"},{"floor":11,"key":"Ninja Scroll"},{"floor":22,"key":"MawBank"}],"event_choices":[{"damage_healed":0,"gold_gain":0,"player_choice":"Ignored","damage_taken":0,"max_hp_gain":0,"max_hp_loss":0,"event_name":"Liars Game","floor":2,"gold_loss":0},{"cards_removed":["Eviscerate"],"damage_healed":0,"gold_gain":0,"player_choice":"Card Removal","damage_taken":7,"max_hp_gain":0,"max_hp_loss":0,"event_name":"Golden Wing","floor":4,"gold_loss":0},{"damage_healed":0,"gold_gain":0,"player_choice":"Shed Blood","damage_taken":18,"max_hp_gain":5,"max_hp_loss":0,"event_name":"Forgotten Altar","floor":19,"gold_loss":0},{"damage_healed":0,"gold_gain":0,"player_choice":"Obtained Relic","damage_taken":0,"relics_obtained":["Anchor"],"max_hp_gain":0,"max_hp_loss":0,"event_name":"Addict","floor":20,"gold_loss":85},{"damage_healed":0,"gold_gain":0,"player_choice":"Relic","damage_taken":0,"max_hp_gain":0,"max_hp_loss":0,"event_name":"Wheel of Change","floor":22,"gold_loss":0}],"is_beta":false,"boss_relics":[{"not_picked":["Eternal Feather","Snecko Eye"],"picked":"Fusion Hammer"}],"items_purged_floors":[],"is_endless":false,"potions_floor_spawned":[7,10,11,16,21],"killed_by":"Slavers","ascension_level":3}