{"gold_per_floor":[113,133,148,73,90,90,104,114,114,114,144,144,162,196,196,272,272,284,284,296,296,29,29,48,63,63,98,98,131,145,161,161,235,235,253,264,283,283,8,35,35,35,35,35,135,147,176,189,189,189,189,189,189,96,128,128],"floor_reached":57,"playtime":3553,"items_purged":["Strike_R","Defend_R","Defend_R"],"score":3507,"play_id":"7d816876-6c86-4d74-91ec-b4b3e7813c79","local_time":"20190302120248","is_ascension_mode":true,"campfire_choices":[{"data":"Fiend Fire","floor":6.0,"key":"SMITH"},{"data":"Armaments","floor":15.0,"key":"SMITH"},{"data":"Offering","floor":23.0,"key":"SMITH"},{"data":"Burning Pact","floor":32.0,"key":"SMITH"},{"data":"Dark Embrace","floor":42.0,"key":"SMITH"},{"floor":49.0,"key":"RECALL"},{"data":"Rampage","floor":53.0,"key":"SMITH"}],"neow_cost":"PERCENT_DAMAGE","seed_source_timestamp":86039856624393,"circlet_count":0,"master_deck":["AscendersBane","Defend_R","Defend_R","Bash","Fiend Fire+1","Sword Boomerang","Offering+1","Inflame","Rampage+1","Power Through","Shockwave","Armaments+1","Barricade","Ghostly","Ghostly","Ghostly","Shrug It Off","Burning Pact+1","Offering","Dark Embrace+1"],"special_seed":0,"relics":["Burning Blood","Smiling Mask","Anchor","Pen Nib","Philosopher\u0027s Stone","TheAbacus","Sundial","The Courier","Mummified Hand","Runic Dome","Bottled Tornado","Strawberry","Bird Faced Urn","Pear","Art of War"],"potions_floor_usage":[56,56,56,56],"damage_taken":[{"damage":1.0,"enemies":"Cultist","floor":1.0,"turns":3.0},{"damage":0.0,"enemies":"Small Slimes","floor":2.0,"turns":3.0},{"damage":0.0,"enemies":"2 Louse","floor":3.0,"turns":2.0},{"damage":15.0,"enemies":"Exordium Wildlife","floor":5.0,"turns":5.0},{"damage":7.0,"enemies":"Large Slime","floor":7.0,"turns":5.0},{"damage":23.0,"enemies":"Lots of Slimes","floor":8.0,"turns":5.0},{"damage":6.0,"enemies":"3 Sentries","floor":11.0,"turns":7.0},{"damage":0.0,"enemies":"Looter","floor":13.0,"turns":2.0},{"damage":6.0,"enemies":"Lagavulin","floor":14.0,"turns":3.0},{"damage":18.0,"enemies":"The Guardian","floor":16.0,"turns":7.0},{"damage":6.0,"enemies":"Chosen","floor":18.0,"turns":1.0},{"damage":20.0,"enemies":"3 Byrds","floor":20.0,"turns":4.0},{"damage":6.0,"enemies":"Sentry and Sphere","floor":24.0,"turns":5.0},{"damage":6.0,"enemies":"3 Cultists","floor":25.0,"turns":8.0},{"damage":1.0,"enemies":"Gremlin Leader","floor":27.0,"turns":5.0},{"damage":7.0,"enemies":"Book of Stabbing","floor":29.0,"turns":4.0},{"damage":2.0,"enemies":"Snake Plant","floor":30.0,"turns":2.0},{"damage":15.0,"enemies":"Chosen and Byrds","floor":31.0,"turns":5.0},{"damage":2.0,"enemies":"Champ","floor":33.0,"turns":14.0},{"damage":2.0,"enemies":"Orb Walker","floor":35.0,"turns":2.0},{"damage":2.0,"enemies":"3 Shapes","floor":36.0,"turns":3.0},{"damage":8.0,"enemies":"Spire Growth","floor":37.0,"turns":3.0},{"damage":2.0,"enemies":"Giant Head","floor":40.0,"turns":5.0},{"damage":2.0,"enemies":"Mind Bloom Boss Battle","floor":45.0,"turns":2.0},{"damage":2.0,"enemies":"Sphere and 2 Shapes","floor":46.0,"turns":2.0},{"damage":6.0,"enemies":"Reptomancer","floor":47.0,"turns":2.0},{"damage":1.0,"enemies":"3 Darklings","floor":48.0,"turns":1.0},{"damage":2.0,"enemies":"Time Eater","floor":50.0,"turns":4.0},{"damage":2.0,"enemies":"Donu and Deca","floor":51.0,"turns":2.0},{"damage":2.0,"enemies":"Shield and Spear","floor":55.0,"turns":1.0},{"damage":2,"enemies":"The Heart","floor":56,"turns":4}],"seed_played":"-1148463737339539536","potions_obtained":[{"floor":3.0,"key":"SmokeBomb"},{"floor":5.0,"key":"Energy Potion"},{"floor":13.0,"key":"Explosive Potion"},{"floor":20.0,"key":"Dexterity Potion"},{"floor":24.0,"key":"AttackPotion"},{"floor":27.0,"key":"EssenceOfSteel"},{"floor":31.0,"key":"Block Potion"},{"floor":36.0,"key":"EntropicBrew"}],"is_trial":false,"path_per_floor":["M","M","M","$","M","R","M","M","T","?","E","?","M","E","R","B",null,"M","?","M","?","$","R","M","M","T","E","?","E","M","M","R","B",null,"M","M","M","?","$","E","?","R","T","$","?","M","E","M","R","B","B",null,"R","$","E","B",null],"character_chosen":"IRONCLAD","items_purchased":["TheAbacus","Bottled Tornado","Swift Potion","Swift Potion"],"campfire_rested":0,"item_purchase_floors":[22,39,39,54],"current_hp_per_floor":[55,61,67,67,58,58,57,40,40,40,40,33,39,39,39,27,63,63,63,49,37,37,37,37,37,37,37,37,36,37,28,28,32,36,37,37,35,35,35,44,44,44,44,44,44,44,54,54,54,54,54,54,54,54,54,54],"gold":128,"neow_bonus":"TRANSFORM_TWO_CARDS","is_prod":false,"is_daily":false,"chose_seed":false,"campfire_upgraded":6,"win_rate":0,"timestamp":1551499368,"path_taken":["M","?","M","$","M","R","M","M","T","?","E","?","M","E","R","BOSS","M","?","M","?","$","R","M","M","T","E","?","E","?","M","R","BOSS","M","M","M","?","$","E","?","R","T","$","?","M","E","M","R","BOSS","BOSS","R","$","E","BOSS"],"build_version":"2019-01-23","purchased_purges":3,"victory":true,"max_hp_per_floor":[75,75,75,75,75,75,75,75,75,75,75,75,75,75,75,75,75,75,75,75,37,37,37,37,37,37,37,37,37,37,37,37,37,37,37,37,37,37,37,44,44,44,44,44,44,44,54,54,54,54,54,54,54,54,54,54],"card_choices":[{"not_picked":["Sword Boomerang","Sentinel","True Grit"],"picked":"SKIP","floor":1.0},{"not_picked":["Fire Breathing","Cleave"],"picked":"Offering","floor":2.0},{"not_picked":["Body Slam","Spot Weakness"],"picked":"Inflame","floor":3.0},{"not_picked":["Pummel","Clash"],"picked":"Rampage","floor":5.0},{"not_picked":["Pommel Strike","Iron Wave"],"picked":"Power Through","floor":7.0},{"not_picked":["Dropkick","Havoc"],"picked":"Flex","floor":8.0},{"not_picked":["Havoc","Inflame"],"picked":"Armaments","floor":11.0},{"not_picked":["Fire Breathing","Iron Wave","Wild Strike"],"picked":"SKIP","floor":13.0},{"not_picked":["Berserk","Seeing Red","True Grit"],"picked":"SKIP","floor":14.0},{"not_picked":["Feed","Bludgeon"],"picked":"Barricade","floor":16.0},{"not_picked":["Cleave","Evolve"],"picked":"Flame Barrier","floor":18.0},{"not_picked":["Corruption","Carnage","Intimidate+1"],"picked":"SKIP","floor":20.0},{"not_picked":["Twin Strike","Flex"],"picked":"Shrug It Off","floor":24.0},{"not_picked":["Iron Wave","Thunderclap","Blood for Blood"],"picked":"SKIP","floor":25.0},{"not_picked":["Fire Breathing","Armaments"],"picked":"Burning Pact","floor":27.0},{"not_picked":["Cleave","Clothesline","Armaments+1"],"picked":"SKIP","floor":29.0},{"not_picked":["Bludgeon","Armaments","Anger+1"],"picked":"SKIP","floor":30.0},{"not_picked":["Cleave","Flame Barrier","Thunderclap"],"picked":"SKIP","floor":31.0},{"not_picked":["Feed","Double Tap"],"picked":"Dark Embrace","floor":33.0},{"not_picked":["Thunderclap+1","Flame Barrier","Dropkick+1"],"picked":"SKIP","floor":35.0},{"not_picked":["Sword Boomerang+1","Headbutt+1","Iron Wave"],"picked":"SKIP","floor":36.0},{"not_picked":["Armaments","Ghostly Armor","Wild Strike"],"picked":"SKIP","floor":37.0},{"not_picked":["Pummel","Clothesline","Twin Strike"],"picked":"SKIP","floor":40.0},{"not_picked":["Headbutt","Perfected Strike+1","Warcry"],"picked":"SKIP","floor":46.0},{"not_picked":["Headbutt","Perfected Strike+1","Warcry"],"picked":"SKIP","floor":46.0},{"not_picked":["Sentinel","Flex+1","Anger+1"],"picked":"SKIP","floor":47.0},{"not_picked":["Reckless Charge+1","Thunderclap","Uppercut+1"],"picked":"SKIP","floor":48.0},{"not_picked":["Infernal Blade","Entrench","Shrug It Off"],"picked":"SKIP","floor":55.0}],"player_experience":1128163,"relics_obtained":[{"floor":9.0,"key":"Smiling Mask"},{"floor":11.0,"key":"Anchor"},{"floor":14.0,"key":"Pen Nib"},{"floor":26.0,"key":"Sundial"},{"floor":27.0,"key":"The Courier"},{"floor":29.0,"key":"Mummified Hand"},{"floor":40.0,"key":"Strawberry"},{"floor":45.0,"key":"Bird Faced Urn"},{"floor":47.0,"key":"Pear"},{"floor":55.0,"key":"Art of War"}],"event_choices":[{"damage_healed":0.0,"max_hp_gain":0.0,"max_hp_loss":0.0,"gold_gain":0.0,"cards_transformed":["Strike_R"],"event_name":"Living Wall","player_choice":"Change","floor":10.0,"gold_loss":0.0,"damage_taken":0.0,"cards_obtained":["Shockwave"]},{"cards_removed":["Strike_R"],"damage_healed":0.0,"max_hp_gain":0.0,"max_hp_loss":0.0,"gold_gain":0.0,"event_name":"Golden Wing","player_choice":"Card Removal","floor":12.0,"gold_loss":0.0,"damage_taken":7.0},{"damage_healed":0.0,"max_hp_gain":0.0,"max_hp_loss":0.0,"gold_gain":0.0,"event_name":"Vampires","player_choice":"Ignored","floor":19.0,"gold_loss":0.0,"damage_taken":0.0},{"damage_healed":0.0,"max_hp_gain":0.0,"max_hp_loss":38.0,"gold_gain":0.0,"event_name":"Ghosts","player_choice":"Became a Ghost","floor":21.0,"gold_loss":0.0,"damage_taken":0.0,"cards_obtained":["Ghostly","Ghostly","Ghostly"]},{"damage_healed":0.0,"max_hp_gain":0.0,"max_hp_loss":0.0,"gold_gain":0.0,"cards_transformed":["Flame Barrier"],"event_name":"Transmorgrifier","player_choice":"Transformed","floor":28.0,"gold_loss":0.0,"damage_taken":0.0,"cards_obtained":["Offering"]},{"damage_healed":0.0,"max_hp_gain":0.0,"max_hp_loss":0.0,"gold_gain":0.0,"event_name":"Tomb of Lord Red Mask","player_choice":"Ignored","floor":38.0,"gold_loss":0.0,"damage_taken":0.0},{"cards_removed":["Flex"],"damage_healed":0.0,"max_hp_gain":0.0,"max_hp_loss":0.0,"gold_gain":0.0,"event_name":"Falling","player_choice":"Removed Skill","floor":41.0,"gold_loss":0.0,"damage_taken":0.0},{"damage_healed":0.0,"max_hp_gain":0.0,"max_hp_loss":0.0,"gold_gain":0.0,"event_name":"MindBloom","player_choice":"Fight","floor":45.0,"gold_loss":0.0,"damage_taken":0.0}],"is_beta":false,"boss_relics":[{"not_picked":["Black Blood","Fusion Hammer"],"picked":"Philosopher\u0027s Stone"},{"not_picked":["Cursed Key","White Beast Statue"],"picked":"Runic Dome"}],"items_purged_floors":[4,22,54],"is_endless":false,"potions_floor_spawned":[3,5,11,13,20,24,27,31,36,40],"ascension_level":20}