{"gold_per_floor":[111,111,127,127,92,92,117,117,143,143,175,67,97,22,22,98,98,110,123,23,23,50,50,62,62,62,62,97,112,112,142,142,219,219,238,283,283,300,300,358,377,377,377,377,408,432,451,479,479,479,479],"floor_reached":51,"playtime":2197,"items_purged":["Strike_B","Strike_B"],"score":1570,"play_id":"0e242ef1-7577-44f5-bcd4-627f1211e2c3","local_time":"20190515032438","is_ascension_mode":true,"campfire_choices":[{"data":"Zap","floor":6,"key":"SMITH"},{"data":"Barrage","floor":8,"key":"SMITH"},{"data":"Self Repair","floor":10,"key":"SMITH"},{"data":"Coolheaded","floor":15,"key":"SMITH"},{"data":"Recycle","floor":23,"key":"SMITH"},{"data":"Doom and Gloom","floor":25,"key":"SMITH"},{"data":"Go for the Eyes","floor":30,"key":"SMITH"},{"data":"Coolheaded","floor":32,"key":"SMITH"},{"data":"Blind","floor":42,"key":"SMITH"},{"floor":44,"key":"REST"},{"floor":49,"key":"RECALL"}],"neow_cost":"NONE","seed_source_timestamp":226323268204657,"circlet_count":0,"master_deck":["AscendersBane","Defend_B","Defend_B","Defend_B","Zap+1","Dualcast","Self Repair+1","Barrage+1","Coolheaded+1","Ball Lightning","Cold Snap","Electrodynamics","Compile Driver","Recycle+1","Doom and Gloom+1","Coolheaded+1","Go for the Eyes+1","Rainbow","Ball Lightning","Core Surge+1","Coolheaded+1","Hologram","All For One+1","Beam Cell+1","Compile Driver+1","Blind+1","Go for the Eyes+1","Echo Form","Steam+1","Echo Form","Double Energy+1","Loop"],"relics":["Cracked Core","NeowsBlessing","Bag of Marbles","Potion Belt","Dead Branch","Bronze Scales","Nuclear Battery","Red Mask","Pocketwatch","Molten Egg 2","Shuriken","Inserter","Thread and Needle","Tiny Chest","Dodecahedron","Lantern","Emotion Chip"],"potions_floor_usage":[11,13,22,33,36,36,50,51],"damage_taken":[{"damage":0,"enemies":"2 Louse","floor":1,"turns":1},{"damage":0,"enemies":"Jaw Worm","floor":3,"turns":1},{"damage":0,"enemies":"Lagavulin","floor":7,"turns":1},{"damage":36,"enemies":"Gremlin Nob","floor":11,"turns":4},{"damage":19,"enemies":"3 Sentries","floor":13,"turns":6},{"damage":36,"enemies":"The Guardian","floor":16,"turns":10},{"damage":20,"enemies":"Shell Parasite","floor":18,"turns":5},{"damage":0,"enemies":"Spheric Guardian","floor":19,"turns":3},{"damage":0,"enemies":"Masked Bandits","floor":22,"turns":2},{"damage":18,"enemies":"Snake Plant","floor":24,"turns":3},{"damage":13,"enemies":"Book of Stabbing","floor":28,"turns":5},{"damage":1,"enemies":"Centurion and Healer","floor":29,"turns":4},{"damage":14,"enemies":"Slavers","floor":31,"turns":2},{"damage":49,"enemies":"Champ","floor":33,"turns":10},{"damage":5,"enemies":"Orb Walker","floor":35,"turns":3},{"damage":17,"enemies":"2 Orb Walkers","floor":36,"turns":3},{"damage":0,"enemies":"3 Darklings","floor":38,"turns":4},{"damage":25,"enemies":"Nemesis","floor":40,"turns":7},{"damage":7,"enemies":"Transient","floor":41,"turns":6},{"damage":32,"enemies":"Reptomancer","floor":45,"turns":7},{"damage":10,"enemies":"Maw","floor":47,"turns":7},{"damage":5,"enemies":"Nemesis","floor":48,"turns":5},{"damage":61,"enemies":"Awakened One","floor":50,"turns":9},{"damage":41,"enemies":"Donu and Deca","floor":51,"turns":4}],"seed_played":"1054114563682025931","potions_obtained":[{"floor":7,"key":"AttackPotion"},{"floor":11,"key":"Fire Potion"},{"floor":16,"key":"Explosive Potion"},{"floor":19,"key":"SpeedPotion"},{"floor":24,"key":"Regen Potion"},{"floor":33,"key":"Fruit Juice"},{"floor":38,"key":"LiquidBronze"},{"floor":40,"key":"Dexterity Potion"},{"floor":45,"key":"Energy Potion"}],"is_trial":false,"path_per_floor":["M","?","M","?","?","R","E","R","T","R","E","$","E","$","R","B",null,"M","M","$","?","?","R","M","R","T","?","E","M","R","E","R","B",null,"M","?","?","M","?","E","M","R","T","R","E","T","M","E","R","B","B"],"character_chosen":"DEFECT","items_purchased":["Ball Lightning","Fire Potion"],"campfire_rested":1,"item_purchase_floors":[12,12],"current_hp_per_floor":[64,57,57,62,76,76,76,76,76,76,50,50,41,41,41,15,61,51,61,61,61,61,61,53,53,53,53,50,59,59,55,55,21,66,71,63,63,73,73,58,61,61,61,81,59,59,69,81,81,40,0],"gold":479,"neow_bonus":"THREE_ENEMY_KILL","is_prod":false,"is_daily":false,"chose_seed":false,"campfire_upgraded":9,"win_rate":0,"timestamp":1557901478,"path_taken":["M","?","M","?","?","R","E","R","T","R","E","$","E","$","R","BOSS","M","M","$","?","?","R","M","R","T","?","E","M","R","E","R","BOSS","M","?","?","M","?","E","?","R","T","R","E","?","M","E","R","BOSS","BOSS"],"build_version":"2019-01-23","purchased_purges":2,"victory":false,"max_hp_per_floor":[71,71,71,76,76,76,76,76,76,76,76,76,76,76,76,76,76,76,76,76,76,76,76,76,76,76,76,76,76,76,76,76,81,81,81,81,81,81,81,81,81,81,81,81,81,81,81,81,81,81,81],"card_choices":[{"not_picked":["Steam","Reprogram"],"picked":"Self Repair","floor":1},{"not_picked":["Redo","Coolheaded"],"picked":"Barrage","floor":3},{"not_picked":["Blizzard","Stack","Fusion"],"picked":"SKIP","floor":7},{"not_picked":["Blizzard","Cold Snap"],"picked":"Coolheaded","floor":11},{"not_picked":["Auto Shields","Compile Driver"],"picked":"Cold Snap","floor":13},{"not_picked":["Biased Cognition","All For One"],"picked":"Electrodynamics","floor":16},{"not_picked":["Self Repair","Darkness"],"picked":"Compile Driver","floor":18},{"not_picked":["Redo","Turbo+1"],"picked":"Recycle","floor":19},{"not_picked":["Conserve Battery","Streamline"],"picked":"Coolheaded","floor":22},{"not_picked":["Beam Cell","Hello World"],"picked":"Go for the Eyes","floor":24},{"not_picked":["Leap","Compile Driver"],"picked":"Core Surge","floor":28},{"not_picked":["Gash+1","Chaos"],"picked":"Coolheaded+1","floor":29},{"not_picked":["Turbo","Barrage+1"],"picked":"Hologram","floor":31},{"not_picked":["Rainbow","Reboot"],"picked":"All For One+1","floor":33},{"not_picked":["Steam Power","Undo"],"picked":"Beam Cell+1","floor":35},{"not_picked":["Tempest+1","Streamline+1"],"picked":"Compile Driver+1","floor":36},{"not_picked":["Magnetism","Mind Blast+1"],"picked":"Blind","floor":37},{"not_picked":["Ball Lightning+1","Darkness"],"picked":"Go for the Eyes+1","floor":38},{"not_picked":["Hologram","FTL+1"],"picked":"Echo Form","floor":40},{"not_picked":["Leap","Conserve Battery"],"picked":"Steam+1","floor":41},{"not_picked":["Coolheaded","Amplify"],"picked":"Echo Form","floor":45},{"not_picked":["Hello World","Cold Snap+1"],"picked":"Double Energy+1","floor":47},{"not_picked":["Hologram","Ball Lightning+1"],"picked":"Loop","floor":48}],"player_experience":2330013,"relics_obtained":[{"floor":7,"key":"Bag of Marbles"},{"floor":9,"key":"Potion Belt"},{"floor":11,"key":"Dead Branch"},{"floor":13,"key":"Bronze Scales"},{"floor":22,"key":"Red Mask"},{"floor":26,"key":"Pocketwatch"},{"floor":28,"key":"Molten Egg 2"},{"floor":31,"key":"Shuriken"},{"floor":36,"key":"Thread and Needle"},{"floor":40,"key":"Tiny Chest"},{"floor":45,"key":"Dodecahedron"},{"floor":46,"key":"Lantern"},{"floor":48,"key":"Emotion Chip"}],"event_choices":[{"cards_removed":["Strike_B"],"damage_healed":0,"gold_gain":0,"player_choice":"Card Removal","damage_taken":7,"max_hp_gain":0,"max_hp_loss":0,"event_name":"Golden Wing","floor":2,"gold_loss":0},{"damage_healed":0,"gold_gain":0,"player_choice":"Donut","damage_taken":0,"max_hp_gain":5,"max_hp_loss":0,"event_name":"Big Fish","floor":4,"gold_loss":0},{"damage_healed":19,"gold_gain":0,"player_choice":"Healed","damage_taken":0,"max_hp_gain":0,"max_hp_loss":0,"event_name":"The Cleric","floor":5,"gold_loss":35},{"damage_healed":0,"gold_gain":0,"player_choice":"Read","damage_taken":0,"max_hp_gain":0,"max_hp_loss":0,"event_name":"The Library","floor":21,"gold_loss":0,"cards_obtained":["Doom and Gloom"]},{"damage_healed":0,"gold_gain":0,"player_choice":"Fought Bandits","damage_taken":0,"max_hp_gain":0,"max_hp_loss":0,"event_name":"Masked Bandits","floor":22,"gold_loss":0},{"damage_healed":0,"gold_gain":0,"cards_transformed":["Strike_B","Defend_B"],"player_choice":"Became Test Subject","damage_taken":0,"max_hp_gain":0,"max_hp_loss":0,"event_name":"Drug Dealer","floor":27,"gold_loss":0,"cards_obtained":["Rainbow","Ball Lightning"]},{"damage_healed":0,"gold_gain":0,"player_choice":"Fight","damage_taken":0,"max_hp_gain":0,"max_hp_loss":0,"event_name":"Mysterious Sphere","floor":36,"gold_loss":0},{"damage_healed":0,"gold_gain":0,"player_choice":"Memory 1","damage_taken":0,"max_hp_gain":0,"max_hp_loss":0,"event_name":"SensoryStone","floor":37,"gold_loss":0},{"damage_healed":0,"gold_gain":0,"player_choice":"Ignored","damage_taken":0,"max_hp_gain":0,"max_hp_loss":0,"event_name":"SecretPortal","floor":39,"gold_loss":0}],"is_beta":false,"boss_relics":[{"not_picked":["Empty Cage","Runic Dome"],"picked":"Nuclear Battery"},{"not_picked":["Fusion Hammer","Velvet Choker"],"picked":"Inserter"}],"items_purged_floors":[14,20],"is_endless":false,"potions_floor_spawned":[7,11,16,19,24,33,38,40,45,48],"killed_by":"Donu and Deca","ascension_level":20}