{"gold_per_floor":[111,123,123,123,48,48,77,134,213,213,247,264,264,65,65,158,158,177,177,157,177,177,177],"floor_reached":23,"playtime":605,"items_purged":["Strike_R"],"score":440,"play_id":"ab3e4658-a220-48d1-b174-612fc731a862","local_time":"20190511124014","is_ascension_mode":true,"campfire_choices":[{"data":"Carnage","floor":6.0,"key":"SMITH"},{"data":"Uppercut","floor":10.0,"key":"SMITH"},{"data":"Limit Break","floor":15.0,"key":"SMITH"}],"neow_cost":"NONE","seed_source_timestamp":1393754971233303,"circlet_count":0,"master_deck":["AscendersBane","Strike_R","Strike_R","Strike_R","Defend_R","Defend_R","Defend_R","Defend_R","Bash","Carnage+1","Uppercut+1","Impervious","True Grit","Limit Break+1","Inflame","Dark Embrace","Power Through","Battle Trance","Second Wind","Sword Boomerang"],"special_seed":0,"relics":["Burning Blood","NeowsBlessing","Vajra","Shovel","Tiny Chest","Question Card","Blood Vial","Golden Idol","Orrery","Anchor"],"potions_floor_usage":[23],"damage_taken":[{"damage":0.0,"enemies":"Jaw Worm","floor":1.0,"turns":1.0},{"damage":0.0,"enemies":"2 Louse","floor":2.0,"turns":1.0},{"damage":0.0,"enemies":"Lagavulin","floor":7.0,"turns":1.0},{"damage":20.0,"enemies":"3 Sentries","floor":11.0,"turns":8.0},{"damage":3.0,"enemies":"Small Slimes","floor":12.0,"turns":3.0},{"damage":21.0,"enemies":"The Guardian","floor":16.0,"turns":9.0},{"damage":22.0,"enemies":"Shell Parasite","floor":18.0,"turns":9.0},{"damage":35.0,"enemies":"3 Byrds","floor":21.0,"turns":8.0},{"damage":24,"enemies":"Gremlin Leader","floor":23,"turns":5}],"seed_played":"-6721833977388058764","potions_obtained":[{"floor":1.0,"key":"AttackPotion"},{"floor":7.0,"key":"SpeedPotion"},{"floor":11.0,"key":"GamblersBrew"},{"floor":12.0,"key":"PowerPotion"},{"floor":18.0,"key":"Poison Potion"},{"floor":20.0,"key":"Swift Potion"},{"floor":21.0,"key":"AttackPotion"}],"is_trial":false,"path_per_floor":["M","M","?","?","$","R","E","T","T","R","E","M","?","$","R","B",null,"M","?","?","M","T","E"],"character_chosen":"IRONCLAD","items_purchased":["Limit Break","Inflame"],"campfire_rested":0,"item_purchase_floors":[14,14],"current_hp_per_floor":[74,75,64,64,64,64,70,70,70,70,56,61,61,61,61,48,63,49,49,49,22,22,0],"gold":177,"neow_bonus":"THREE_ENEMY_KILL","is_prod":false,"is_daily":false,"chose_seed":false,"campfire_upgraded":3,"win_rate":0,"timestamp":1557549614,"path_taken":["M","M","?","?","$","R","E","?","T","R","E","M","?","$","R","BOSS","M","?","?","?","?","E"],"build_version":"2019-01-23","purchased_purges":1,"victory":false,"max_hp_per_floor":[75,75,75,75,75,75,75,75,75,75,75,75,68,68,68,68,68,68,68,68,68,68,68],"card_choices":[{"not_picked":["Heavy Blade","Rampage"],"picked":"Carnage","floor":1.0},{"not_picked":["Warcry","Clash","Carnage"],"picked":"SKIP","floor":2.0},{"not_picked":["Anger","Thunderclap","Rage"],"picked":"SKIP","floor":7.0},{"not_picked":["Anger","Thunderclap","Rage"],"picked":"SKIP","floor":7.0},{"not_picked":["Shockwave","Body Slam","Searing Blow"],"picked":"Impervious","floor":11.0},{"not_picked":["Power Through","Pommel Strike","Sword Boomerang"],"picked":"True Grit","floor":12.0},{"not_picked":["Berserk","Demon Form","Exhume"],"picked":"Dark Embrace","floor":16.0},{"not_picked":["Headbutt","Entrench","Pummel"],"picked":"Power Through","floor":17.0},{"not_picked":["Pommel Strike","Corruption","Anger"],"picked":"Battle Trance","floor":17.0},{"not_picked":["Clash","Anger","Headbutt"],"picked":"Second Wind","floor":17.0},{"not_picked":["Anger","Cleave","Combust"],"picked":"Sword Boomerang","floor":17.0},{"not_picked":["Fire Breathing","Cleave","Anger","Warcry"],"picked":"SKIP","floor":18.0},{"not_picked":["Sentinel","Carnage","Uppercut","Headbutt"],"picked":"SKIP","floor":21.0}],"player_experience":1928058,"relics_obtained":[{"floor":7.0,"key":"Shovel"},{"floor":8.0,"key":"Tiny Chest"},{"floor":9.0,"key":"Question Card"},{"floor":11.0,"key":"Blood Vial"},{"floor":22.0,"key":"Anchor"}],"event_choices":[{"damage_healed":0.0,"max_hp_gain":0.0,"max_hp_loss":0.0,"gold_gain":0.0,"event_name":"Scrap Ooze","player_choice":"Success","floor":3.0,"gold_loss":0.0,"damage_taken":11.0,"relics_obtained":["Vajra"]},{"damage_healed":0.0,"max_hp_gain":0.0,"max_hp_loss":0.0,"gold_gain":0.0,"cards_transformed":["Strike_R"],"event_name":"Living Wall","player_choice":"Change","floor":4.0,"gold_loss":0.0,"damage_taken":0.0,"cards_obtained":["Uppercut"]},{"damage_healed":0.0,"max_hp_gain":0.0,"max_hp_loss":7.0,"gold_gain":0.0,"event_name":"Golden Idol","player_choice":"Lose Max HP","floor":13.0,"gold_loss":0.0,"damage_taken":0.0,"relics_obtained":["Golden Idol"]},{"damage_healed":0.0,"max_hp_gain":0.0,"max_hp_loss":0.0,"gold_gain":0.0,"event_name":"Vampires","player_choice":"Ignored","floor":19.0,"gold_loss":0.0,"damage_taken":0.0},{"damage_healed":0.0,"max_hp_gain":0.0,"max_hp_loss":0.0,"gold_gain":0.0,"event_name":"The Woman in Blue","player_choice":"Bought 1 Potion","floor":20.0,"gold_loss":0.0,"damage_taken":0.0}],"is_beta":false,"boss_relics":[{"not_picked":["Black Blood","Empty Cage"],"picked":"Orrery"}],"items_purged_floors":[5],"is_endless":false,"potions_floor_spawned":[1,7,11,12,18,21],"killed_by":"Gremlin Leader","ascension_level":20}