{"gold_per_floor":[18,18,32,46,64,64,78,78,101,131,23,23,23,54,54,54],"floor_reached":16,"playtime":587,"items_purged":[],"score":220,"play_id":"71a6567b-f956-4a98-906f-27306515c842","local_time":"20190305145401","is_ascension_mode":true,"campfire_choices":[{"data":"Body Slam","floor":6.0,"key":"SMITH"},{"data":"Feel No Pain","floor":8.0,"key":"SMITH"},{"data":"Shrug It Off","floor":15.0,"key":"SMITH"}],"neow_cost":"NO_GOLD","seed_source_timestamp":359393103461328,"circlet_count":0,"master_deck":["AscendersBane","Strike_R","Strike_R","Strike_R","Strike_R","Defend_R","Defend_R","Defend_R","Defend_R","Bash","Bloodletting+1","Body Slam+1","Feel No Pain+1","Sword Boomerang","Impervious","Evolve","Shrug It Off+1","Feed"],"special_seed":0,"relics":["Burning Blood","Mango","Omamori","Bag of Marbles","Golden Idol","Potion Belt"],"potions_floor_usage":[16],"damage_taken":[{"damage":1.0,"enemies":"2 Louse","floor":1.0,"turns":4.0},{"damage":18.0,"enemies":"Cultist","floor":3.0,"turns":5.0},{"damage":17.0,"enemies":"Small Slimes","floor":4.0,"turns":4.0},{"damage":14.0,"enemies":"3 Louse","floor":5.0,"turns":4.0},{"damage":7.0,"enemies":"Exordium Wildlife","floor":7.0,"turns":4.0},{"damage":12.0,"enemies":"3 Sentries","floor":10.0,"turns":18.0},{"damage":35.0,"enemies":"Gremlin Nob","floor":14.0,"turns":6.0},{"damage":34,"enemies":"Slime Boss","floor":16,"turns":3}],"seed_played":"-6405469052820030005","potions_obtained":[{"floor":4.0,"key":"SkillPotion"},{"floor":7.0,"key":"Dexterity Potion"},{"floor":10.0,"key":"Ancient Potion"},{"floor":14.0,"key":"AttackPotion"}],"is_trial":false,"path_per_floor":["M","?","M","M","M","R","M","R","T","E","$","?","?","E","R","B"],"character_chosen":"IRONCLAD","items_purchased":["Evolve","Shrug It Off"],"campfire_rested":0,"item_purchase_floors":[11,11],"current_hp_per_floor":[87,87,75,64,56,56,55,55,55,49,49,42,42,13,13,0],"gold":54,"neow_bonus":"ONE_RARE_RELIC","is_prod":false,"is_daily":false,"chose_seed":false,"campfire_upgraded":3,"win_rate":0,"timestamp":1551768841,"path_taken":["M","?","?","M","M","R","M","R","T","E","$","?","?","E","R","BOSS"],"build_version":"2019-01-23","purchased_purges":0,"victory":false,"max_hp_per_floor":[89,89,89,89,89,89,89,89,89,89,89,89,81,81,81,81],"card_choices":[{"not_picked":["Pommel Strike","Cleave"],"picked":"Bloodletting","floor":1.0},{"not_picked":["Sword Boomerang","Anger"],"picked":"Body Slam","floor":3.0},{"not_picked":["Flame Barrier","Anger"],"picked":"Feel No Pain","floor":4.0},{"not_picked":["Twin Strike","Dual Wield","Sword Boomerang"],"picked":"SKIP","floor":5.0},{"not_picked":["Twin Strike","Dual Wield"],"picked":"Sword Boomerang","floor":5.0},{"not_picked":["Burning Pact","Infernal Blade"],"picked":"Impervious","floor":7.0},{"not_picked":["Combust","Dropkick","Cleave"],"picked":"SKIP","floor":10.0},{"not_picked":["Blood for Blood","Clothesline"],"picked":"Feed","floor":14.0}],"player_experience":1157755,"relics_obtained":[{"floor":9.0,"key":"Omamori"},{"floor":10.0,"key":"Bag of Marbles"},{"floor":14.0,"key":"Potion Belt"}],"event_choices":[{"damage_healed":0.0,"max_hp_gain":0.0,"max_hp_loss":0.0,"gold_gain":0.0,"event_name":"Upgrade Shrine","player_choice":"Upgraded","floor":2.0,"gold_loss":0.0,"damage_taken":0.0,"cards_upgraded":["Bloodletting"]},{"cards_removed":["Strike_R"],"damage_healed":0.0,"max_hp_gain":0.0,"max_hp_loss":0.0,"gold_gain":0.0,"event_name":"Golden Wing","player_choice":"Card Removal","floor":12.0,"gold_loss":0.0,"damage_taken":7.0},{"damage_healed":0.0,"max_hp_gain":0.0,"max_hp_loss":8.0,"gold_gain":0.0,"event_name":"Golden Idol","player_choice":"Lose Max HP","floor":13.0,"gold_loss":0.0,"damage_taken":0.0,"relics_obtained":["Golden Idol"]}],"is_beta":false,"boss_relics":[],"items_purged_floors":[],"is_endless":false,"potions_floor_spawned":[4,7,10,14],"killed_by":"Slime Boss","ascension_level":20}