{"gold_per_floor":[114,30,30,30,40,65,85,85,111,111,122,8,27,57,57,131,131,149,199,199,199,214,239,189,189,212,162,194,242,192,225,225,302,302,314,264,264,264,276,305,305,319,344,369,386,417,435,435,435,435,435,435,435,163,190,190],"floor_reached":57,"playtime":3196,"items_purged":["Strike_R","Anger","Searing Blow","Bash","Rampage+1","Armaments+1"],"score":3533,"play_id":"3f293485-6b31-4978-a9e3-f16f249e1c30","local_time":"20190214232731","is_ascension_mode":true,"campfire_choices":[{"data":"Rampage","floor":8.0,"key":"SMITH"},{"data":"Pommel Strike","floor":15.0,"key":"SMITH"},{"data":"Body Slam","floor":32.0,"key":"SMITH"},{"floor":41.0,"key":"RECALL"},{"data":"Burning Pact","floor":49.0,"key":"SMITH"},{"floor":53.0,"key":"REST"}],"neow_cost":"NONE","seed_source_timestamp":0,"circlet_count":0,"master_deck":["AscendersBane","Second Wind+1","Power Through+1","Shrug It Off+1","Feel No Pain+1","Pommel Strike+1","Impervious+1","Evolve+1","Dark Embrace+1","Carnage+1","Battle Trance+1","Ghostly+1","Ghostly+1","Ghostly+1","Body Slam+1","Burning Pact+1","Feel No Pain+1"],"special_seed":0,"relics":["Burning Blood","NeowsBlessing","Anchor","Smiling Mask","Pandora\u0027s Box","Bottled Tornado","Art of War","Strawberry","Bag of Marbles","Juzu Bracelet","Philosopher\u0027s Stone","Mark of the Bloom","Oddly Smooth Stone","Boot","Red Skull","Singing Bowl","OrangePellets","Lantern"],"potions_floor_usage":[56,56],"damage_taken":[{"damage":0.0,"enemies":"Cultist","floor":1.0,"turns":1.0},{"damage":0.0,"enemies":"2 Louse","floor":5.0,"turns":1.0},{"damage":0.0,"enemies":"3 Sentries","floor":6.0,"turns":2.0},{"damage":7.0,"enemies":"Jaw Worm","floor":7.0,"turns":4.0},{"damage":0.0,"enemies":"3 Louse","floor":11.0,"turns":5.0},{"damage":0.0,"enemies":"Looter","floor":13.0,"turns":4.0},{"damage":52.0,"enemies":"Gremlin Nob","floor":14.0,"turns":5.0},{"damage":4.0,"enemies":"The Guardian","floor":16.0,"turns":11.0},{"damage":3.0,"enemies":"Shell Parasite","floor":18.0,"turns":12.0},{"damage":2.0,"enemies":"Chosen","floor":22.0,"turns":7.0},{"damage":28.0,"enemies":"Gremlin Leader","floor":23.0,"turns":9.0},{"damage":0.0,"enemies":"Slavers","floor":28.0,"turns":7.0},{"damage":0.0,"enemies":"Gremlin Leader","floor":31.0,"turns":10.0},{"damage":0.0,"enemies":"Automaton","floor":33.0,"turns":8.0},{"damage":0.0,"enemies":"3 Shapes","floor":35.0,"turns":3.0},{"damage":0.0,"enemies":"Orb Walker","floor":39.0,"turns":2.0},{"damage":0.0,"enemies":"Giant Head","floor":40.0,"turns":6.0},{"damage":0.0,"enemies":"Writhing Mass","floor":42.0,"turns":3.0},{"damage":0.0,"enemies":"Nemesis","floor":44.0,"turns":5.0},{"damage":0.0,"enemies":"3 Darklings","floor":45.0,"turns":3.0},{"damage":0.0,"enemies":"Giant Head","floor":46.0,"turns":4.0},{"damage":0.0,"enemies":"Spire Growth","floor":47.0,"turns":3.0},{"damage":0.0,"enemies":"Time Eater","floor":50.0,"turns":7.0},{"damage":0.0,"enemies":"Donu and Deca","floor":51.0,"turns":5.0},{"damage":0.0,"enemies":"Shield and Spear","floor":55.0,"turns":5.0},{"damage":0,"enemies":"The Heart","floor":56,"turns":7}],"seed_played":"-4628446262339424810","potions_obtained":[{"floor":1.0,"key":"Ancient Potion"},{"floor":6.0,"key":"SteroidPotion"},{"floor":18.0,"key":"SteroidPotion"},{"floor":23.0,"key":"Ancient Potion"},{"floor":31.0,"key":"BloodPotion"},{"floor":40.0,"key":"Dexterity Potion"},{"floor":46.0,"key":"GamblersBrew"}],"is_trial":false,"path_per_floor":["M","$","$","?","M","E","M","R","T","?","M","$","M","E","R","B",null,"M","?","?","?","M","E","$","?","T","$","E","T","$","E","R","B",null,"M","$","?","?","M","E","R","M","T","E","M","E","M","?","R","B","B",null,"R","$","E","B",null],"character_chosen":"IRONCLAD","items_purchased":["Second Wind","Feel No Pain","OrangePellets"],"campfire_rested":1,"item_purchase_floors":[2,12,54],"current_hp_per_floor":[74,74,74,79,80,80,79,79,79,55,61,61,67,21,21,23,66,69,69,40,40,40,18,18,18,18,18,31,31,31,37,37,43,46,47,47,47,47,47,47,47,47,47,47,47,47,47,47,47,47,47,47,47,47,47,47],"gold":190,"neow_bonus":"THREE_ENEMY_KILL","is_prod":false,"is_daily":false,"chose_seed":false,"campfire_upgraded":4,"win_rate":0,"timestamp":1550158051,"path_taken":["M","?","$","?","M","E","M","R","T","?","M","?","M","E","R","BOSS","M","?","?","?","M","E","$","?","T","$","E","?","?","E","R","BOSS","M","$","?","?","M","E","R","M","T","E","M","E","M","?","R","BOSS","BOSS","R","$","E","BOSS"],"build_version":"2019-01-23","purchased_purges":6,"victory":true,"max_hp_per_floor":[75,75,75,80,80,80,80,80,80,80,80,80,80,80,80,80,80,80,80,40,40,40,40,40,40,40,40,47,47,47,47,47,47,47,47,47,47,47,47,47,47,47,47,47,47,49,51,51,51,51,51,51,51,51,51,51],"card_choices":[{"not_picked":["Iron Wave","Entrench"],"picked":"Rampage","floor":1.0},{"not_picked":["True Grit","Body Slam"],"picked":"Power Through","floor":5.0},{"not_picked":["Metallicize","Reaper","Dual Wield"],"picked":"SKIP","floor":6.0},{"not_picked":["Warcry","True Grit"],"picked":"Shrug It Off","floor":7.0},{"not_picked":["Disarm","Thunderclap","Headbutt"],"picked":"SKIP","floor":11.0},{"not_picked":["Uppercut","Armaments","Thunderclap"],"picked":"SKIP","floor":13.0},{"not_picked":["Metallicize","Rage"],"picked":"Pommel Strike","floor":14.0},{"not_picked":["Iron Wave","Clothesline"],"picked":"Battle Trance","floor":18.0},{"not_picked":["Twin Strike","Iron Wave","Wild Strike"],"picked":"SKIP","floor":22.0},{"not_picked":["Power Through","Headbutt+1","Battle Trance"],"picked":"SKIP","floor":23.0},{"not_picked":["Limit Break","Clash","Wild Strike"],"picked":"SKIP","floor":28.0},{"not_picked":["Shrug It Off","Dark Embrace","Rage"],"picked":"SKIP","floor":31.0},{"not_picked":["Combust","Shrug It Off","Corruption+1"],"picked":"SKIP","floor":35.0},{"not_picked":["True Grit+1","Wild Strike+1","Armaments"],"picked":"SKIP","floor":39.0},{"not_picked":["True Grit","Reckless Charge+1","Rampage"],"picked":"SKIP","floor":40.0},{"not_picked":["Searing Blow","Blood for Blood+1"],"picked":"Burning Pact","floor":42.0},{"not_picked":["Uppercut","Reckless Charge+1","Body Slam"],"picked":"SKIP","floor":44.0},{"not_picked":["Body Slam","Inflame","Sentinel"],"picked":"SKIP","floor":45.0},{"not_picked":["Anger+1","Rupture","Pummel"],"picked":"Singing Bowl","floor":46.0},{"not_picked":["Reckless Charge","Thunderclap+1","Flex+1"],"picked":"Singing Bowl","floor":47.0},{"not_picked":["Thunderclap","Dropkick"],"picked":"Feel No Pain+1","floor":55.0}],"player_experience":898098,"relics_obtained":[{"floor":6.0,"key":"Anchor"},{"floor":14.0,"key":"Smiling Mask"},{"floor":23.0,"key":"Bottled Tornado"},{"floor":26.0,"key":"Art of War"},{"floor":28.0,"key":"Strawberry"},{"floor":29.0,"key":"Bag of Marbles"},{"floor":31.0,"key":"Juzu Bracelet"},{"floor":40.0,"key":"Oddly Smooth Stone"},{"floor":43.0,"key":"Boot"},{"floor":44.0,"key":"Red Skull"},{"floor":46.0,"key":"Singing Bowl"},{"floor":55.0,"key":"Lantern"}],"event_choices":[{"damage_healed":0.0,"max_hp_gain":5.0,"max_hp_loss":0.0,"gold_gain":0.0,"event_name":"Big Fish","player_choice":"Donut","floor":4.0,"gold_loss":0.0,"damage_taken":0.0},{"damage_healed":0.0,"max_hp_gain":0.0,"max_hp_loss":0.0,"gold_gain":0.0,"event_name":"Shining Light","player_choice":"Entered Light","floor":10.0,"gold_loss":0.0,"damage_taken":24.0,"cards_upgraded":["Defend_R","Strike_R"]},{"damage_healed":0.0,"max_hp_gain":0.0,"max_hp_loss":0.0,"gold_gain":50.0,"event_name":"Nest","player_choice":"Stole From Cult","floor":19.0,"gold_loss":0.0,"damage_taken":0.0},{"damage_healed":0.0,"max_hp_gain":0.0,"max_hp_loss":40.0,"gold_gain":0.0,"event_name":"Ghosts","player_choice":"Became a Ghost","floor":20.0,"gold_loss":0.0,"damage_taken":0.0,"cards_obtained":["Ghostly","Ghostly","Ghostly"]},{"damage_healed":0.0,"max_hp_gain":0.0,"max_hp_loss":0.0,"gold_gain":0.0,"event_name":"The Mausoleum","player_choice":"Ignored","floor":21.0,"gold_loss":0.0,"damage_taken":0.0},{"damage_healed":0.0,"max_hp_gain":0.0,"max_hp_loss":0.0,"gold_gain":0.0,"event_name":"The Library","player_choice":"Read","floor":25.0,"gold_loss":0.0,"damage_taken":0.0,"cards_obtained":["Body Slam"]},{"damage_healed":0.0,"max_hp_gain":0.0,"max_hp_loss":0.0,"gold_gain":0.0,"event_name":"SensoryStone","player_choice":"Memory 1","floor":37.0,"gold_loss":0.0,"damage_taken":0.0},{"damage_healed":0.0,"max_hp_gain":0.0,"max_hp_loss":0.0,"gold_gain":0.0,"event_name":"MindBloom","player_choice":"Upgrade","floor":38.0,"gold_loss":0.0,"damage_taken":0.0,"cards_upgraded":["Second Wind","Power Through","Shrug It Off","Feel No Pain","Impervious","Evolve","Dark Embrace","Armaments","Evolve","Carnage","Battle Trance","Ghostly","Ghostly","Ghostly"],"relics_obtained":["Mark of the Bloom"]},{"cards_removed":["Evolve"],"damage_healed":4.0,"max_hp_gain":0.0,"max_hp_loss":0.0,"gold_gain":0.0,"event_name":"Bonfire Elementals","player_choice":"Offered Uncommon","floor":48.0,"gold_loss":0.0,"damage_taken":0.0}],"is_beta":false,"boss_relics":[{"not_picked":["Black Star","Empty Cage"],"picked":"Pandora\u0027s Box"},{"not_picked":["Black Blood","Orrery"],"picked":"Philosopher\u0027s Stone"}],"items_purged_floors":[12,24,27,30,36,54],"is_endless":false,"potions_floor_spawned":[1,6,7,13,14,18,23,31,40,42,44,46,55],"ascension_level":20}