{"gold_per_floor":[19,19,31,48,60,60,72,107,107,124,124,153,209,209],"floor_reached":14,"playtime":373,"items_purged":[],"score":204,"play_id":"66a8149f-1b3b-41b1-bc97-0f018966bd9e","local_time":"20190505155446","is_ascension_mode":true,"campfire_choices":[{"data":"Bash","floor":6,"key":"SMITH"},{"data":"Spot Weakness","floor":11,"key":"SMITH"}],"neow_cost":"NO_GOLD","seed_source_timestamp":4985265787833,"circlet_count":0,"master_deck":["AscendersBane","Strike_R","Strike_R","Strike_R","Strike_R","Defend_R","Defend_R","Defend_R","Defend_R","Bash+1","Twin Strike","Spot Weakness+1","Flame Barrier","Shrug It Off","Thunderclap","Reaper","Sword Boomerang","Headbutt"],"special_seed":0,"relics":["Burning Blood","Anchor","Blue Candle","Toxic Egg 2"],"potions_floor_usage":[8,8,12],"damage_taken":[{"damage":15.0,"enemies":"Small Slimes","floor":1.0,"turns":4.0},{"damage":1.0,"enemies":"Cultist","floor":3.0,"turns":3.0},{"damage":0.0,"enemies":"2 Louse","floor":4.0,"turns":3.0},{"damage":13.0,"enemies":"Exordium Wildlife","floor":5.0,"turns":5.0},{"damage":15,"enemies":"Lots of Slimes","floor":7,"turns":4},{"damage":26,"enemies":"Lagavulin","floor":8,"turns":7},{"damage":1,"enemies":"Red Slaver","floor":10,"turns":3},{"damage":12,"enemies":"3 Sentries","floor":12,"turns":5},{"damage":60,"enemies":"Gremlin Nob","floor":13,"turns":5},{"damage":9,"enemies":"Exordium Wildlife","floor":14,"turns":1}],"seed_played":"-2064191864901843588","potions_obtained":[{"floor":4.0,"key":"Block Potion"},{"floor":5.0,"key":"Weak Potion"},{"floor":8,"key":"Energy Potion"}],"is_trial":false,"path_per_floor":["M","?","M","M","M","R","M","E","T","M","R","E","?","M"],"character_chosen":"IRONCLAD","items_purchased":[],"campfire_rested":0,"item_purchase_floors":[],"current_hp_per_floor":[73,73,78,84,77,77,68,48,48,53,53,59,9,0],"gold":209,"neow_bonus":"TWENTY_PERCENT_HP_BONUS","is_prod":false,"is_daily":false,"chose_seed":false,"campfire_upgraded":2,"win_rate":0,"timestamp":1557082486,"path_taken":["M","?","M","?","M","R","M","E","T","M","R","E","?","M"],"build_version":"2019-01-23","purchased_purges":0,"victory":false,"max_hp_per_floor":[89,89,89,89,89,89,89,89,89,89,89,89,89,89],"card_choices":[{"not_picked":["Body Slam","Rage"],"picked":"Twin Strike","floor":1.0},{"not_picked":["Entrench","Infernal Blade"],"picked":"Spot Weakness","floor":3.0},{"not_picked":["Sword Boomerang","Body Slam"],"picked":"Flame Barrier","floor":4.0},{"not_picked":["Blood for Blood","Armaments"],"picked":"Shrug It Off","floor":5.0},{"not_picked":["Armaments","Fire Breathing"],"picked":"Thunderclap","floor":7},{"not_picked":["Heavy Blade","Sentinel"],"picked":"Reaper","floor":8},{"not_picked":["Hemokinesis","Sword Boomerang","Warcry"],"picked":"SKIP","floor":10},{"not_picked":["Hemokinesis","Warcry"],"picked":"Sword Boomerang","floor":10},{"not_picked":["Clothesline","Twin Strike"],"picked":"Headbutt","floor":12}],"player_experience":2255520,"relics_obtained":[{"floor":8,"key":"Anchor"},{"floor":12,"key":"Blue Candle"},{"floor":13,"key":"Toxic Egg 2"}],"event_choices":[{"cards_removed":["Strike_R"],"damage_healed":0.0,"max_hp_gain":0.0,"max_hp_loss":0.0,"gold_gain":0.0,"event_name":"Bonfire Elementals","player_choice":"Offered Basic","floor":2.0,"gold_loss":0.0,"damage_taken":0.0},{"damage_healed":0,"gold_gain":0,"player_choice":"Searched \u00271\u0027 times","damage_taken":0,"max_hp_gain":0,"max_hp_loss":0,"event_name":"Dead Adventurer","floor":13,"gold_loss":0}],"is_beta":false,"boss_relics":[],"items_purged_floors":[],"is_endless":false,"potions_floor_spawned":[4,5,8],"killed_by":"Exordium Wildlife","ascension_level":20}