{"gold_per_floor":[109,109,32,49,68,68,87,87,111,36,55,55,73,106,106,177,177,188,88,99,99,14,14,14,14,94,104,29,47,47,67,67,138,138,151,171,46,46,65,94,94,105,105,0,0,12,12,25,25,25,25,25,25,25,51,51],"floor_reached":57,"playtime":3811,"items_purged":["Strike_R","Bash","Evolve"],"score":3493,"play_id":"0a2b61ad-c791-423f-b6d4-a7c6c20888a2","local_time":"20190323135033","is_ascension_mode":true,"campfire_choices":[{"data":"Entrench","floor":6.0,"key":"SMITH"},{"data":"Bloodletting","floor":12.0,"key":"SMITH"},{"data":"Barricade","floor":15.0,"key":"SMITH"},{"data":"Body Slam","floor":23.0,"key":"SMITH"},{"data":"True Grit","floor":24.0,"key":"SMITH"},{"data":"Burning Pact","floor":25.0,"key":"SMITH"},{"data":"Pommel Strike","floor":32.0,"key":"SMITH"},{"data":"Dark Embrace","floor":45.0,"key":"SMITH"},{"floor":49.0,"key":"RECALL"},{"data":"Evolve","floor":53.0,"key":"SMITH"}],"neow_cost":"TEN_PERCENT_HP_LOSS","seed_source_timestamp":697082447677466,"circlet_count":0,"master_deck":["AscendersBane","Bloodletting+1","Feel No Pain","Feed","Evolve+1","Burning Pact+1","Entrench+1","Carnage+1","Barricade+1","Immolate","Juggernaut","True Grit+1","Pommel Strike+1","Disarm","Body Slam+1","Dark Embrace+1","Power Through","Battle Trance+1"],"special_seed":0,"relics":["Burning Blood","Red Skull","Ancient Tea Set","Pandora\u0027s Box","MutagenicStrength","WingedGreaves","Matryoshka","Orichalcum","Art of War","Mark of Pain","Bag of Preparation","Pantograph","Boot","Red Mask","Vajra"],"potions_floor_usage":[],"damage_taken":[{"damage":12.0,"enemies":"Cultist","floor":1.0,"turns":5.0},{"damage":14.0,"enemies":"Small Slimes","floor":4.0,"turns":6.0},{"damage":8.0,"enemies":"Jaw Worm","floor":5.0,"turns":5.0},{"damage":6.0,"enemies":"Large Slime","floor":7.0,"turns":6.0},{"damage":10.0,"enemies":"Looter","floor":11.0,"turns":4.0},{"damage":10.0,"enemies":"Gremlin Gang","floor":13.0,"turns":6.0},{"damage":20.0,"enemies":"Lagavulin","floor":14.0,"turns":6.0},{"damage":33.0,"enemies":"Slime Boss","floor":16.0,"turns":41.0},{"damage":13.0,"enemies":"Spheric Guardian","floor":18.0,"turns":4.0},{"damage":20.0,"enemies":"Shell Parasite","floor":20.0,"turns":8.0},{"damage":0.0,"enemies":"Cultist and Chosen","floor":27.0,"turns":6.0},{"damage":9.0,"enemies":"3 Cultists","floor":29.0,"turns":4.0},{"damage":23.0,"enemies":"Shelled Parasite and Fungi","floor":31.0,"turns":10.0},{"damage":0.0,"enemies":"Automaton","floor":33.0,"turns":9.0},{"damage":8.0,"enemies":"Orb Walker","floor":35.0,"turns":4.0},{"damage":30.0,"enemies":"3 Darklings","floor":36.0,"turns":7.0},{"damage":20.0,"enemies":"4 Shapes","floor":39.0,"turns":4.0},{"damage":24.0,"enemies":"Nemesis","floor":40.0,"turns":5.0},{"damage":26.0,"enemies":"Jaw Worm Horde","floor":42.0,"turns":7.0},{"damage":3.0,"enemies":"Writhing Mass","floor":46.0,"turns":11.0},{"damage":3.0,"enemies":"Spire Growth","floor":48.0,"turns":4.0},{"damage":18.0,"enemies":"Awakened One","floor":50.0,"turns":7.0},{"damage":3.0,"enemies":"Time Eater","floor":51.0,"turns":7.0},{"damage":8.0,"enemies":"Shield and Spear","floor":55.0,"turns":7.0},{"damage":83,"enemies":"The Heart","floor":56,"turns":14}],"seed_played":"5365110183836877776","potions_obtained":[{"floor":1.0,"key":"FearPotion"},{"floor":5.0,"key":"Fire Potion"},{"floor":11.0,"key":"Explosive Potion"},{"floor":13.0,"key":"SpeedPotion"},{"floor":16.0,"key":"Fire Potion"},{"floor":29.0,"key":"Dexterity Potion"},{"floor":35.0,"key":"GamblersBrew"},{"floor":39.0,"key":"SpeedPotion"},{"floor":55.0,"key":"Explosive Potion"}],"is_trial":false,"path_per_floor":["M","?","$","M","M","R","M","?","T","$","M","R","M","E","R","B",null,"M","$","M","?","?","R","R","R","T","M","?","M","T","M","R","B",null,"M","M","$","$","M","E","?","M","T","?","R","M","?","M","R","B","B",null,"R","$","E","B",null],"character_chosen":"IRONCLAD","items_purchased":["Evolve"],"campfire_rested":0,"item_purchase_floors":[3],"current_hp_per_floor":[62,62,62,57,58,58,61,61,61,61,57,57,56,42,42,18,67,60,60,46,46,46,46,46,46,46,55,55,55,55,38,38,47,81,82,61,61,61,50,32,32,15,15,15,15,21,21,27,27,43,74,102,102,102,103,37],"gold":51,"neow_bonus":"TRANSFORM_TWO_CARDS","is_prod":false,"is_daily":false,"chose_seed":false,"campfire_upgraded":9,"win_rate":0,"timestamp":1553320233,"path_taken":["M","?","?","M","?","R","M","?","T","$","?","R","M","E","R","BOSS","M","$","?","?","?","R","R","R","T","M","?","M","?","M","R","BOSS","M","?","?","$","M","E","?","?","T","?","R","M","?","M","R","BOSS","BOSS","R","$","E","BOSS"],"build_version":"2019-01-23","purchased_purges":3,"victory":true,"max_hp_per_floor":[68,68,68,71,74,74,77,77,77,77,77,77,80,80,80,83,83,83,83,83,83,83,83,83,83,83,86,86,89,89,89,89,92,92,95,98,98,98,101,101,101,104,104,104,104,107,102,105,105,108,111,111,111,111,114,114],"card_choices":[{"not_picked":["Rage","Havoc"],"picked":"Bloodletting","floor":1.0},{"not_picked":["Iron Wave","Pommel Strike"],"picked":"Burning Pact","floor":4.0},{"not_picked":["Armaments","Shockwave"],"picked":"Entrench","floor":5.0},{"not_picked":["Warcry","Armaments"],"picked":"Carnage","floor":7.0},{"not_picked":["Anger","Fire Breathing","Clash"],"picked":"SKIP","floor":11.0},{"not_picked":["Disarm","Sword Boomerang"],"picked":"True Grit","floor":13.0},{"not_picked":["Cleave","Thunderclap"],"picked":"Barricade","floor":14.0},{"not_picked":["Shrug It Off","Armaments+1"],"picked":"Body Slam","floor":18.0},{"not_picked":["Bloodletting","Spot Weakness"],"picked":"Shrug It Off","floor":20.0},{"not_picked":["Sentinel","Evolve","Disarm"],"picked":"SKIP","floor":27.0},{"not_picked":["Entrench","Dropkick","Heavy Blade+1"],"picked":"SKIP","floor":29.0},{"not_picked":["Disarm","Iron Wave","Reckless Charge"],"picked":"SKIP","floor":31.0},{"not_picked":["Impervious","Limit Break"],"picked":"Dark Embrace","floor":33.0},{"not_picked":["Armaments","Combust","Sword Boomerang"],"picked":"SKIP","floor":35.0},{"not_picked":["Burning Pact+1","Flex","Twin Strike"],"picked":"SKIP","floor":36.0},{"not_picked":["Pommel Strike","Shrug It Off+1","Intimidate"],"picked":"SKIP","floor":39.0},{"not_picked":["Shrug It Off","Cleave"],"picked":"Power Through","floor":40.0},{"not_picked":["Perfected Strike","Immolate"],"picked":"Battle Trance+1","floor":42.0},{"not_picked":["Sword Boomerang","Dual Wield+1","Flame Barrier"],"picked":"SKIP","floor":46.0},{"not_picked":["Anger","Dual Wield","True Grit"],"picked":"SKIP","floor":48.0},{"not_picked":["Disarm","Sword Boomerang+1","Armaments+1"],"picked":"SKIP","floor":55.0}],"player_experience":1354019,"relics_obtained":[{"floor":9.0,"key":"Red Skull"},{"floor":14.0,"key":"Ancient Tea Set"},{"floor":26.0,"key":"Matryoshka"},{"floor":30.0,"key":"Orichalcum"},{"floor":30.0,"key":"Art of War"},{"floor":40.0,"key":"Bag of Preparation"},{"floor":43.0,"key":"Boot"},{"floor":55.0,"key":"Vajra"}],"event_choices":[{"damage_healed":0.0,"max_hp_gain":0.0,"max_hp_loss":0.0,"gold_gain":0.0,"event_name":"Match and Keep!","player_choice":"2 cards matched","floor":2.0,"gold_loss":0.0,"damage_taken":0.0,"cards_obtained":["Feel No Pain","Feed"]},{"damage_healed":0.0,"max_hp_gain":0.0,"max_hp_loss":0.0,"gold_gain":0.0,"event_name":"Accursed Blacksmith","player_choice":"Forge","floor":8.0,"gold_loss":0.0,"damage_taken":0.0,"cards_upgraded":["Carnage"]},{"damage_healed":0.0,"max_hp_gain":0.0,"max_hp_loss":0.0,"gold_gain":0.0,"event_name":"Drug Dealer","player_choice":"Inject Mutagens","floor":21.0,"gold_loss":0.0,"damage_taken":0.0,"relics_obtained":["MutagenicStrength"]},{"damage_healed":0.0,"max_hp_gain":0.0,"max_hp_loss":0.0,"gold_gain":0.0,"event_name":"Addict","player_choice":"Obtained Relic","floor":22.0,"gold_loss":85.0,"damage_taken":0.0,"relics_obtained":["WingedGreaves"]},{"cards_removed":["True Grit"],"damage_healed":0.0,"max_hp_gain":0.0,"max_hp_loss":0.0,"gold_gain":0.0,"event_name":"Beggar","player_choice":"Gave Gold","floor":28.0,"gold_loss":75.0,"damage_taken":0.0},{"cards_removed":["Shrug It Off"],"damage_healed":0.0,"max_hp_gain":0.0,"max_hp_loss":0.0,"gold_gain":0.0,"event_name":"WeMeetAgain","player_choice":"Gave Card","floor":41.0,"gold_loss":0.0,"damage_taken":0.0,"relics_obtained":["Pantograph"]},{"damage_healed":0.0,"max_hp_gain":0.0,"max_hp_loss":0.0,"gold_gain":0.0,"event_name":"Tomb of Lord Red Mask","player_choice":"Paid","floor":44.0,"gold_loss":105.0,"damage_taken":0.0,"relics_obtained":["Red Mask"]},{"damage_healed":0.0,"max_hp_gain":0.0,"max_hp_loss":5.0,"gold_gain":0.0,"event_name":"Winding Halls","player_choice":"Max HP","floor":47.0,"gold_loss":0.0,"damage_taken":0.0}],"is_beta":false,"boss_relics":[{"not_picked":["Calling Bell","Astrolabe"],"picked":"Pandora\u0027s Box"},{"not_picked":["Snecko Eye","Lizard Tail"],"picked":"Mark of Pain"}],"items_purged_floors":[10,19,37],"is_endless":false,"potions_floor_spawned":[1,5,11,13,16,20,27,29,35,39,46,55],"ascension_level":20}