{"gold_per_floor":[110,124,124,274,293,293,318,0,25,37,37,37,47,82,82,159,159,182,229,251,263,275,287,299,311,323,346,358,390,122,148,148,226,226,236,161,173,48,60,88,88,118,118,138,138,165,183,233,233,233,233,233,233,30,57,57],"floor_reached":57,"playtime":2471,"items_purged":["Doubt","Strike_R","Defend_R","Sword Boomerang"],"score":3460,"play_id":"1ba43285-01ea-497b-b06f-477e570d6d2c","local_time":"20190308095047","is_ascension_mode":true,"campfire_choices":[{"data":"True Grit","floor":6.0,"key":"SMITH"},{"data":"Pommel Strike","floor":15.0,"key":"SMITH"},{"data":"Burning Pact","floor":23.0,"key":"SMITH"},{"data":"Pommel Strike","floor":25.0,"key":"SMITH"},{"data":"Evolve","floor":28.0,"key":"SMITH"},{"data":"Master of Strategy","floor":32.0,"key":"SMITH"},{"data":"Shrug It Off","floor":41.0,"key":"SMITH"},{"floor":49.0,"key":"RECALL"},{"floor":53,"key":"REST"}],"neow_cost":"TEN_PERCENT_HP_LOSS","seed_source_timestamp":597903751358297,"circlet_count":0,"master_deck":["AscendersBane","Defend_R+1","Defend_R+1","Carnage+1","True Grit+1","Inflame","Pummel","Shrug It Off+1","Pommel Strike+1","Fiend Fire","Clumsy","Clumsy","Pommel Strike+1","Burning Pact+1","Evolve+1","Master of Strategy+1","Offering+1","Offering+1","Flame Barrier+1","Intimidate+1"],"special_seed":0,"relics":["Burning Blood","Art of War","Brimstone","Bag of Marbles","Sundial","Dodecahedron","Calling Bell","MawBank","Matryoshka","FossilizedHelix","Red Mask","Spirit Poop","War Paint","Blue Candle","Toxic Egg 2","Empty Cage","Frozen Egg 2","Anchor","Lantern","Question Card","Ornamental Fan"],"potions_floor_usage":[51,56],"damage_taken":[{"damage":3.0,"enemies":"Cultist","floor":1.0,"turns":5.0},{"damage":0.0,"enemies":"Jaw Worm","floor":2.0,"turns":3.0},{"damage":1.0,"enemies":"2 Louse","floor":5.0,"turns":3.0},{"damage":7.0,"enemies":"Lagavulin","floor":7.0,"turns":7.0},{"damage":1.0,"enemies":"Red Slaver","floor":10.0,"turns":2.0},{"damage":7.0,"enemies":"Exordium Thugs","floor":13.0,"turns":3.0},{"damage":0.0,"enemies":"Gremlin Nob","floor":14.0,"turns":2.0},{"damage":17.0,"enemies":"The Guardian","floor":16.0,"turns":7.0},{"damage":8.0,"enemies":"Shell Parasite","floor":18.0,"turns":3.0},{"damage":16.0,"enemies":"Masked Bandits","floor":19.0,"turns":3.0},{"damage":22.0,"enemies":"2 Thieves","floor":20.0,"turns":3.0},{"damage":0.0,"enemies":"Centurion and Healer","floor":27.0,"turns":3.0},{"damage":10.0,"enemies":"Cultist and Chosen","floor":29.0,"turns":4.0},{"damage":0.0,"enemies":"Gremlin Leader","floor":31.0,"turns":4.0},{"damage":6.0,"enemies":"Collector","floor":33.0,"turns":2.0},{"damage":14.0,"enemies":"3 Darklings","floor":35.0,"turns":3.0},{"damage":0.0,"enemies":"Orb Walker","floor":37.0,"turns":2.0},{"damage":0.0,"enemies":"Sphere and 2 Shapes","floor":39.0,"turns":3.0},{"damage":6.0,"enemies":"Nemesis","floor":40.0,"turns":4.0},{"damage":0.0,"enemies":"Giant Head","floor":42.0,"turns":3.0},{"damage":6.0,"enemies":"Spire Growth","floor":44.0,"turns":2.0},{"damage":12.0,"enemies":"Nemesis","floor":46.0,"turns":3.0},{"damage":0.0,"enemies":"Maw","floor":47.0,"turns":4.0},{"damage":27.0,"enemies":"Time Eater","floor":50.0,"turns":7.0},{"damage":6,"enemies":"Donu and Deca","floor":51,"turns":3},{"damage":0,"enemies":"Shield and Spear","floor":55,"turns":2},{"damage":6,"enemies":"The Heart","floor":56,"turns":5}],"seed_played":"-2060538583722571741","potions_obtained":[{"floor":1.0,"key":"SteroidPotion"},{"floor":5.0,"key":"Weak Potion"},{"floor":10.0,"key":"EntropicBrew"},{"floor":40.0,"key":"GamblersBrew"}],"is_trial":false,"path_per_floor":["M","M","?","?","M","R","E","$","T","M","T","$","M","E","R","B",null,"M","?","M","$","?","R","$","R","T","M","R","M","$","E","R","B",null,"M","?","M","$","M","E","R","E","T","M","?","E","M","?","R","B","B",null,"R","$","E","B",null],"character_chosen":"IRONCLAD","items_purchased":["Brimstone","Sword Boomerang","Master of Strategy","Fire Potion"],"campfire_rested":1,"item_purchase_floors":[8,8,30,54],"current_hp_per_floor":[68,68,68,68,68,68,67,67,67,68,68,68,67,68,68,57,65,63,53,37,37,37,37,37,37,37,43,43,39,39,45,45,45,62,54,54,60,60,66,66,66,68,68,68,68,62,68,62,62,41,41,61,68,68,68,68],"gold":57,"neow_bonus":"REMOVE_TWO","is_prod":false,"is_daily":false,"chose_seed":false,"campfire_upgraded":7,"win_rate":0,"timestamp":1552009847,"path_taken":["M","?","?","?","M","R","E","$","T","M","?","?","?","E","R","BOSS","M","?","M","$","?","R","$","R","T","?","R","M","$","E","R","BOSS","M","?","M","$","?","E","R","E","T","M","?","E","M","?","R","BOSS","BOSS","R","$","E","BOSS"],"build_version":"2019-01-23","purchased_purges":4,"victory":true,"max_hp_per_floor":[68,68,68,68,68,68,68,68,68,68,68,68,68,68,68,68,68,68,68,68,68,68,68,68,68,68,68,68,68,68,68,68,68,68,68,68,68,68,68,68,68,68,68,68,68,68,68,68,68,68,68,68,68,68,68,68],"card_choices":[{"not_picked":["Hemokinesis","Feel No Pain"],"picked":"Carnage","floor":1.0},{"not_picked":["Headbutt","Warcry"],"picked":"True Grit","floor":2.0},{"not_picked":["Havoc","Sentinel"],"picked":"Inflame","floor":5.0},{"not_picked":["Spot Weakness","Berserk"],"picked":"Pummel","floor":7.0},{"not_picked":["Warcry","Anger","Iron Wave"],"picked":"SKIP","floor":10.0},{"not_picked":["Clothesline","Uppercut"],"picked":"Shrug It Off","floor":13.0},{"not_picked":["Infernal Blade","Clash"],"picked":"Pommel Strike","floor":14.0},{"not_picked":["Berserk","Barricade"],"picked":"Fiend Fire","floor":16.0},{"not_picked":["Clothesline","Shrug It Off"],"picked":"Pommel Strike","floor":18.0},{"not_picked":["Impervious","Ghostly Armor"],"picked":"Burning Pact","floor":20.0},{"not_picked":["Thunderclap","Body Slam"],"picked":"Evolve","floor":27.0},{"not_picked":["Armaments","Power Through","Ghostly Armor"],"picked":"SKIP","floor":29.0},{"not_picked":["Carnage","Perfected Strike+1"],"picked":"Offering","floor":31.0},{"not_picked":["Fiend Fire","Berserk"],"picked":"Offering+1","floor":33.0},{"not_picked":["Headbutt","Sentinel+1","Uppercut"],"picked":"SKIP","floor":35.0},{"not_picked":["Body Slam","Sword Boomerang","Blood for Blood"],"picked":"SKIP","floor":37.0},{"not_picked":["Shrug It Off+1","Rage+1","Thunderclap+1"],"picked":"SKIP","floor":39.0},{"not_picked":["Flex+1","Brutality","Heavy Blade"],"picked":"SKIP","floor":40.0},{"not_picked":["Flame Barrier+1","Armaments+1","Shrug It Off+1"],"picked":"SKIP","floor":42.0},{"not_picked":["Armaments+1","Flex+1","Entrench+1"],"picked":"SKIP","floor":44.0},{"not_picked":["Cleave+1","Dual Wield+1","Perfected Strike"],"picked":"SKIP","floor":46.0},{"not_picked":["Reckless Charge","Anger+1","Rupture+1","Headbutt"],"picked":"SKIP","floor":47.0},{"not_picked":["Armaments+1","Body Slam","Evolve+1","Cleave+1"],"picked":"SKIP","floor":55}],"player_experience":1188849,"relics_obtained":[{"floor":7.0,"key":"Art of War"},{"floor":9.0,"key":"Bag of Marbles"},{"floor":11.0,"key":"Sundial"},{"floor":14.0,"key":"Dodecahedron"},{"floor":17.0,"key":"MawBank"},{"floor":17.0,"key":"Matryoshka"},{"floor":17.0,"key":"FossilizedHelix"},{"floor":19.0,"key":"Red Mask"},{"floor":26.0,"key":"War Paint"},{"floor":26.0,"key":"Blue Candle"},{"floor":31.0,"key":"Toxic Egg 2"},{"floor":40.0,"key":"Frozen Egg 2"},{"floor":42.0,"key":"Anchor"},{"floor":43.0,"key":"Lantern"},{"floor":46.0,"key":"Question Card"},{"floor":55,"key":"Ornamental Fan"}],"event_choices":[{"damage_healed":0.0,"max_hp_gain":0.0,"max_hp_loss":0.0,"gold_gain":0.0,"event_name":"Living Wall","player_choice":"Grow","floor":3.0,"gold_loss":0.0,"damage_taken":0.0,"cards_upgraded":["Carnage"]},{"damage_healed":0.0,"max_hp_gain":0.0,"max_hp_loss":0.0,"gold_gain":150.0,"event_name":"Liars Game","player_choice":"AGREE","floor":4.0,"gold_loss":0.0,"damage_taken":0.0,"cards_obtained":["Doubt"]},{"damage_healed":0.0,"max_hp_gain":0.0,"max_hp_loss":0.0,"gold_gain":0.0,"event_name":"Masked Bandits","player_choice":"Fought Bandits","floor":19.0,"gold_loss":0.0,"damage_taken":0.0},{"cards_removed":["Normality"],"damage_healed":0.0,"max_hp_gain":0.0,"max_hp_loss":0.0,"gold_gain":0.0,"event_name":"Bonfire Elementals","player_choice":"Offered Curse","floor":22.0,"gold_loss":0.0,"damage_taken":0.0,"relics_obtained":["Spirit Poop"]},{"damage_healed":0.0,"max_hp_gain":0.0,"max_hp_loss":0.0,"gold_gain":0.0,"cards_transformed":["Bash","Defend_R"],"event_name":"Designer","player_choice":"Transformed Cards","floor":36.0,"gold_loss":75.0,"damage_taken":0.0,"cards_obtained":["Flame Barrier","Intimidate"]},{"damage_healed":0.0,"max_hp_gain":0.0,"max_hp_loss":0.0,"gold_gain":0.0,"event_name":"SensoryStone","player_choice":"Memory 1","floor":45.0,"gold_loss":0.0,"damage_taken":0.0},{"damage_healed":0.0,"max_hp_gain":0.0,"max_hp_loss":0.0,"gold_gain":50.0,"event_name":"FaceTrader","player_choice":"Touch","floor":48.0,"gold_loss":0.0,"damage_taken":6.0}],"is_beta":false,"boss_relics":[{"not_picked":["Busted Crown","Cursed Key"],"picked":"Calling Bell"},{"not_picked":["Velvet Choker","Mark of Pain"],"picked":"Empty Cage"}],"items_purged_floors":[8,30,38,54],"is_endless":false,"potions_floor_spawned":[1,5,10,20,27,31,37,40,44],"ascension_level":20}