{"gold_per_floor":[116,116,116,135,60,85,103,133,133,133,33,68,68,84,84,183,183,201,217,237,251,126,126,126,143,170,170,85,85,118,129,129,234,284,303,317,329,179,190,190,224,224,224,235,235,60,77,88,88,88],"floor_reached":51,"playtime":1690,"items_purged":["Strike_R","Strike_R","Strike_R","Strike_R","Defend_R"],"score":933,"play_id":"1432b428-1701-4809-84ab-a9eae3454c45","local_time":"20190501154920","is_ascension_mode":true,"campfire_choices":[{"data":"Searing Blow","floor":10,"key":"SMITH"},{"floor":13,"key":"REST"},{"data":"Armaments","floor":15,"key":"SMITH"},{"data":"Searing Blow+1","floor":23,"key":"SMITH"},{"data":"Searing Blow+2","floor":27,"key":"SMITH"},{"data":"Searing Blow+3","floor":29,"key":"SMITH"},{"data":"Searing Blow+4","floor":32,"key":"SMITH"},{"data":"Searing Blow+5","floor":40,"key":"SMITH"},{"data":"Searing Blow+6","floor":45,"key":"SMITH"},{"floor":49,"key":"REST"}],"neow_cost":"NONE","seed_source_timestamp":24131753509828,"circlet_count":0,"master_deck":["Strike_R+1","Defend_R","Bash","Cleave","Searing Blow+7","Armaments+1","Double Tap","Thunderclap+1","Armaments","Dropkick+1","Blind","Headbutt+1"],"relics":["Burning Blood","Anchor","Bag of Preparation","Singing Bowl","Red Skull","Oddly Smooth Stone","Strawberry","Sozu","PreservedInsect","Matryoshka","Bottled Flame","Tiny House","Self Forming Clay","Lantern","Potion Belt"],"potions_floor_usage":[36,50,50],"damage_taken":[{"damage":2,"enemies":"2 Louse","floor":1,"turns":3},{"damage":0,"enemies":"Jaw Worm","floor":4,"turns":3},{"damage":40,"enemies":"3 Sentries","floor":6,"turns":9},{"damage":0,"enemies":"Small Slimes","floor":7,"turns":2},{"damage":32,"enemies":"Gremlin Nob","floor":8,"turns":4},{"damage":25,"enemies":"Lagavulin","floor":12,"turns":5},{"damage":1,"enemies":"Exordium Wildlife","floor":14,"turns":4},{"damage":29,"enemies":"Slime Boss","floor":16,"turns":7},{"damage":14,"enemies":"Spheric Guardian","floor":18,"turns":4},{"damage":11,"enemies":"2 Thieves","floor":19,"turns":4},{"damage":13,"enemies":"Centurion and Healer","floor":20,"turns":6},{"damage":12,"enemies":"Snecko","floor":21,"turns":4},{"damage":23,"enemies":"Shelled Parasite and Fungi","floor":25,"turns":7},{"damage":5,"enemies":"Slavers","floor":30,"turns":3},{"damage":0,"enemies":"Centurion and Healer","floor":31,"turns":3},{"damage":28,"enemies":"Automaton","floor":33,"turns":6},{"damage":5,"enemies":"3 Shapes","floor":35,"turns":3},{"damage":18,"enemies":"3 Darklings","floor":36,"turns":6},{"damage":29,"enemies":"4 Shapes","floor":37,"turns":6},{"damage":31,"enemies":"Transient","floor":39,"turns":5},{"damage":7,"enemies":"Giant Head","floor":41,"turns":5},{"damage":0,"enemies":"Jaw Worm Horde","floor":44,"turns":2},{"damage":8,"enemies":"4 Shapes","floor":47,"turns":4},{"damage":9,"enemies":"3 Darklings","floor":48,"turns":3},{"damage":62,"enemies":"Awakened One","floor":50,"turns":7}],"seed_played":"6685669225228025120","potions_obtained":[{"floor":1,"key":"SteroidPotion"},{"floor":8,"key":"Dexterity Potion"},{"floor":12,"key":"Fire Potion"},{"floor":16,"key":"AttackPotion"}],"is_trial":false,"path_per_floor":["M","?","?","M","$","E","M","E","T","R","$","E","R","M","R","B",null,"M","M","M","M","$","R","?","M","T","R","?","R","E","M","R","B",null,"M","M","M","$","M","R","E","?","T","M","R","$","M","M","R","B",null],"character_chosen":"IRONCLAD","items_purchased":[],"campfire_rested":2,"item_purchase_floors":[],"current_hp_per_floor":[80,73,73,79,79,45,53,27,27,27,27,17,44,51,51,28,93,87,82,77,73,73,73,73,58,58,58,58,58,61,69,69,49,112,114,102,81,81,58,58,59,59,59,67,67,67,65,64,101,45],"gold":88,"neow_bonus":"RANDOM_COMMON_RELIC","is_prod":false,"is_daily":false,"chose_seed":false,"campfire_upgraded":8,"win_rate":0,"timestamp":1556743760,"path_taken":["M","?","?","M","$","E","M","E","T","R","$","E","R","M","R","BOSS","M","M","M","M","$","R","?","M","T","R","?","R","E","M","R","BOSS","M","M","M","$","M","R","E","?","T","M","R","$","M","?","R","BOSS"],"build_version":"2019-01-23","purchased_purges":5,"victory":true,"max_hp_per_floor":[80,80,80,80,80,80,82,82,82,82,82,91,91,93,93,93,93,95,95,97,99,99,99,99,101,101,101,101,101,103,105,105,107,112,114,114,116,116,118,118,120,120,120,122,122,122,122,124,124,124],"card_choices":[{"not_picked":["Bloodletting","Perfected Strike","Spot Weakness"],"picked":"SKIP","floor":1},{"not_picked":["Heavy Blade","Sword Boomerang"],"picked":"Cleave","floor":4},{"not_picked":["Headbutt","Anger"],"picked":"Searing Blow","floor":6},{"not_picked":["Heavy Blade","Ghostly Armor","Shockwave"],"picked":"Singing Bowl","floor":7},{"not_picked":["Pommel Strike","Body Slam"],"picked":"Armaments","floor":8},{"not_picked":["Infernal Blade","Twin Strike","Disarm"],"picked":"Singing Bowl","floor":12},{"not_picked":["Wild Strike","Dual Wield","Iron Wave"],"picked":"Singing Bowl","floor":14},{"not_picked":["Immolate","Berserk"],"picked":"Double Tap","floor":16},{"not_picked":["Pummel","Iron Wave+1","Heavy Blade"],"picked":"Singing Bowl","floor":18},{"not_picked":["Seeing Red+1","Infernal Blade+1"],"picked":"Thunderclap+1","floor":19},{"not_picked":["Heavy Blade","Clash","Flex+1"],"picked":"Singing Bowl","floor":20},{"not_picked":["Intimidate","Disarm+1","Twin Strike"],"picked":"Singing Bowl","floor":21},{"not_picked":["Disarm+1","Feel No Pain","Dual Wield+1"],"picked":"Singing Bowl","floor":25},{"not_picked":["Warcry","Pummel","Sever Soul+1"],"picked":"Singing Bowl","floor":30},{"not_picked":["Corruption","Clothesline","Cleave"],"picked":"Singing Bowl","floor":31},{"not_picked":["Brutality","Fiend Fire","Exhume"],"picked":"Singing Bowl","floor":33},{"not_picked":["Cleave","Battle Trance"],"picked":"Armaments","floor":34},{"not_picked":["Burning Pact+1","Dropkick","Havoc"],"picked":"Singing Bowl","floor":35},{"not_picked":["Cleave","Rampage+1"],"picked":"Dropkick+1","floor":36},{"not_picked":["Cleave","Heavy Blade+1","True Grit+1"],"picked":"Singing Bowl","floor":37},{"not_picked":["Clothesline+1","Reckless Charge","Heavy Blade"],"picked":"Singing Bowl","floor":39},{"not_picked":["Searing Blow","Perfected Strike","True Grit"],"picked":"Singing Bowl","floor":41},{"not_picked":["Entrench","True Grit","Dual Wield"],"picked":"Singing Bowl","floor":44},{"not_picked":["Demon Form","Burning Pact"],"picked":"Headbutt+1","floor":47},{"not_picked":["Whirlwind","Warcry+1","Uppercut"],"picked":"Singing Bowl","floor":48}],"player_experience":118541,"relics_obtained":[{"floor":6,"key":"Singing Bowl"},{"floor":8,"key":"Red Skull"},{"floor":9,"key":"Oddly Smooth Stone"},{"floor":12,"key":"Strawberry"},{"floor":26,"key":"PreservedInsect"},{"floor":30,"key":"Bottled Flame"},{"floor":41,"key":"Self Forming Clay"},{"floor":43,"key":"Lantern"},{"floor":43,"key":"Potion Belt"}],"event_choices":[{"damage_healed":0,"gold_gain":0,"player_choice":"Success","damage_taken":7,"relics_obtained":["Bag of Preparation"],"max_hp_gain":0,"max_hp_loss":0,"event_name":"Scrap Ooze","floor":2,"gold_loss":0},{"cards_removed":["Defend_R"],"damage_healed":0,"gold_gain":0,"player_choice":"Forget","damage_taken":0,"max_hp_gain":0,"max_hp_loss":0,"event_name":"Living Wall","floor":3,"gold_loss":0},{"cards_removed":["Defend_R"],"damage_healed":0,"gold_gain":0,"player_choice":"Elegance","damage_taken":0,"max_hp_gain":0,"max_hp_loss":0,"event_name":"Back to Basics","floor":24,"gold_loss":0},{"damage_healed":0,"gold_gain":0,"player_choice":"Obtained Relic","damage_taken":0,"relics_obtained":["Matryoshka"],"max_hp_gain":0,"max_hp_loss":0,"event_name":"Addict","floor":28,"gold_loss":85},{"damage_healed":0,"gold_gain":0,"player_choice":"1 cards matched","damage_taken":0,"max_hp_gain":0,"max_hp_loss":0,"event_name":"Match and Keep!","floor":42,"gold_loss":0,"cards_obtained":["Blind"]}],"is_beta":false,"boss_relics":[{"not_picked":["Snecko Eye","Ectoplasm"],"picked":"Sozu"},{"not_picked":["Runic Cube","White Beast Statue"],"picked":"Tiny House"}],"items_purged_floors":[5,11,22,38,46],"is_endless":false,"potions_floor_spawned":[1,8,12,16,20,25,30,31,35,37,48],"ascension_level":4}