{"gold_per_floor":[112,112,123,134,147,147,179,179,202,217,217,240,273,289,289,365,365,384,404,404,404,416,416,441,441,441,460,488,270,270,298,298,374,374,386,404,404,417,433,433,462,474,486,511,552,564,605,517,517,517,517,517,517,36,71,71],"floor_reached":57,"playtime":2216,"items_purged":["Strike_R","Defend_R","Bash"],"score":2970,"play_id":"07e32323-1dbb-44aa-8ca4-528713a46e95","local_time":"20190513010943","is_ascension_mode":true,"campfire_choices":[{"data":"Searing Blow","floor":6.0,"key":"SMITH"},{"data":"Searing Blow+1","floor":8.0,"key":"SMITH"},{"data":"Searing Blow+2","floor":11.0,"key":"SMITH"},{"data":"Searing Blow+3","floor":15.0,"key":"SMITH"},{"data":"Searing Blow+4","floor":23.0,"key":"SMITH"},{"data":"Searing Blow+5","floor":25.0,"key":"SMITH"},{"data":"Searing Blow+6","floor":30.0,"key":"SMITH"},{"data":"Searing Blow+7","floor":32.0,"key":"SMITH"},{"data":"Searing Blow+8","floor":40.0,"key":"SMITH"},{"data":"Searing Blow+9","floor":42.0,"key":"SMITH"},{"data":"Searing Blow+10","floor":46.0,"key":"SMITH"},{"floor":49.0,"key":"RECALL"},{"data":"Searing Blow+11","floor":53.0,"key":"SMITH"}],"neow_cost":"TEN_PERCENT_HP_LOSS","seed_source_timestamp":1522682563409158,"circlet_count":0,"master_deck":["AscendersBane","Defend_R","Defend_R","Defend_R","Second Wind","Searing Blow+12","Armaments+1","Seeing Red","True Grit+1","Disarm","Evolve","Shrug It Off","Double Tap","Power Through","Feel No Pain","Body Slam","Feel No Pain"],"special_seed":0,"relics":["Burning Blood","Boot","War Paint","Lantern","Cursed Key","Calipers","Unceasing Top","Bronze Scales","Lizard Tail","MawBank","Orichalcum","Omamori","Anchor","Bag of Marbles"],"potions_floor_usage":[56,56,56,56],"damage_taken":[{"damage":4.0,"enemies":"Small Slimes","floor":1.0,"turns":4.0},{"damage":7.0,"enemies":"Jaw Worm","floor":3.0,"turns":5.0},{"damage":6.0,"enemies":"Cultist","floor":4.0,"turns":5.0},{"damage":3.0,"enemies":"Blue Slaver","floor":5.0,"turns":4.0},{"damage":37.0,"enemies":"Lagavulin","floor":7.0,"turns":9.0},{"damage":0.0,"enemies":"3 Louse","floor":10.0,"turns":4.0},{"damage":18.0,"enemies":"3 Sentries","floor":13.0,"turns":15.0},{"damage":3.0,"enemies":"Exordium Thugs","floor":14.0,"turns":4.0},{"damage":0.0,"enemies":"Slime Boss","floor":16.0,"turns":10.0},{"damage":0.0,"enemies":"Spheric Guardian","floor":18.0,"turns":3.0},{"damage":0.0,"enemies":"Chosen","floor":19.0,"turns":3.0},{"damage":15.0,"enemies":"Sentry and Sphere","floor":22.0,"turns":9.0},{"damage":27.0,"enemies":"Book of Stabbing","floor":24.0,"turns":6.0},{"damage":6.0,"enemies":"Snecko","floor":27.0,"turns":5.0},{"damage":22.0,"enemies":"Gremlin Leader","floor":28.0,"turns":7.0},{"damage":6.0,"enemies":"Book of Stabbing","floor":31.0,"turns":3.0},{"damage":22.0,"enemies":"Collector","floor":33.0,"turns":7.0},{"damage":0.0,"enemies":"Orb Walker","floor":35.0,"turns":1.0},{"damage":18.0,"enemies":"3 Darklings","floor":36.0,"turns":8.0},{"damage":0.0,"enemies":"Jaw Worm Horde","floor":38.0,"turns":5.0},{"damage":1.0,"enemies":"4 Shapes","floor":39.0,"turns":5.0},{"damage":6.0,"enemies":"Nemesis","floor":41.0,"turns":5.0},{"damage":1.0,"enemies":"Writhing Mass","floor":44.0,"turns":4.0},{"damage":29.0,"enemies":"Reptomancer","floor":45.0,"turns":9.0},{"damage":0.0,"enemies":"Nemesis","floor":47.0,"turns":1.0},{"damage":27.0,"enemies":"Awakened One","floor":50.0,"turns":9.0},{"damage":19.0,"enemies":"Donu and Deca","floor":51.0,"turns":8.0},{"damage":28.0,"enemies":"Shield and Spear","floor":55.0,"turns":4.0},{"damage":14,"enemies":"The Heart","floor":56,"turns":10}],"seed_played":"-9081928353141358268","potions_obtained":[{"floor":3.0,"key":"GamblersBrew"},{"floor":7.0,"key":"SpeedPotion"},{"floor":10.0,"key":"Dexterity Potion"},{"floor":13.0,"key":"LiquidBronze"},{"floor":24.0,"key":"Fire Potion"},{"floor":27.0,"key":"BloodPotion"},{"floor":28.0,"key":"BloodPotion"},{"floor":36.0,"key":"SneckoOil"},{"floor":41.0,"key":"Ancient Potion"},{"floor":45.0,"key":"SkillPotion"},{"floor":47.0,"key":"LiquidBronze"}],"is_trial":false,"path_per_floor":["M","?","M","M","M","R","E","R","T","M","R","T","E","M","R","B",null,"M","M","?","?","M","R","E","R","T","M","E","$","R","E","R","B",null,"M","M","?","M","M","R","E","R","T","M","E","R","E","$","R","B","B",null,"R","$","E","B",null],"character_chosen":"IRONCLAD","items_purchased":["Feel No Pain","Swift Potion","EntropicBrew","Ancient Potion","Anchor"],"campfire_rested":0,"item_purchase_floors":[29,29,54,54,54],"current_hp_per_floor":[68,61,60,60,63,63,32,32,32,38,38,38,26,29,29,35,60,66,68,68,68,59,59,38,38,38,38,28,28,28,34,34,18,56,62,50,50,56,61,61,61,61,61,66,43,43,49,49,49,28,15,55,55,55,33,31],"gold":71,"neow_bonus":"TRANSFORM_TWO_CARDS","is_prod":false,"is_daily":false,"chose_seed":false,"campfire_upgraded":12,"win_rate":0,"timestamp":1557680983,"path_taken":["M","?","M","M","M","R","E","R","T","M","R","?","E","M","R","BOSS","M","?","?","?","?","R","E","R","T","M","E","$","R","E","R","BOSS","M","M","?","M","?","R","E","R","T","M","E","R","E","?","R","BOSS","BOSS","R","$","E","BOSS"],"build_version":"2019-01-23","purchased_purges":3,"victory":true,"max_hp_per_floor":[68,68,68,68,68,68,68,68,68,68,68,68,68,68,68,68,68,68,68,68,68,68,68,68,68,68,68,68,68,68,68,68,68,68,68,68,68,68,68,68,68,68,68,68,68,68,68,68,68,68,68,68,68,68,68,68],"card_choices":[{"not_picked":["Body Slam","Rupture"],"picked":"Armaments","floor":1.0},{"not_picked":["Flex","Entrench"],"picked":"Seeing Red","floor":3.0},{"not_picked":["Infernal Blade","Perfected Strike","Intimidate"],"picked":"SKIP","floor":4.0},{"not_picked":["Warcry","Perfected Strike"],"picked":"True Grit","floor":5.0},{"not_picked":["Spot Weakness","Flame Barrier"],"picked":"Disarm","floor":7.0},{"not_picked":["Searing Blow","Iron Wave","Headbutt"],"picked":"SKIP","floor":10.0},{"not_picked":["True Grit","Barricade"],"picked":"Evolve","floor":13.0},{"not_picked":["Inflame","Flex"],"picked":"Shrug It Off","floor":14.0},{"not_picked":["Limit Break","Demon Form"],"picked":"Double Tap","floor":16.0},{"not_picked":["Sword Boomerang","Flex","Wild Strike"],"picked":"SKIP","floor":18.0},{"not_picked":["Anger","Pommel Strike+1"],"picked":"Power Through","floor":19.0},{"not_picked":["Reckless Charge","Shrug It Off","Wild Strike"],"picked":"SKIP","floor":22.0},{"not_picked":["Reckless Charge","Shrug It Off","Wild Strike"],"picked":"SKIP","floor":22.0},{"not_picked":["Heavy Blade","Inflame","Rampage"],"picked":"SKIP","floor":24.0},{"not_picked":["Power Through","Rage","Havoc"],"picked":"SKIP","floor":27.0},{"not_picked":["Heavy Blade+1","Double Tap","Clash"],"picked":"SKIP","floor":28.0},{"not_picked":["Pommel Strike","Warcry","Bloodletting"],"picked":"SKIP","floor":31.0},{"not_picked":["Bloodletting","Anger","Sword Boomerang+1"],"picked":"SKIP","floor":35.0},{"not_picked":["Uppercut","Bloodletting"],"picked":"Body Slam","floor":36.0},{"not_picked":["Sword Boomerang","Body Slam+1","Armaments"],"picked":"SKIP","floor":38.0},{"not_picked":["Wild Strike","Sword Boomerang","Iron Wave"],"picked":"SKIP","floor":39.0},{"not_picked":["Flex","Hemokinesis","Intimidate"],"picked":"SKIP","floor":41.0},{"not_picked":["Infernal Blade","Sword Boomerang+1","Twin Strike"],"picked":"SKIP","floor":44.0},{"not_picked":["Sever Soul","Thunderclap","Demon Form"],"picked":"SKIP","floor":45.0},{"not_picked":["Spot Weakness","Uppercut","Wild Strike+1"],"picked":"SKIP","floor":47.0},{"not_picked":["Carnage","Flex+1","Shrug It Off"],"picked":"SKIP","floor":55.0}],"player_experience":1946540,"relics_obtained":[{"floor":7.0,"key":"Boot"},{"floor":12.0,"key":"War Paint"},{"floor":13.0,"key":"Lantern"},{"floor":24.0,"key":"Calipers"},{"floor":28.0,"key":"Unceasing Top"},{"floor":31.0,"key":"Bronze Scales"},{"floor":41.0,"key":"MawBank"},{"floor":45.0,"key":"Orichalcum"},{"floor":47.0,"key":"Omamori"},{"floor":55.0,"key":"Bag of Marbles"}],"event_choices":[{"cards_removed":["Strike_R"],"damage_healed":0.0,"max_hp_gain":0.0,"max_hp_loss":0.0,"gold_gain":0.0,"event_name":"Golden Wing","player_choice":"Card Removal","floor":2.0,"gold_loss":0.0,"damage_taken":7.0},{"damage_healed":0.0,"max_hp_gain":0.0,"max_hp_loss":0.0,"gold_gain":0.0,"event_name":"Vampires","player_choice":"Ignored","floor":20.0,"gold_loss":0.0,"damage_taken":0.0},{"cards_removed":["Strike_R"],"damage_healed":0.0,"max_hp_gain":0.0,"max_hp_loss":0.0,"gold_gain":0.0,"event_name":"Bonfire Elementals","player_choice":"Offered Basic","floor":21.0,"gold_loss":0.0,"damage_taken":0.0},{"damage_healed":0.0,"max_hp_gain":0.0,"max_hp_loss":0.0,"gold_gain":0.0,"event_name":"Duplicator","player_choice":"Copied","floor":37.0,"gold_loss":0.0,"damage_taken":0.0,"cards_obtained":["Feel No Pain"]}],"is_beta":false,"boss_relics":[{"not_picked":["Eternal Feather","Empty Cage"],"picked":"Cursed Key"},{"not_picked":["Runic Cube","Busted Crown"],"picked":"Lizard Tail"}],"items_purged_floors":[29,48,54],"is_endless":false,"potions_floor_spawned":[3,7,10,13,19,24,27,28,36,41,45,47],"ascension_level":20}