{"gold_per_floor":[110,110,185,202,202,230,9,9,33,66,66,101,115,135,135,208,208,222,222,236,254,254,254,266,301,301,301,320,355,355,381,381,453,453,468,468,568,263,263,263],"floor_reached":40,"playtime":977,"items_purged":["Strike_R"],"score":1166,"play_id":"47ef44dc-6036-4c07-840b-59f6526e392d","local_time":"20190409181429","is_ascension_mode":true,"campfire_choices":[{"data":"Carnage","floor":8.0,"key":"SMITH"},{"data":"Entrench","floor":11.0,"key":"SMITH"},{"data":"Body Slam","floor":15.0,"key":"SMITH"},{"data":"Double Tap","floor":23.0,"key":"SMITH"},{"data":"Sword Boomerang","floor":27.0,"key":"SMITH"},{"data":"Bloodletting","floor":30.0,"key":"SMITH"},{"data":"True Grit","floor":32,"key":"SMITH"}],"neow_cost":"NONE","seed_source_timestamp":27290466506607,"circlet_count":0,"master_deck":["AscendersBane","Strike_R+1","Defend_R","Defend_R+1","Defend_R","Defend_R","Bash","Entrench+1","Carnage+1","Feel No Pain","Sword Boomerang+1","Body Slam+1","Double Tap+1","True Grit+1","Disarm","Bloodletting+1","Shockwave"],"special_seed":0,"relics":["Burning Blood","NeowsBlessing","Art of War","Brimstone","Bag of Preparation","Girya","Bottled Tornado","Odd Mushroom","Runic Dome","Anchor","Strawberry","Champion Belt","Happy Flower","Empty Cage","Nunchaku","Medical Kit"],"potions_floor_usage":[],"damage_taken":[{"damage":0.0,"enemies":"Small Slimes","floor":1.0,"turns":1.0},{"damage":0.0,"enemies":"2 Louse","floor":4.0,"turns":2.0},{"damage":0.0,"enemies":"3 Sentries","floor":6.0,"turns":2.0},{"damage":17.0,"enemies":"Lagavulin","floor":10.0,"turns":3.0},{"damage":0.0,"enemies":"Gremlin Nob","floor":12.0,"turns":2.0},{"damage":0.0,"enemies":"Jaw Worm","floor":13.0,"turns":2.0},{"damage":10.0,"enemies":"The Mushroom Lair","floor":14.0,"turns":3.0},{"damage":0.0,"enemies":"Slime Boss","floor":16.0,"turns":5.0},{"damage":12.0,"enemies":"Shell Parasite","floor":18.0,"turns":2.0},{"damage":0.0,"enemies":"Spheric Guardian","floor":20.0,"turns":1.0},{"damage":9.0,"enemies":"Cultist and Chosen","floor":21.0,"turns":4.0},{"damage":0.0,"enemies":"Shelled Parasite and Fungi","floor":24.0,"turns":2.0},{"damage":33.0,"enemies":"Book of Stabbing","floor":25.0,"turns":3.0},{"damage":1.0,"enemies":"Centurion and Healer","floor":28.0,"turns":5.0},{"damage":21.0,"enemies":"Slavers","floor":29.0,"turns":4.0},{"damage":0,"enemies":"Gremlin Leader","floor":31,"turns":3},{"damage":37,"enemies":"Champ","floor":33,"turns":9},{"damage":43,"enemies":"3 Darklings","floor":35,"turns":6},{"damage":3,"enemies":"Mind Bloom Boss Battle","floor":37,"turns":3},{"damage":75,"enemies":"Nemesis","floor":40,"turns":10}],"seed_played":"4645058160271455176","potions_obtained":[{"floor":6.0,"key":"Energy Potion"},{"floor":12.0,"key":"Block Potion"},{"floor":13.0,"key":"Explosive Potion"},{"floor":20.0,"key":"SkillPotion"},{"floor":21.0,"key":"Strength Potion"},{"floor":33,"key":"SpeedPotion"},{"floor":37,"key":"Energy Potion"}],"is_trial":false,"path_per_floor":["M","?","?","M","?","E","$","R","T","E","R","E","M","?","R","B",null,"M","?","M","M","?","R","M","E","T","R","M","E","R","E","R","B",null,"M","?","?","$","?","E"],"character_chosen":"IRONCLAD","items_purchased":["Brimstone","Medical Kit"],"campfire_rested":0,"item_purchase_floors":[7,38],"current_hp_per_floor":[74,67,56,62,39,45,45,45,45,34,34,40,46,42,42,48,68,62,55,61,58,58,58,64,37,44,44,49,34,34,40,40,9,64,27,67,67,67,64,0],"gold":263,"neow_bonus":"THREE_ENEMY_KILL","is_prod":false,"is_daily":false,"chose_seed":false,"campfire_upgraded":7,"win_rate":0,"timestamp":1554804869,"path_taken":["M","?","?","M","?","E","$","R","T","E","R","E","?","?","R","BOSS","M","?","M","?","?","R","M","E","T","R","M","E","R","E","R","BOSS","M","?","?","?","?","E"],"build_version":"2019-01-23","purchased_purges":1,"victory":false,"max_hp_per_floor":[75,75,75,75,75,75,75,75,75,75,75,75,75,75,75,75,75,75,75,75,75,75,75,75,75,82,82,82,82,82,82,82,82,82,82,67,67,67,64,64],"card_choices":[{"not_picked":["Flex","Shrug It Off"],"picked":"Entrench","floor":1.0},{"not_picked":["Headbutt","Heavy Blade"],"picked":"Carnage","floor":4.0},{"not_picked":["Blood for Blood","Searing Blow","Warcry"],"picked":"SKIP","floor":6.0},{"not_picked":["Ghostly Armor","Thunderclap"],"picked":"Feel No Pain","floor":10.0},{"not_picked":["Headbutt","Reckless Charge","Clash"],"picked":"SKIP","floor":12.0},{"not_picked":["Rage","Clothesline"],"picked":"Sword Boomerang","floor":13.0},{"not_picked":["Hemokinesis","Immolate"],"picked":"Body Slam","floor":14.0},{"not_picked":["Dark Embrace","Demon Form"],"picked":"Double Tap","floor":16.0},{"not_picked":["Thunderclap","Cleave"],"picked":"True Grit","floor":18.0},{"not_picked":["Clothesline+1","Sword Boomerang+1","True Grit"],"picked":"SKIP","floor":20.0},{"not_picked":["Headbutt","Heavy Blade"],"picked":"Disarm","floor":21.0},{"not_picked":["Dropkick","Wild Strike","Havoc"],"picked":"SKIP","floor":24.0},{"not_picked":["Hemokinesis","True Grit+1"],"picked":"Shockwave","floor":25.0},{"not_picked":["Combust","Warcry","Juggernaut"],"picked":"SKIP","floor":28.0},{"not_picked":["Bloodletting+1","Shockwave","Rupture"],"picked":"SKIP","floor":29.0},{"not_picked":["Seeing Red","Shockwave","Body Slam"],"picked":"SKIP","floor":31},{"not_picked":["Armaments","Warcry","Iron Wave"],"picked":"SKIP","floor":35}],"player_experience":1561655,"relics_obtained":[{"floor":6.0,"key":"Art of War"},{"floor":9.0,"key":"Bag of Preparation"},{"floor":10.0,"key":"Girya"},{"floor":12.0,"key":"Bottled Tornado"},{"floor":14.0,"key":"Odd Mushroom"},{"floor":25.0,"key":"Anchor"},{"floor":26.0,"key":"Strawberry"},{"floor":29.0,"key":"Champion Belt"},{"floor":31,"key":"Happy Flower"},{"floor":37,"key":"Nunchaku"}],"event_choices":[{"cards_removed":["Strike_R"],"damage_healed":0.0,"max_hp_gain":0.0,"max_hp_loss":0.0,"gold_gain":0.0,"event_name":"Golden Wing","player_choice":"Card Removal","floor":2.0,"gold_loss":0.0,"damage_taken":7.0},{"damage_healed":0.0,"max_hp_gain":0.0,"max_hp_loss":0.0,"gold_gain":75.0,"event_name":"World of Goop","player_choice":"Gather Gold","floor":3.0,"gold_loss":0.0,"damage_taken":11.0},{"damage_healed":0.0,"max_hp_gain":0.0,"max_hp_loss":0.0,"gold_gain":0.0,"event_name":"Shining Light","player_choice":"Entered Light","floor":5.0,"gold_loss":0.0,"damage_taken":23.0,"cards_upgraded":["Strike_R","Defend_R"]},{"damage_healed":0.0,"max_hp_gain":0.0,"max_hp_loss":0.0,"gold_gain":0.0,"event_name":"Mushrooms","player_choice":"Fought Mushrooms","floor":14.0,"gold_loss":0.0,"damage_taken":0.0},{"damage_healed":0.0,"max_hp_gain":0.0,"max_hp_loss":0.0,"gold_gain":0.0,"event_name":"Knowing Skull","player_choice":"","floor":19.0,"potions_obtained":[],"gold_loss":0.0,"damage_taken":7.0,"cards_obtained":[]},{"damage_healed":0.0,"max_hp_gain":0.0,"max_hp_loss":0.0,"gold_gain":0.0,"event_name":"The Library","player_choice":"Read","floor":22.0,"gold_loss":0.0,"damage_taken":0.0,"cards_obtained":["Bloodletting"]},{"damage_healed":67,"gold_gain":0,"player_choice":"Heal","damage_taken":0,"max_hp_gain":0,"max_hp_loss":15,"event_name":"The Moai Head","floor":36,"gold_loss":0},{"damage_healed":0,"gold_gain":0,"player_choice":"Fight","damage_taken":0,"max_hp_gain":0,"max_hp_loss":0,"event_name":"MindBloom","floor":37,"gold_loss":0},{"damage_healed":0,"gold_gain":0,"player_choice":"Max HP","damage_taken":0,"max_hp_gain":0,"max_hp_loss":3,"event_name":"Winding Halls","floor":39,"gold_loss":0}],"is_beta":false,"boss_relics":[{"not_picked":["Lizard Tail","Black Star"],"picked":"Runic Dome"},{"not_picked":["Fusion Hammer","Velvet Choker"],"picked":"Empty Cage"}],"items_purged_floors":[38],"is_endless":false,"potions_floor_spawned":[6,12,13,14,20,21,33,37],"killed_by":"Nemesis","ascension_level":20}