{"gold_per_floor":[115,115,115,130,148,178,178,178,231,249,249,283,299,52,52,155,155,171,189,204,204,221,221,249,249,273,284,303,303,303,13,13,117,117,134,147,161,161,161,161],"floor_reached":40,"playtime":5039,"items_purged":[],"score":468,"play_id":"edf0bc9a-4efb-4334-b202-627d9e4a0565","local_time":"20190428231631","is_ascension_mode":false,"campfire_choices":[{"data":"The Bomb","floor":8,"key":"SMITH"},{"data":"Tools of the Trade","floor":15,"key":"SMITH"},{"data":"Glass Knife","floor":23,"key":"SMITH"},{"data":"Neutralize","floor":25,"key":"SMITH"},{"data":"Sucker Punch","floor":29,"key":"SMITH"},{"data":"Noxious Fumes","floor":32,"key":"SMITH"}],"neow_cost":"PERCENT_DAMAGE","seed_source_timestamp":3890206654295400,"circlet_count":0,"master_deck":["Defend_G","Defend_G","Defend_G","Defend_G","Strike_G","Strike_G","Strike_G","Survivor","Neutralize+1","Bandage Up+1","The Bomb+1","Deadly Poison","Dagger Throw","Slice+1","Deadly Poison+1","Tools of the Trade+1","Blur","All Out Attack","Glass Knife+1","Backstab+1","Backflip","Terror","Iron Wave","Blade Dance+1","Tactician+1","Blade Dance+1","Sucker Punch+1","Noxious Fumes+1","Deadly Poison","Venomology","Blur","Deflect","Prepared+1","Escape Plan+1","Deflect","Blur+1","Slice","PiercingWail+1","Transmutation","Finesse","The Bomb","Madness","Madness"],"relics":["Ring of the Snake","Pen Nib","Anchor","Bottled Flame","Matryoshka","Eternal Feather","Meat on the Bone","Centennial Puzzle","Omamori","TheAbacus","Orrery"],"potions_floor_usage":[12,16,16,33,33,36,40,40],"damage_taken":[{"damage":0,"enemies":"Jaw Worm","floor":1,"turns":4},{"damage":0,"enemies":"Small Slimes","floor":4,"turns":3},{"damage":0,"enemies":"Cultist","floor":5,"turns":3},{"damage":26,"enemies":"Gremlin Nob","floor":6,"turns":4},{"damage":0,"enemies":"Exordium Wildlife","floor":10,"turns":4},{"damage":0,"enemies":"3 Sentries","floor":12,"turns":3},{"damage":0,"enemies":"Looter","floor":13,"turns":2},{"damage":29,"enemies":"The Guardian","floor":16,"turns":8},{"damage":7,"enemies":"3 Byrds","floor":18,"turns":5},{"damage":4,"enemies":"Shell Parasite","floor":19,"turns":3},{"damage":34,"enemies":"Cultist and Chosen","floor":20,"turns":6},{"damage":10,"enemies":"Snecko","floor":22,"turns":4},{"damage":34,"enemies":"Book of Stabbing","floor":24,"turns":5},{"damage":2,"enemies":"Shelled Parasite and Fungi","floor":27,"turns":5},{"damage":7,"enemies":"3 Cultists","floor":28,"turns":3},{"damage":56,"enemies":"Collector","floor":33,"turns":7},{"damage":0,"enemies":"3 Shapes","floor":35,"turns":4},{"damage":0,"enemies":"Orb Walker","floor":36,"turns":3},{"damage":1,"enemies":"4 Shapes","floor":37,"turns":3},{"damage":72,"enemies":"Reptomancer","floor":40,"turns":4}],"seed_played":"-3605557527864988701","potions_obtained":[{"floor":4,"key":"Swift Potion"},{"floor":6,"key":"Regen Potion"},{"floor":10,"key":"Strength Potion"},{"floor":13,"key":"Poison Potion"},{"floor":19,"key":"Ancient Potion"},{"floor":22,"key":"Explosive Potion"},{"floor":27,"key":"EssenceOfSteel"},{"floor":35,"key":"Explosive Potion"},{"floor":36,"key":"Regen Potion"}],"is_trial":false,"path_per_floor":["M","?","?","M","M","E","?","R","T","M","?","E","M","$","R","B",null,"M","M","M","?","M","R","E","R","T","M","M","R","?","$","R","B",null,"M","M","M","?","?","E"],"character_chosen":"THE_SILENT","items_purchased":["Matryoshka","Noxious Fumes","Deadly Poison","TheAbacus"],"campfire_rested":0,"item_purchase_floors":[14,31,31,31],"current_hp_per_floor":[53,53,53,59,65,45,38,38,38,44,30,48,54,54,54,31,70,63,65,36,36,32,44,16,31,31,47,46,61,48,48,63,25,75,75,75,74,64,55,0],"gold":161,"neow_bonus":"RANDOM_COLORLESS_2","is_prod":false,"is_daily":false,"chose_seed":false,"campfire_upgraded":6,"win_rate":0.0,"timestamp":1556507791,"path_taken":["M","?","?","?","M","E","?","R","T","M","?","E","?","$","R","BOSS","M","M","M","?","?","R","E","R","T","M","M","R","?","$","R","BOSS","M","M","M","?","?","E"],"build_version":"2019-01-23","purchased_purges":0,"victory":false,"max_hp_per_floor":[70,70,70,70,70,70,70,70,70,70,70,70,70,70,70,70,70,70,70,70,70,70,70,70,70,70,70,70,70,75,75,75,75,75,75,75,75,75,75,75],"card_choices":[{"not_picked":["Underhanded Strike","Predator"],"picked":"Deadly Poison","floor":1},{"not_picked":["Choke","Backflip"],"picked":"Dagger Throw","floor":4},{"not_picked":["PiercingWail","Outmaneuver"],"picked":"Slice","floor":5},{"not_picked":["Dagger Spray","Outmaneuver"],"picked":"Deadly Poison","floor":6},{"not_picked":["Poisoned Stab","Calculated Gamble"],"picked":"Tools of the Trade","floor":10},{"not_picked":["Doppelganger","Quick Slash"],"picked":"Blur","floor":12},{"not_picked":["Heel Hook","Riddle With Holes"],"picked":"All Out Attack","floor":13},{"not_picked":["Adrenaline","Tools of the Trade"],"picked":"Glass Knife","floor":16},{"not_picked":["Expertise","Acrobatics"],"picked":"Backstab+1","floor":18},{"not_picked":["Prepared","Endless Agony+1"],"picked":"Backflip","floor":19},{"not_picked":["Poisoned Stab","Flying Knee+1"],"picked":"Terror","floor":20},{"not_picked":["Outmaneuver","Terror"],"picked":"Blade Dance+1","floor":22},{"not_picked":["Blade Dance","Slice"],"picked":"Tactician+1","floor":24},{"not_picked":["Predator","Quick Slash"],"picked":"Blade Dance+1","floor":27},{"not_picked":["Eviscerate+1","Dagger Spray+1"],"picked":"Sucker Punch","floor":28},{"not_picked":["Doppelganger","Malaise"],"picked":"Venomology","floor":33},{"not_picked":["Deflect","Quick Slash"],"picked":"Blur","floor":34},{"not_picked":["Outmaneuver","Eviscerate+1"],"picked":"Deflect","floor":34},{"not_picked":["Acrobatics","Backflip"],"picked":"Prepared+1","floor":34},{"not_picked":["Slice+1","Quick Slash"],"picked":"Escape Plan+1","floor":34},{"not_picked":["Prepared","A Thousand Cuts"],"picked":"Deflect","floor":34},{"not_picked":["Poisoned Stab","Dagger Throw+1"],"picked":"Blur+1","floor":35},{"not_picked":["Blade Dance+1","Backflip"],"picked":"Slice","floor":36},{"not_picked":["Slice","Eviscerate+1"],"picked":"PiercingWail+1","floor":37},{"not_picked":["Forethought","Deep Breath"],"picked":"Transmutation","floor":38},{"not_picked":["Mayhem","Flash of Steel"],"picked":"Finesse","floor":38},{"not_picked":["Flash of Steel","Dark Shackles"],"picked":"The Bomb","floor":38}],"player_experience":35643,"relics_obtained":[{"floor":6,"key":"Pen Nib"},{"floor":9,"key":"Anchor"},{"floor":12,"key":"Bottled Flame"},{"floor":24,"key":"Meat on the Bone"},{"floor":26,"key":"Centennial Puzzle"},{"floor":26,"key":"Omamori"}],"event_choices":[{"damage_healed":0,"gold_gain":0,"player_choice":"Grow","damage_taken":0,"max_hp_gain":0,"max_hp_loss":0,"event_name":"Living Wall","floor":2,"gold_loss":0,"cards_upgraded":["Bandage Up"]},{"cards_removed":["Strike_G"],"damage_healed":0,"gold_gain":0,"player_choice":"Offered Basic","damage_taken":0,"max_hp_gain":0,"max_hp_loss":0,"event_name":"Bonfire Elementals","floor":3,"gold_loss":0},{"cards_removed":["Defend_G"],"damage_healed":0,"gold_gain":0,"player_choice":"Card Removal","damage_taken":7,"max_hp_gain":0,"max_hp_loss":0,"event_name":"Golden Wing","floor":7,"gold_loss":0},{"damage_healed":0,"gold_gain":0,"player_choice":"Entered Light","damage_taken":14,"max_hp_gain":0,"max_hp_loss":0,"event_name":"Shining Light","floor":11,"gold_loss":0,"cards_upgraded":["Slice","Deadly Poison"]},{"cards_removed":["Strike_G"],"damage_healed":0,"gold_gain":0,"player_choice":"Took Card","damage_taken":0,"max_hp_gain":0,"max_hp_loss":0,"event_name":"NoteForYourself","floor":21,"gold_loss":0,"cards_obtained":["Iron Wave"]},{"damage_healed":0,"gold_gain":0,"player_choice":"Shed Blood","damage_taken":18,"max_hp_gain":5,"max_hp_loss":0,"event_name":"Forgotten Altar","floor":30,"gold_loss":0},{"damage_healed":0,"gold_gain":0,"player_choice":"Memory 3","damage_taken":10,"max_hp_gain":0,"max_hp_loss":0,"event_name":"SensoryStone","floor":38,"gold_loss":0},{"damage_healed":0,"gold_gain":0,"player_choice":"Embrace Madness","damage_taken":9,"max_hp_gain":0,"max_hp_loss":0,"event_name":"Winding Halls","floor":39,"gold_loss":0,"cards_obtained":["Madness","Madness"]}],"is_beta":false,"boss_relics":[{"not_picked":["White Beast Statue","Calling Bell"],"picked":"Eternal Feather"},{"not_picked":["Sozu","Black Star"],"picked":"Orrery"}],"items_purged_floors":[],"is_endless":false,"potions_floor_spawned":[4,6,10,13,19,22,27,35,36],"killed_by":"Reptomancer","ascension_level":0}