{"gold_per_floor":[114,132,148,148,171,171,210,210,210,226,245,245],"floor_reached":12,"playtime":614,"items_purged":[],"score":115,"play_id":"506772f5-e399-4008-ad71-6bd076bbbf18","local_time":"20190306223931","is_ascension_mode":true,"campfire_choices":[{"data":"Hemokinesis","floor":6,"key":"SMITH"},{"floor":8,"key":"REST"}],"neow_cost":"TEN_PERCENT_HP_LOSS","seed_source_timestamp":263654253947987,"circlet_count":0,"master_deck":["Strike_R","Strike_R","Strike_R","Strike_R","Defend_R","Defend_R","Defend_R","Bash","Hemokinesis","Feel No Pain","True Grit","Hemokinesis+1","Reckless Charge","Infernal Blade","Infernal Blade"],"relics":["Burning Blood","Golden Idol","Girya","Unceasing Top"],"potions_floor_usage":[7,11,12],"damage_taken":[{"damage":4,"enemies":"Jaw Worm","floor":1,"turns":4},{"damage":3,"enemies":"Cultist","floor":2,"turns":2},{"damage":3,"enemies":"Small Slimes","floor":3,"turns":3},{"damage":12,"enemies":"Red Slaver","floor":5,"turns":3},{"damage":38,"enemies":"3 Sentries","floor":7,"turns":9},{"damage":13,"enemies":"3 Louse","floor":10,"turns":4},{"damage":17,"enemies":"Exordium Thugs","floor":11,"turns":6},{"damage":43,"enemies":"Gremlin Nob","floor":12,"turns":4}],"seed_played":"-4381327901847263968","potions_obtained":[{"floor":1,"key":"LiquidBronze"},{"floor":10,"key":"SkillPotion"},{"floor":11,"key":"Swift Potion"}],"is_trial":false,"path_per_floor":["M","M","M","?","M","R","E","R","T","M","M","E"],"character_chosen":"IRONCLAD","items_purchased":[],"campfire_rested":1,"item_purchase_floors":[],"current_hp_per_floor":[72,72,72,54,48,48,16,37,37,30,19,0],"gold":245,"neow_bonus":"REMOVE_TWO","is_prod":false,"is_daily":false,"chose_seed":false,"campfire_upgraded":1,"win_rate":0,"timestamp":1551940771,"path_taken":["M","M","M","?","M","R","E","R","T","M","M","E"],"build_version":"2019-01-23","purchased_purges":0,"victory":false,"max_hp_per_floor":[72,72,72,72,72,72,72,72,72,72,72,72],"card_choices":[{"not_picked":["Flame Barrier","Wild Strike"],"picked":"Hemokinesis","floor":1},{"not_picked":["Heavy Blade","Pummel"],"picked":"Feel No Pain","floor":2},{"not_picked":["Rampage","Armaments"],"picked":"True Grit","floor":3},{"not_picked":["Sword Boomerang","Reckless Charge"],"picked":"Hemokinesis","floor":5},{"not_picked":["Shockwave","Power Through"],"picked":"Reckless Charge","floor":7},{"not_picked":["Wild Strike","Reckless Charge"],"picked":"Infernal Blade","floor":10},{"not_picked":["Wild Strike","Clash"],"picked":"Infernal Blade","floor":11}],"player_experience":415560,"relics_obtained":[{"floor":7,"key":"Girya"},{"floor":9,"key":"Unceasing Top"}],"event_choices":[{"damage_healed":0,"gold_gain":0,"player_choice":"Take Damage","damage_taken":18,"relics_obtained":["Golden Idol"],"max_hp_gain":0,"max_hp_loss":0,"event_name":"Golden Idol","floor":4,"gold_loss":0}],"is_beta":false,"boss_relics":[],"items_purged_floors":[],"is_endless":false,"potions_floor_spawned":[1,10,11],"killed_by":"Gremlin Nob","ascension_level":8}