{"gold_per_floor":[113,128,128,13,13,13,47,47,93,10,10,39,55,67,67,139,139,157,176,187,205,120,120,120,153,202,231,231,258,258,8,8,87,87,100,112,112,166,182,216,236,236,236,254,282,262,273,287,287,287,287,287,287,48,73,73],"floor_reached":57,"playtime":2697,"items_purged":["Strike_G"],"score":3210,"play_id":"e892683d-3bae-4174-bb56-48de576fdd2f","local_time":"20190513103007","is_ascension_mode":true,"campfire_choices":[{"data":"Neutralize","floor":6.0,"key":"SMITH"},{"floor":8.0,"key":"REST"},{"data":"Footwork","floor":15.0,"key":"SMITH"},{"data":"Catalyst","floor":24.0,"key":"SMITH"},{"data":"Ghostly","floor":28.0,"key":"SMITH"},{"data":"Ghostly","floor":30.0,"key":"SMITH"},{"data":"Well Laid Plans","floor":32.0,"key":"SMITH"},{"floor":42.0,"key":"RECALL"},{"floor":49.0,"key":"REST"},{"floor":53.0,"key":"REST"}],"neow_cost":"NONE","seed_source_timestamp":78166457800721,"circlet_count":0,"master_deck":["AscendersBane","Defend_G","Defend_G","Defend_G","Defend_G","Defend_G","Strike_G","Strike_G+1","Survivor","Neutralize+1","Quick Slash","Noxious Fumes+1","Bouncing Flask","Footwork+1","Well Laid Plans+1","Blur","Glass Knife+1","Footwork+1","Backflip","Catalyst+1","Ghostly+1","Ghostly+1","Ghostly","Backflip+1","Dodge and Roll","Adrenaline","Catalyst","Noxious Fumes+1","Wraith Form v2+1","Catalyst","Finesse","Thinking Ahead","Calculated Gamble+1","Catalyst+1","Die Die Die","PiercingWail","Malaise","Dodge and Roll"],"special_seed":0,"relics":["Black Star","Pocketwatch","Dodecahedron","PreservedInsect","Smiling Mask","Mercury Hourglass","Eternal Feather","Letter Opener","Lantern","Ancient Tea Set","Strawberry","Paper Crane","Snake Skull","Frozen Egg 2","Vajra","Fusion Hammer","Turnip","Blood Vial","Whetstone","Anchor","Bronze Scales","Mango","Orichalcum"],"potions_floor_usage":[56,56],"damage_taken":[{"damage":1.0,"enemies":"Jaw Worm","floor":1.0,"turns":6.0},{"damage":2.0,"enemies":"Small Slimes","floor":2.0,"turns":4.0},{"damage":44.0,"enemies":"3 Sentries","floor":7.0,"turns":7.0},{"damage":0.0,"enemies":"Lagavulin","floor":12.0,"turns":6.0},{"damage":0.0,"enemies":"Cultist","floor":13.0,"turns":4.0},{"damage":6.0,"enemies":"Lots of Slimes","floor":14.0,"turns":4.0},{"damage":1.0,"enemies":"Hexaghost","floor":16.0,"turns":10.0},{"damage":7.0,"enemies":"Chosen","floor":18.0,"turns":7.0},{"damage":11.0,"enemies":"3 Byrds","floor":19.0,"turns":5.0},{"damage":5.0,"enemies":"Centurion and Healer","floor":20.0,"turns":8.0},{"damage":17.0,"enemies":"Snake Plant","floor":21.0,"turns":6.0},{"damage":4.0,"enemies":"Book of Stabbing","floor":25.0,"turns":7.0},{"damage":3.0,"enemies":"Slavers","floor":27.0,"turns":5.0},{"damage":0.0,"enemies":"Book of Stabbing","floor":29.0,"turns":4.0},{"damage":0.0,"enemies":"Champ","floor":33.0,"turns":6.0},{"damage":0.0,"enemies":"Orb Walker","floor":35.0,"turns":4.0},{"damage":0.0,"enemies":"3 Shapes","floor":36.0,"turns":5.0},{"damage":13.0,"enemies":"2 Orb Walkers","floor":38.0,"turns":6.0},{"damage":2.0,"enemies":"Jaw Worm Horde","floor":39.0,"turns":5.0},{"damage":0.0,"enemies":"Giant Head","floor":40.0,"turns":4.0},{"damage":1.0,"enemies":"Transient","floor":41.0,"turns":6.0},{"damage":1.0,"enemies":"Writhing Mass","floor":44.0,"turns":6.0},{"damage":0.0,"enemies":"Nemesis","floor":45.0,"turns":5.0},{"damage":0.0,"enemies":"Spire Growth","floor":47.0,"turns":5.0},{"damage":0.0,"enemies":"Jaw Worm Horde","floor":48.0,"turns":5.0},{"damage":6.0,"enemies":"Donu and Deca","floor":50.0,"turns":10.0},{"damage":27.0,"enemies":"Awakened One","floor":51.0,"turns":16.0},{"damage":15,"enemies":"Shield and Spear","floor":55,"turns":6},{"damage":0,"enemies":"The Heart","floor":56,"turns":10}],"seed_played":"4451756205404033653","potions_obtained":[{"floor":2.0,"key":"SpeedPotion"},{"floor":12.0,"key":"GhostInAJar"},{"floor":13.0,"key":"PowerPotion"},{"floor":29.0,"key":"Ancient Potion"},{"floor":33.0,"key":"Fruit Juice"},{"floor":35.0,"key":"Strength Potion"},{"floor":46.0,"key":"Ancient Potion"}],"is_trial":false,"path_per_floor":["M","M","?","$","?","R","E","R","T","$","?","E","M","M","R","B",null,"M","M","M","M","?","?","R","E","T","E","R","E","R","$","R","B",null,"M","M","?","?","M","E","M","R","T","M","E","?","M","M","R","B","B",null,"R","$","E","B",null],"character_chosen":"THE_SILENT","items_purchased":["Noxious Fumes","Bouncing Flask","Well Laid Plans","Adrenaline","Catalyst","Noxious Fumes+1","PiercingWail","Malaise"],"campfire_rested":3,"item_purchase_floors":[4,4,10,31,31,31,54,54],"current_hp_per_floor":[58,56,49,49,49,49,5,24,24,24,24,24,24,18,18,17,54,47,36,31,14,14,14,26,22,29,26,40,40,40,40,40,40,40,45,45,40,27,25,25,26,45,45,44,45,45,45,45,45,39,14,37,45,45,44,46],"gold":73,"neow_bonus":"BOSS_RELIC","is_prod":false,"is_daily":false,"chose_seed":false,"campfire_upgraded":6,"win_rate":0,"timestamp":1557754207,"path_taken":["M","M","?","$","?","R","E","R","T","?","?","E","M","M","R","BOSS","M","?","?","M","?","?","R","E","T","E","R","E","R","?","R","BOSS","M","M","?","?","M","E","M","R","T","M","E","?","M","M","R","BOSS","BOSS","R","$","E","BOSS"],"build_version":"2019-01-23","purchased_purges":1,"victory":true,"max_hp_per_floor":[66,66,66,66,66,66,66,66,66,66,66,66,66,66,66,66,66,66,66,66,66,66,33,33,33,40,40,40,40,40,40,40,40,40,45,45,45,45,45,45,45,45,45,45,45,45,45,45,45,45,45,45,45,45,59,59],"card_choices":[{"not_picked":["Calculated Gamble","Choke"],"picked":"Quick Slash","floor":1.0},{"not_picked":["Underhanded Strike","Acrobatics","Outmaneuver"],"picked":"SKIP","floor":2.0},{"not_picked":["All Out Attack","Glass Knife"],"picked":"Footwork","floor":7.0},{"not_picked":["Acrobatics","Underhanded Strike","Flying Knee"],"picked":"SKIP","floor":12.0},{"not_picked":["Endless Agony","Setup","Underhanded Strike"],"picked":"SKIP","floor":13.0},{"not_picked":["Deflect","Well Laid Plans"],"picked":"Blur","floor":14.0},{"not_picked":["A Thousand Cuts","Envenom"],"picked":"Glass Knife","floor":16.0},{"not_picked":["Eviscerate","Bane"],"picked":"Footwork+1","floor":18.0},{"not_picked":["Backstab","Choke"],"picked":"Backflip","floor":19.0},{"not_picked":["Endless Agony","Slice"],"picked":"Catalyst","floor":20.0},{"not_picked":["Dagger Spray","Finisher","Masterful Stab"],"picked":"SKIP","floor":21.0},{"not_picked":["Poisoned Stab","Tactician","Endless Agony"],"picked":"SKIP","floor":25.0},{"not_picked":["Slice","Cloak And Dagger"],"picked":"Backflip+1","floor":27.0},{"not_picked":["Riddle With Holes","Quick Slash"],"picked":"Dodge and Roll","floor":29.0},{"not_picked":["Envenom+1","Adrenaline"],"picked":"Wraith Form v2+1","floor":33.0},{"not_picked":["Cloak And Dagger","Outmaneuver","Poisoned Stab"],"picked":"SKIP","floor":35.0},{"not_picked":["Terror","Bane"],"picked":"Catalyst","floor":36.0},{"not_picked":["Bandage Up","Violence"],"picked":"Finesse","floor":37.0},{"not_picked":["Flash of Steel","Good Instincts"],"picked":"Thinking Ahead","floor":37.0},{"not_picked":["Tactician","Bane+1","Poisoned Stab"],"picked":"SKIP","floor":39.0},{"not_picked":["Prepared","Tactician+1"],"picked":"Calculated Gamble+1","floor":40.0},{"not_picked":["Dagger Spray","Acrobatics"],"picked":"Catalyst+1","floor":41.0},{"not_picked":["Flying Knee","Die Die Die","Choke"],"picked":"SKIP","floor":44.0},{"not_picked":["Flying Knee","Choke"],"picked":"Die Die Die","floor":44.0},{"not_picked":["Backstab","Cloak And Dagger","Expertise"],"picked":"SKIP","floor":45.0},{"not_picked":["Underhanded Strike","Reflex","Blade Dance"],"picked":"SKIP","floor":47.0},{"not_picked":["Cloak And Dagger+1","Eviscerate","Backstab"],"picked":"SKIP","floor":48.0},{"not_picked":["Cloak And Dagger","Poisoned Stab"],"picked":"Dodge and Roll","floor":55}],"player_experience":2314023,"relics_obtained":[{"floor":7.0,"key":"Pocketwatch"},{"floor":7.0,"key":"Dodecahedron"},{"floor":9.0,"key":"PreservedInsect"},{"floor":12.0,"key":"Smiling Mask"},{"floor":12.0,"key":"Mercury Hourglass"},{"floor":25.0,"key":"Lantern"},{"floor":25.0,"key":"Ancient Tea Set"},{"floor":26.0,"key":"Strawberry"},{"floor":27.0,"key":"Paper Crane"},{"floor":27.0,"key":"Snake Skull"},{"floor":29.0,"key":"Frozen Egg 2"},{"floor":29.0,"key":"Vajra"},{"floor":38.0,"key":"Turnip"},{"floor":40.0,"key":"Blood Vial"},{"floor":40.0,"key":"Whetstone"},{"floor":45.0,"key":"Anchor"},{"floor":45.0,"key":"Bronze Scales"},{"floor":55,"key":"Mango"},{"floor":55,"key":"Orichalcum"}],"event_choices":[{"cards_removed":["Strike_G"],"damage_healed":0.0,"max_hp_gain":0.0,"max_hp_loss":0.0,"gold_gain":0.0,"event_name":"Golden Wing","player_choice":"Card Removal","floor":3.0,"gold_loss":0.0,"damage_taken":7.0},{"damage_healed":0.0,"max_hp_gain":0.0,"max_hp_loss":0.0,"gold_gain":0.0,"event_name":"Living Wall","player_choice":"Grow","floor":5.0,"gold_loss":0.0,"damage_taken":0.0,"cards_upgraded":["Noxious Fumes"]},{"cards_removed":["Strike_G"],"damage_healed":0.0,"max_hp_gain":0.0,"max_hp_loss":0.0,"gold_gain":0.0,"event_name":"Wheel of Change","player_choice":"Card Removal","floor":11.0,"gold_loss":0.0,"damage_taken":0.0},{"damage_healed":0.0,"max_hp_gain":0.0,"max_hp_loss":0.0,"gold_gain":0.0,"event_name":"Addict","player_choice":"Obtained Relic","floor":22.0,"gold_loss":85.0,"damage_taken":0.0,"relics_obtained":["Letter Opener"]},{"damage_healed":0.0,"max_hp_gain":0.0,"max_hp_loss":33.0,"gold_gain":0.0,"event_name":"Ghosts","player_choice":"Became a Ghost","floor":23.0,"gold_loss":0.0,"damage_taken":0.0,"cards_obtained":["Ghostly","Ghostly","Ghostly"]},{"damage_healed":0.0,"max_hp_gain":0.0,"max_hp_loss":0.0,"gold_gain":0.0,"event_name":"SensoryStone","player_choice":"Memory 2","floor":37.0,"gold_loss":0.0,"damage_taken":5.0},{"damage_healed":0.0,"max_hp_gain":0.0,"max_hp_loss":0.0,"gold_gain":0.0,"event_name":"Mysterious Sphere","player_choice":"Fight","floor":38.0,"gold_loss":0.0,"damage_taken":0.0},{"damage_healed":0.0,"max_hp_gain":0.0,"max_hp_loss":0.0,"gold_gain":0.0,"event_name":"The Woman in Blue","player_choice":"Bought 1 Potion","floor":46.0,"gold_loss":0.0,"damage_taken":0.0}],"is_beta":false,"boss_relics":[{"not_picked":["HoveringKite","Calling Bell"],"picked":"Eternal Feather"},{"not_picked":["Lizard Tail","Snecko Eye"],"picked":"Fusion Hammer"}],"items_purged_floors":[54],"is_endless":false,"potions_floor_spawned":[2,12,13,19,20,21,29,33,35,36,44],"ascension_level":20}