{"gold_per_floor":[115,40,40,54,72,72,90,90,90,124,138,41,66,66,66,66],"floor_reached":16,"playtime":504,"items_purged":[],"score":220,"play_id":"7db35a80-3f7b-4a13-b716-93ef80984a08","local_time":"20190305160939","is_ascension_mode":true,"campfire_choices":[{"floor":6.0,"key":"REST"},{"data":"Bludgeon","floor":8.0,"key":"SMITH"},{"data":"Burning Pact","floor":15.0,"key":"SMITH"}],"neow_cost":"NONE","seed_source_timestamp":364051550077388,"circlet_count":0,"master_deck":["AscendersBane","Strike_R","Strike_R","Strike_R","Defend_R","Defend_R","Defend_R","Defend_R","Bash","Finesse","Body Slam","Bludgeon+1","Burning Pact+1","Shrug It Off","Evolve","Flash of Steel+1","Pommel Strike+1"],"special_seed":0,"relics":["Burning Blood","Matryoshka","Juzu Bracelet","Molten Egg 2","Strawberry","Shuriken"],"potions_floor_usage":[],"damage_taken":[{"damage":11.0,"enemies":"Cultist","floor":1.0,"turns":5.0},{"damage":8.0,"enemies":"Small Slimes","floor":4.0,"turns":4.0},{"damage":14.0,"enemies":"Jaw Worm","floor":5.0,"turns":4.0},{"damage":8.0,"enemies":"Exordium Thugs","floor":7.0,"turns":5.0},{"damage":13.0,"enemies":"3 Sentries","floor":10.0,"turns":5.0},{"damage":7.0,"enemies":"Blue Slaver","floor":11.0,"turns":7.0},{"damage":16.0,"enemies":"Lagavulin","floor":13.0,"turns":5.0},{"damage":21,"enemies":"Slime Boss","floor":16,"turns":6}],"seed_played":"-465060083673551804","potions_obtained":[{"floor":5.0,"key":"EssenceOfSteel"},{"floor":7.0,"key":"Swift Potion"},{"floor":10.0,"key":"SneckoOil"}],"is_trial":false,"path_per_floor":["M","?","?","M","M","R","M","R","T","E","M","$","E","?","R","B"],"character_chosen":"IRONCLAD","items_purchased":["Flash of Steel+1"],"campfire_rested":1,"item_purchase_floors":[12],"current_hp_per_floor":[63,63,18,16,8,30,28,28,28,28,27,27,17,10,10,0],"gold":66,"neow_bonus":"RANDOM_COLORLESS","is_prod":false,"is_daily":false,"chose_seed":false,"campfire_upgraded":2,"win_rate":0,"timestamp":1551773379,"path_taken":["M","?","?","M","M","R","M","R","T","E","M","$","E","?","R","BOSS"],"build_version":"2019-01-23","purchased_purges":0,"victory":false,"max_hp_per_floor":[75,75,75,75,75,75,75,75,75,82,82,82,82,82,82,82],"card_choices":[{"not_picked":["True Grit","Headbutt"],"picked":"Body Slam","floor":1.0},{"not_picked":["Heavy Blade","Rampage"],"picked":"Bludgeon","floor":4.0},{"not_picked":["Sentinel","Dropkick"],"picked":"Burning Pact","floor":5.0},{"not_picked":["Cleave","True Grit"],"picked":"Shrug It Off","floor":7.0},{"not_picked":["Rampage+1","Cleave+1","Twin Strike+1"],"picked":"SKIP","floor":10.0},{"not_picked":["Battle Trance","Cleave+1"],"picked":"Evolve","floor":11.0},{"not_picked":["Feel No Pain","Combust"],"picked":"Pommel Strike+1","floor":13.0}],"player_experience":1160876,"relics_obtained":[{"floor":9.0,"key":"Juzu Bracelet"},{"floor":9.0,"key":"Molten Egg 2"},{"floor":10.0,"key":"Strawberry"},{"floor":13.0,"key":"Shuriken"}],"event_choices":[{"cards_removed":["Strike_R"],"damage_healed":0.0,"max_hp_gain":0.0,"max_hp_loss":0.0,"gold_gain":0.0,"event_name":"The Cleric","player_choice":"Card Removal","floor":2.0,"gold_loss":75.0,"damage_taken":0.0},{"damage_healed":0.0,"max_hp_gain":0.0,"max_hp_loss":0.0,"gold_gain":0.0,"event_name":"Scrap Ooze","player_choice":"Success","floor":3.0,"gold_loss":0.0,"damage_taken":45.0,"relics_obtained":["Matryoshka"]},{"cards_removed":["Strike_R"],"damage_healed":0.0,"max_hp_gain":0.0,"max_hp_loss":0.0,"gold_gain":0.0,"event_name":"Golden Wing","player_choice":"Card Removal","floor":14.0,"gold_loss":0.0,"damage_taken":7.0}],"is_beta":false,"boss_relics":[],"items_purged_floors":[],"is_endless":false,"potions_floor_spawned":[5,7,10],"killed_by":"Slime Boss","ascension_level":20}