{"path_per_floor":["M","M","$","M","M","R","E","?","T","R","M","T","M","M","R","B",null,"M","?","$","M","M"],"character_chosen":"IRONCLAD","items_purchased":["Ghostly Armor","Toolbox"],"gold_per_floor":[114,129,129,144,159,159,189,264,314,314,329,329,344,359,359,459,459,474,474,156,171,186,186],"floor_reached":23,"campfire_rested":1,"playtime":794,"current_hp_per_floor":[80,80,80,80,80,80,61,50,50,74,66,76,84,85,85,58,90,70,70,70,78,51,0],"items_purged":[],"gold":186,"score":273,"play_id":"2ec347c1-4d8b-4735-892a-a44b871db0af","local_time":"20180404204656","daily_mods":["Shiny","Uncertain Future","Hoarder"],"is_prod":false,"is_daily":true,"is_ascension_mode":false,"campfire_upgraded":2,"timestamp":1522892816,"path_taken":["M","M","$","M","M","R","E","?","T","R","M","?","?","M","R","BOSS","M","?","$","M","M","E"],"build_version":"2018-04-02","purchased_purges":0,"victory":false,"master_deck":["Bash","Impervious","Impervious","Impervious","Body Slam+1","Body Slam","Body Slam","Body Slam","Body Slam","Body Slam","Bloodletting","Bloodletting","Bloodletting","Barricade+1","Barricade","Barricade","Seeing Red","Seeing Red","Seeing Red","Corruption","Corruption","Corruption","Offering","Offering","Offering","Havoc","Havoc","Havoc","Wild Strike","Wild Strike","Wild Strike","Combust","Combust","Combust","Rage","Rage","Rage","Clothesline","Clothesline","Clothesline","Havoc","Havoc","Havoc","Heavy Blade","Heavy Blade","Headbutt","Headbutt","Headbutt","Infernal Blade","Infernal Blade","Infernal Blade","Barricade","Barricade","Barricade","Ghostly Armor","Ghostly Armor","Ghostly Armor","Body Slam","Body Slam","Body Slam"],"max_hp_per_floor":[80,80,80,80,80,80,80,80,80,80,80,90,90,90,90,90,90,90,90,90,90,90,90],"relics":["Burning Blood","Blood Vial","Prayer Wheel","Pear","Pandora\u0027s Box","Toolbox"],"card_choices":[{"not_picked":["Headbutt","Sword Boomerang"],"picked":"Body Slam","floor":1},{"not_picked":["Anger","Blood for Blood"],"picked":"Body Slam","floor":2},{"not_picked":["Flex","Hemokinesis"],"picked":"Bloodletting","floor":4},{"not_picked":["Twin Strike","Whirlwind"],"picked":"Barricade","floor":5},{"not_picked":["Body Slam","Dropkick"],"picked":"Seeing Red","floor":11},{"not_picked":["Carnage","Twin Strike"],"picked":"Corruption","floor":13},{"not_picked":["Double Tap","Bludgeon"],"picked":"Offering","floor":16},{"not_picked":["Corruption","Sentinel"],"picked":"Body Slam","floor":22}],"player_experience":163697,"potions_floor_usage":[],"damage_taken":[{"damage":2,"enemies":"Small Slimes","floor":1,"turns":4},{"damage":1,"enemies":"Jaw Worm","floor":2,"turns":4},{"damage":0,"enemies":"Cultist","floor":4,"turns":3},{"damage":0,"enemies":"2 Fungi Beasts","floor":5,"turns":2},{"damage":25,"enemies":"Gremlin Nob","floor":7,"turns":5},{"damage":16,"enemies":"Red Slaver","floor":11,"turns":2},{"damage":0,"enemies":"Looter","floor":13,"turns":2},{"damage":7,"enemies":"Exordium Wildlife","floor":14,"turns":3},{"damage":35,"enemies":"Slime Boss","floor":16,"turns":6},{"damage":26,"enemies":"3 Byrds","floor":18,"turns":4},{"damage":0,"enemies":"Spheric Guardian","floor":21,"turns":4},{"damage":35,"enemies":"Centurion and Healer","floor":22,"turns":5},{"damage":54,"enemies":"Book of Stabbing","floor":23,"turns":7}],"event_choices":[{"event_name":"World of Goop","player_choice":"Gather Gold","floor":8,"damage_taken":0},{"event_name":"Transmorgrifier","player_choice":"Transform","floor":19,"damage_taken":0}],"boss_relics":[{"not_picked":["Black Star","Orrery"],"picked":"Pandora\u0027s Box"}],"potions_floor_spawned":[2,5,11,21,22],"seed_played":"8108366420616761063","killed_by":"Book of Stabbing","ascension_level":0,"is_trial":false}