{"path_per_floor":["M","?","?","M","?","E","M","R","T","M","E","M","M","$","R","B",null,"M","?","T","?","M","E","R"],"character_chosen":"IRONCLAD","items_purchased":["Apotheosis"],"gold_per_floor":[113,113,113,130,130,157,170,170,193,206,241,252,268,0,0,103,103,120,120,120,20,32,59,59],"floor_reached":25,"campfire_rested":1,"playtime":1536,"current_hp_per_floor":[80,80,80,80,73,48,45,45,45,45,24,21,19,19,44,19,84,70,60,60,60,57,45,45],"items_purged":["Strike_R"],"gold":59,"score":257,"play_id":"c46b758d-4e31-4ea1-a07a-74a72f7f64ea","is_prod":false,"is_daily":false,"is_ascension_mode":false,"campfire_upgraded":2,"path_taken":["M","?","?","M","?","E","M","R","T","M","E","M","?","$","R","BOSS","M","?","?","?","M","E","R","E"],"build_version":"2018-02-16-BETA2","purchased_purges":1,"victory":false,"master_deck":["Defend_R","Defend_R","Defend_R","Defend_R","Bash+1","Dark Embrace","Dropkick","Fire Breathing+1","Inflame","Sever Soul","Apotheosis+1","Berserk","Limit Break","Bite","Bite","Bite","Bite","Bite","J.A.X."],"max_hp_per_floor":[80,80,80,80,80,80,80,80,80,82,82,82,84,84,84,84,84,86,60,60,60,62,64,64],"relics":["Burning Blood","Bottled Tornado","Singing Bowl","Dream Catcher","Sozu","Ginger","Matryoshka"],"card_choices":[{"not_picked":["Pummel","Twin Strike"],"picked":"Dark Embrace"},{"not_picked":["Fire Breathing","Sentinel"],"picked":"Dropkick"},{"not_picked":["Entrench","Uppercut"],"picked":"Fire Breathing"},{"not_picked":["Cleave","Hemokinesis"],"picked":"Inflame"},{"not_picked":["Battle Trance","Evolve"],"picked":"Sever Soul"},{"not_picked":["Pommel Strike","Twin Strike"],"picked":"Berserk"},{"not_picked":["Fiend Fire","Reaper"],"picked":"Limit Break"}],"player_experience":107740,"potions_floor_usage":[16,16],"damage_taken":[{"damage":0,"enemies":"2 Louse","floor":1,"turns":3},{"damage":6,"enemies":"Cultist","floor":4,"turns":3},{"damage":31,"enemies":"Lagavulin","floor":6,"turns":6},{"damage":9,"enemies":"Small Slimes","floor":7,"turns":4},{"damage":8,"enemies":"Red Slaver","floor":10,"turns":2},{"damage":27,"enemies":"Gremlin Nob","floor":11,"turns":4},{"damage":9,"enemies":"Blue Slaver","floor":12,"turns":3},{"damage":10,"enemies":"Looter","floor":13,"turns":3},{"damage":46,"enemies":"Slime Boss","floor":16,"turns":9},{"damage":22,"enemies":"2 Thieves","floor":18,"turns":5},{"damage":23,"enemies":"Shell Parasite","floor":22,"turns":5},{"damage":45,"enemies":"Gremlin Leader","floor":23,"turns":7},{"damage":53,"enemies":"Slavers","floor":25,"turns":3}],"event_choices":[{"event_name":"The Woman in Blue","player_choice":"Bought 0 Potions","floor":2,"damage_taken":0},{"event_name":"Upgrade Shrine","player_choice":"Upgraded","floor":3,"damage_taken":0},{"event_name":"Golden Wing","player_choice":"Card Removal","floor":5,"damage_taken":0},{"event_name":"Vampires","player_choice":"Became a vampire","floor":19,"damage_taken":0},{"event_name":"Drug Dealer","player_choice":"Got JAXXED","floor":21,"damage_taken":0}],"boss_relics":[{"not_picked":["Tiny House","Eternal Feather"],"picked":"Sozu"}],"potions_floor_spawned":[1,4,10,11,18,22],"seed_played":"7757310394582514094","killed_by":"Slavers","ascension_level":0,"is_trial":false}