{"gold_per_floor":[359,359,203,215,231,231,231,259,282,282,316,316,348,362,362,362],"floor_reached":16,"playtime":470,"items_purged":["Strike_G"],"score":236,"play_id":"793b9821-4acc-4c54-89da-7594ec796794","local_time":"20190515033250","is_ascension_mode":true,"campfire_choices":[{"floor":6,"key":"REST"},{"floor":12,"key":"REST"},{"floor":15,"key":"REST"}],"neow_cost":"TEN_PERCENT_HP_LOSS","seed_source_timestamp":228560067088269,"circlet_count":0,"master_deck":["AscendersBane","Defend_G+1","Defend_G","Defend_G","Defend_G","Defend_G","Strike_G","Strike_G","Strike_G","Strike_G","Survivor+1","Neutralize","Footwork","Deadly Poison","Bane","Riddle With Holes","Backstab","Leg Sweep","Decay","PiercingWail","After Image","Poisoned Stab+1"],"relics":["Ring of the Snake","Smiling Mask","Potion Belt","Peace Pipe","Molten Egg 2"],"potions_floor_usage":[8,13,13],"damage_taken":[{"damage":10,"enemies":"Cultist","floor":1,"turns":5},{"damage":0,"enemies":"2 Louse","floor":4,"turns":3},{"damage":6,"enemies":"Jaw Worm","floor":5,"turns":3},{"damage":11,"enemies":"Lagavulin","floor":8,"turns":9},{"damage":20,"enemies":"3 Sentries","floor":11,"turns":11},{"damage":4,"enemies":"Gremlin Nob","floor":13,"turns":5},{"damage":0,"enemies":"Blue Slaver","floor":14,"turns":5},{"damage":55,"enemies":"Slime Boss","floor":16,"turns":7}],"seed_played":"930966651103998516","potions_obtained":[{"floor":1,"key":"Dexterity Potion"},{"floor":5,"key":"Dexterity Potion"},{"floor":8,"key":"GhostInAJar"},{"floor":11,"key":"GhostInAJar"}],"is_trial":false,"path_per_floor":["M","?","$","M","M","R","?","E","T","?","E","R","E","M","R","B"],"character_chosen":"THE_SILENT","items_purchased":["Deadly Poison","Bane"],"campfire_rested":3,"item_purchase_floors":[3,3],"current_hp_per_floor":[49,31,31,31,25,43,43,32,32,32,12,30,26,26,44,0],"gold":362,"neow_bonus":"TWO_FIFTY_GOLD","is_prod":false,"is_daily":false,"chose_seed":false,"campfire_upgraded":0,"win_rate":0,"timestamp":1557901970,"path_taken":["M","?","$","M","M","R","?","E","T","?","E","R","E","?","R","BOSS"],"build_version":"2019-01-23","purchased_purges":1,"victory":false,"max_hp_per_floor":[60,60,60,60,60,60,60,60,60,60,60,60,60,60,60,60],"card_choices":[{"not_picked":["Bouncing Flask","Dagger Throw"],"picked":"Footwork","floor":1},{"not_picked":["Underhanded Strike","Expertise"],"picked":"Riddle With Holes","floor":4},{"not_picked":["PiercingWail","Finisher"],"picked":"Backstab","floor":5},{"not_picked":["Escape Plan","Backstab"],"picked":"Leg Sweep","floor":8},{"not_picked":["Accuracy","Dagger Throw"],"picked":"PiercingWail","floor":11},{"not_picked":["Flying Knee","Poisoned Stab"],"picked":"After Image","floor":13},{"not_picked":["Prepared","Reflex"],"picked":"Poisoned Stab+1","floor":14}],"player_experience":2332210,"relics_obtained":[{"floor":8,"key":"Smiling Mask"},{"floor":9,"key":"Potion Belt"},{"floor":11,"key":"Peace Pipe"},{"floor":13,"key":"Molten Egg 2"}],"event_choices":[{"damage_healed":0,"gold_gain":0,"player_choice":"Entered Light","damage_taken":18,"max_hp_gain":0,"max_hp_loss":0,"event_name":"Shining Light","floor":2,"gold_loss":0,"cards_upgraded":["Survivor","Defend_G"]},{"damage_healed":0,"gold_gain":0,"player_choice":"Ignored","damage_taken":0,"max_hp_gain":0,"max_hp_loss":0,"event_name":"Liars Game","floor":7,"gold_loss":0},{"damage_healed":0,"gold_gain":0,"player_choice":"Cursed","damage_taken":0,"max_hp_gain":0,"max_hp_loss":0,"event_name":"Wheel of Change","floor":10,"gold_loss":0,"cards_obtained":["Decay"]}],"is_beta":false,"boss_relics":[],"items_purged_floors":[3],"is_endless":false,"potions_floor_spawned":[1,5,8,11],"killed_by":"Slime Boss","ascension_level":20}