{"gold_per_floor":[110,110,130,148,423,423,438,438,438,438,453,194,207,225,225,299,299,319,219,144,169,180,180],"floor_reached":23,"playtime":485,"items_purged":["Regret","Bash"],"score":466,"play_id":"e0c148e8-7404-4192-adf4-79872ff0e203","local_time":"20190417205247","is_ascension_mode":true,"campfire_choices":[{"data":"Fiend Fire","floor":6.0,"key":"SMITH"},{"data":"Armaments","floor":8.0,"key":"SMITH"},{"data":"Pommel Strike","floor":10.0,"key":"SMITH"},{"data":"Rampage","floor":15.0,"key":"SMITH"}],"neow_cost":"NONE","seed_source_timestamp":0,"circlet_count":0,"master_deck":["AscendersBane","Sentinel","Inflame","Disarm","Carnage","Fiend Fire+1","Thunderclap","Seeing Red","Pommel Strike+1","Rage","Rampage+1","Armaments+1","Dual Wield","Finesse","Feel No Pain+1","Barricade+1"],"special_seed":0,"relics":["Pandora\u0027s Box","Frozen Egg 2","Mark of Pain","Red Mask"],"potions_floor_usage":[23],"damage_taken":[{"damage":12.0,"enemies":"Jaw Worm","floor":1.0,"turns":2.0},{"damage":0.0,"enemies":"Cultist","floor":3.0,"turns":2.0},{"damage":0.0,"enemies":"2 Louse","floor":4.0,"turns":2.0},{"damage":14.0,"enemies":"Red Slaver","floor":7.0,"turns":2.0},{"damage":14.0,"enemies":"Large Slime","floor":11.0,"turns":4.0},{"damage":0.0,"enemies":"Looter","floor":13.0,"turns":2.0},{"damage":6.0,"enemies":"3 Louse","floor":14.0,"turns":2.0},{"damage":0.0,"enemies":"Slime Boss","floor":16.0,"turns":5.0},{"damage":5.0,"enemies":"Chosen","floor":18.0,"turns":4.0},{"damage":31,"enemies":"Masked Bandits","floor":21,"turns":4},{"damage":17,"enemies":"Spheric Guardian","floor":22,"turns":4},{"damage":10,"enemies":"Book of Stabbing","floor":23,"turns":1}],"seed_played":"535203950070153391","potions_obtained":[{"floor":3.0,"key":"Weak Potion"},{"floor":11.0,"key":"AttackPotion"},{"floor":16.0,"key":"Block Potion"}],"is_trial":false,"path_per_floor":["M","?","M","M","?","R","M","R","T","R","M","$","M","M","R","B",null,"M","$","?","?","M","E"],"character_chosen":"IRONCLAD","items_purchased":["Finesse","Feel No Pain+1"],"campfire_rested":0,"item_purchase_floors":[12,12],"current_hp_per_floor":[56,56,56,56,56,56,42,42,42,42,28,28,28,22,22,22,62,57,57,57,26,9,0],"gold":180,"neow_bonus":"BOSS_RELIC","is_prod":false,"is_daily":false,"chose_seed":true,"campfire_upgraded":4,"win_rate":0,"timestamp":1555505567,"path_taken":["M","?","M","?","?","R","M","R","T","R","?","$","M","M","R","BOSS","M","$","?","?","M","E"],"build_version":"2019-01-23","purchased_purges":2,"victory":false,"max_hp_per_floor":[75,75,75,75,75,75,75,75,75,75,75,75,75,75,75,75,75,75,75,75,75,75,75],"card_choices":[{"not_picked":["Heavy Blade","Spot Weakness"],"picked":"Pommel Strike","floor":1.0},{"not_picked":["True Grit","Ghostly Armor"],"picked":"Rampage","floor":3.0},{"not_picked":["Clothesline","Reckless Charge","Inflame"],"picked":"SKIP","floor":4.0},{"not_picked":["Seeing Red","Warcry"],"picked":"Armaments","floor":7.0},{"not_picked":["Havoc","Evolve+1"],"picked":"Dual Wield","floor":11.0},{"not_picked":["Wild Strike","Flex","Cleave"],"picked":"SKIP","floor":13.0},{"not_picked":["Thunderclap","Wild Strike","Spot Weakness"],"picked":"SKIP","floor":14.0},{"not_picked":["Immolate","Fiend Fire"],"picked":"Barricade+1","floor":16.0},{"not_picked":["Clothesline","Metallicize+1","Headbutt"],"picked":"SKIP","floor":18.0},{"not_picked":["Sword Boomerang","Heavy Blade","Clash"],"picked":"SKIP","floor":22}],"player_experience":1692547,"relics_obtained":[{"floor":9.0,"key":"Frozen Egg 2"},{"floor":21,"key":"Red Mask"}],"event_choices":[{"damage_healed":0.0,"max_hp_gain":0.0,"max_hp_loss":0.0,"gold_gain":0.0,"cards_transformed":["Clothesline"],"event_name":"Transmorgrifier","player_choice":"Transformed","floor":2.0,"gold_loss":0.0,"damage_taken":0.0,"cards_obtained":["Rage"]},{"damage_healed":0.0,"max_hp_gain":0.0,"max_hp_loss":0.0,"gold_gain":275.0,"event_name":"Golden Shrine","player_choice":"Desecrate","floor":5.0,"gold_loss":0.0,"damage_taken":0.0,"cards_obtained":["Regret"]},{"cards_removed":["Carnage"],"damage_healed":0.0,"max_hp_gain":0.0,"max_hp_loss":0.0,"gold_gain":0.0,"event_name":"Beggar","player_choice":"Gave Gold","floor":20.0,"gold_loss":75.0,"damage_taken":0.0},{"damage_healed":0,"gold_gain":0,"player_choice":"Fought Bandits","damage_taken":0,"max_hp_gain":0,"max_hp_loss":0,"event_name":"Masked Bandits","floor":21,"gold_loss":0}],"is_beta":false,"boss_relics":[{"not_picked":["Eternal Feather","Sozu"],"picked":"Mark of Pain"}],"items_purged_floors":[12,19],"is_endless":false,"potions_floor_spawned":[3,11,16,18],"killed_by":"Book of Stabbing","ascension_level":20}