{"gold_per_floor":[110,110,110,121,46,46,80,102,102,134,148,148,163,163,163,240,240,254,254,265,165,196,223,223,223,223,223],"floor_reached":27,"playtime":811,"items_purged":["Pain","Defend_R"],"score":624,"play_id":"d753e2f7-ec55-43b4-b2d1-d7b6b17f335c","local_time":"20190317003204","is_ascension_mode":true,"campfire_choices":[{"data":"Blood for Blood","floor":6,"key":"SMITH"},{"data":"Whirlwind","floor":12,"key":"SMITH"},{"data":"Inflame","floor":15,"key":"SMITH"},{"floor":24,"key":"REST"}],"neow_cost":"NONE","seed_source_timestamp":212533026559900,"circlet_count":0,"master_deck":["AscendersBane","Strike_R","Strike_R","Strike_R","Strike_R","Strike_R","Bash","Blood for Blood+1","Hemokinesis","Whirlwind+1","Inflame","Inflame+1","Flex","Limit Break","Immolate"],"relics":["Burning Blood","NeowsBlessing","WarpedTongs","Shuriken","Odd Mushroom","Gremlin Horn","Blood Vial","Sozu","Red Mask","Ice Cream","Darkstone Periapt"],"potions_floor_usage":[16,22],"damage_taken":[{"damage":0,"enemies":"Jaw Worm","floor":1,"turns":1},{"damage":0,"enemies":"Cultist","floor":4,"turns":1},{"damage":0,"enemies":"Lagavulin","floor":7,"turns":1},{"damage":25,"enemies":"The Mushroom Lair","floor":8,"turns":3},{"damage":16,"enemies":"3 Sentries","floor":10,"turns":4},{"damage":3,"enemies":"Small Slimes","floor":11,"turns":2},{"damage":6,"enemies":"Looter","floor":13,"turns":2},{"damage":5,"enemies":"Slime Boss","floor":16,"turns":5},{"damage":20,"enemies":"2 Thieves","floor":18,"turns":2},{"damage":24,"enemies":"Shell Parasite","floor":20,"turns":3},{"damage":15,"enemies":"Masked Bandits","floor":22,"turns":2},{"damage":36,"enemies":"Gremlin Leader","floor":23,"turns":4},{"damage":42,"enemies":"Snake Plant","floor":27,"turns":2}],"seed_played":"3053379215151478728","potions_obtained":[{"floor":1,"key":"Swift Potion"},{"floor":4,"key":"PowerPotion"},{"floor":13,"key":"Regen Potion"}],"is_trial":false,"path_per_floor":["M","?","?","M","$","R","E","?","T","E","M","R","M","?","R","B",null,"M","?","M","$","?","E","R","?","T","M"],"character_chosen":"IRONCLAD","items_purchased":[],"campfire_rested":1,"item_purchase_floors":[],"current_hp_per_floor":[74,67,67,73,73,73,75,56,56,46,51,51,53,53,53,56,70,58,58,42,42,40,12,34,34,34,0],"gold":223,"neow_bonus":"THREE_ENEMY_KILL","is_prod":false,"is_daily":false,"chose_seed":false,"campfire_upgraded":3,"win_rate":0,"timestamp":1552782724,"path_taken":["M","?","?","?","$","R","E","?","T","E","M","R","M","?","R","BOSS","M","?","M","$","?","E","R","?","T","M"],"build_version":"2019-01-23","purchased_purges":2,"victory":false,"max_hp_per_floor":[75,75,75,75,75,75,75,75,75,75,75,75,75,75,75,75,75,75,75,75,75,75,75,75,75,75,75],"card_choices":[{"not_picked":["Carnage","Shrug It Off"],"picked":"Blood for Blood","floor":1},{"not_picked":["Heavy Blade","Seeing Red"],"picked":"Hemokinesis","floor":4},{"not_picked":["Shrug It Off","Cleave"],"picked":"Whirlwind","floor":7},{"not_picked":["Second Wind","Burning Pact"],"picked":"Inflame","floor":10},{"not_picked":["Warcry","Burning Pact"],"picked":"Inflame","floor":11},{"not_picked":["Anger","Sentinel"],"picked":"Flex","floor":13},{"not_picked":["Juggernaut","Demon Form"],"picked":"Limit Break","floor":16},{"not_picked":["Warcry","Sword Boomerang","Anger"],"picked":"SKIP","floor":18},{"not_picked":["Disarm","Headbutt","Rage"],"picked":"SKIP","floor":20},{"not_picked":["Flex","Sword Boomerang"],"picked":"Immolate","floor":23}],"player_experience":403352,"relics_obtained":[{"floor":7,"key":"Shuriken"},{"floor":8,"key":"Odd Mushroom"},{"floor":9,"key":"Gremlin Horn"},{"floor":10,"key":"Blood Vial"},{"floor":22,"key":"Red Mask"},{"floor":23,"key":"Ice Cream"},{"floor":26,"key":"Darkstone Periapt"}],"event_choices":[{"cards_removed":["Defend_R"],"damage_healed":0,"gold_gain":0,"player_choice":"Card Removal","damage_taken":7,"max_hp_gain":0,"max_hp_loss":0,"event_name":"Golden Wing","floor":2,"gold_loss":0},{"damage_healed":0,"gold_gain":0,"player_choice":"Rummage","damage_taken":0,"relics_obtained":["WarpedTongs"],"max_hp_gain":0,"max_hp_loss":0,"event_name":"Accursed Blacksmith","floor":3,"gold_loss":0,"cards_obtained":["Pain"]},{"damage_healed":0,"gold_gain":0,"player_choice":"Fought Mushrooms","damage_taken":0,"max_hp_gain":0,"max_hp_loss":0,"event_name":"Mushrooms","floor":8,"gold_loss":0},{"cards_removed":["Defend_R"],"damage_healed":0,"gold_gain":0,"player_choice":"Forget","damage_taken":0,"max_hp_gain":0,"max_hp_loss":0,"event_name":"Living Wall","floor":14,"gold_loss":0},{"damage_healed":0,"gold_gain":0,"player_choice":"Ignored","damage_taken":0,"max_hp_gain":0,"max_hp_loss":0,"event_name":"Ghosts","floor":19,"gold_loss":0},{"damage_healed":0,"gold_gain":0,"player_choice":"Fought Bandits","damage_taken":0,"max_hp_gain":0,"max_hp_loss":0,"event_name":"Masked Bandits","floor":22,"gold_loss":0},{"cards_removed":["Defend_R"],"damage_healed":0,"gold_gain":0,"player_choice":"Elegance","damage_taken":0,"max_hp_gain":0,"max_hp_loss":0,"event_name":"Back to Basics","floor":25,"gold_loss":0}],"is_beta":false,"boss_relics":[{"not_picked":["Empty Cage","Runic Dome"],"picked":"Sozu"}],"items_purged_floors":[5,21],"is_endless":false,"potions_floor_spawned":[1,4,13,20,22],"killed_by":"Snake Plant","ascension_level":20}