{"gold_per_floor":[112,187,187,3,60,105,105,142,142,102,102,143,143,196,196,294,294,306,257,257,257,323,323,367,367,367,377,420,420,95,130,130,205,205,215,215,1214,1214,1214,1214,1252,1296,1296,1377,1377],"floor_reached":45,"playtime":2916,"items_purged":[],"score":914,"play_id":"8f55b6bf-b83f-495e-8d6c-ebdb35144e73","local_time":"20190508153947","is_ascension_mode":true,"campfire_choices":[{"data":"HandOfGreed","floor":7,"key":"SMITH"},{"floor":11,"key":"REST"},{"data":"Neutralize","floor":13,"key":"SMITH"},{"data":"Footwork","floor":15,"key":"SMITH"},{"floor":23,"key":"REST"},{"floor":25,"key":"REST"},{"floor":32,"key":"REST"},{"floor":40,"key":"REST"}],"neow_cost":"NONE","seed_source_timestamp":319624243726900,"circlet_count":0,"master_deck":["AscendersBane","Neutralize+1","Footwork+1","HandOfGreed+1","Noxious Fumes","Blade Dance","Deadly Poison","Footwork","Well Laid Plans","After Image","Cloak And Dagger","Writhe","Dodge and Roll","Night Terror","Unload","Glass Knife","Backflip","Escape Plan","Poisoned Stab","Slice","Quick Slash","Backstab","Bouncing Flask","Concentrate","Normality","Normality","Writhe"],"relics":["Ring of the Snake","Bronze Scales","Mango","Vajra","WingedGreaves","Busted Crown","Anchor","Kunai","Blue Candle","Sundial","Pandora\u0027s Box","Pantograph","Letter Opener"],"potions_floor_usage":[8,24,24,33,42],"damage_taken":[{"damage":0,"enemies":"Small Slimes","floor":1,"turns":4},{"damage":0,"enemies":"2 Louse","floor":5,"turns":5},{"damage":13,"enemies":"3 Sentries","floor":6,"turns":8},{"damage":0,"enemies":"Jaw Worm","floor":8,"turns":1},{"damage":0,"enemies":"Large Slime","floor":12,"turns":6},{"damage":31,"enemies":"The Guardian","floor":16,"turns":10},{"damage":16,"enemies":"Spheric Guardian","floor":18,"turns":8},{"damage":17,"enemies":"2 Thieves","floor":19,"turns":5},{"damage":21,"enemies":"Shelled Parasite and Fungi","floor":22,"turns":7},{"damage":20,"enemies":"Cultist and Chosen","floor":24,"turns":7},{"damage":0,"enemies":"3 Cultists","floor":27,"turns":6},{"damage":18,"enemies":"Chosen and Byrds","floor":28,"turns":8},{"damage":12,"enemies":"Shelled Parasite and Fungi","floor":31,"turns":7},{"damage":33,"enemies":"Automaton","floor":33,"turns":14},{"damage":37,"enemies":"3 Darklings","floor":35,"turns":5},{"damage":4,"enemies":"3 Shapes","floor":41,"turns":5},{"damage":34,"enemies":"Sphere and 2 Shapes","floor":42,"turns":7},{"damage":31,"enemies":"Jaw Worm Horde","floor":45,"turns":1}],"seed_played":"-3756352534808835463","potions_obtained":[{"floor":1,"key":"FearPotion"},{"floor":18,"key":"Strength Potion"},{"floor":22,"key":"PowerPotion"},{"floor":27,"key":"Poison Potion"},{"floor":35,"key":"Ancient Potion"}],"is_trial":false,"path_per_floor":["M","?","?","$","M","E","R","M","T","$","R","M","R","?","R","B",null,"M","M","?","?","M","R","M","R","T","M","M","T","$","M","R","B",null,"M","?","?","?","?","R","M","M","T","T","M"],"character_chosen":"THE_SILENT","items_purchased":["HandOfGreed","Footwork","Sundial","Dodge and Roll"],"campfire_rested":5,"item_purchase_floors":[4,10,30,30],"current_hp_per_floor":[59,48,51,51,51,38,38,38,38,38,62,62,62,62,62,31,68,52,35,35,35,14,38,18,42,42,42,24,24,24,12,36,3,61,24,24,24,40,40,64,60,26,26,26,0],"gold":1377,"neow_bonus":"RANDOM_COMMON_RELIC","is_prod":false,"is_daily":false,"chose_seed":false,"campfire_upgraded":3,"win_rate":0,"timestamp":1557326387,"path_taken":["M","?","?","?","M","E","R","M","T","$","R","M","R","?","R","BOSS","M","M","?","?","M","R","?","R","T","M","?","?","?","M","R","BOSS","M","?","?","?","?","R","M","M","T","?","?"],"build_version":"2019-01-23","purchased_purges":0,"victory":false,"max_hp_per_floor":[66,66,80,80,80,80,80,80,80,80,80,80,80,80,80,80,80,80,80,80,80,80,80,80,80,80,80,80,80,80,80,80,80,80,80,80,80,80,80,80,80,80,80,80,80],"card_choices":[{"not_picked":["Catalyst","Bane"],"picked":"Footwork","floor":1},{"not_picked":["Blade Dance","Cloak And Dagger"],"picked":"Noxious Fumes","floor":5},{"not_picked":["Unload","Dagger Spray"],"picked":"Blade Dance","floor":6},{"not_picked":["Dagger Throw","Underhanded Strike"],"picked":"Deadly Poison","floor":8},{"not_picked":["Eviscerate","Calculated Gamble"],"picked":"Well Laid Plans","floor":12},{"not_picked":["Storm of Steel","Burst"],"picked":"After Image","floor":16},{"not_picked":[],"picked":"Cloak And Dagger","floor":18},{"not_picked":["Flying Knee"],"picked":"SKIP","floor":19},{"not_picked":["Underhanded Strike"],"picked":"SKIP","floor":22},{"not_picked":["Bane"],"picked":"SKIP","floor":24},{"not_picked":["Prepared"],"picked":"SKIP","floor":27},{"not_picked":["Finisher"],"picked":"SKIP","floor":28},{"not_picked":["Quick Slash"],"picked":"SKIP","floor":31},{"not_picked":[],"picked":"Night Terror","floor":33},{"not_picked":["Riddle With Holes"],"picked":"SKIP","floor":35},{"not_picked":["Accuracy+1"],"picked":"SKIP","floor":41},{"not_picked":["Flying Knee+1"],"picked":"SKIP","floor":42}],"player_experience":476279,"relics_obtained":[{"floor":6,"key":"Vajra"},{"floor":9,"key":"WingedGreaves"},{"floor":26,"key":"Kunai"},{"floor":29,"key":"Blue Candle"},{"floor":43,"key":"Pantograph"},{"floor":44,"key":"Letter Opener"}],"event_choices":[{"damage_healed":0,"gold_gain":75,"player_choice":"Gather Gold","damage_taken":11,"max_hp_gain":0,"max_hp_loss":0,"event_name":"World of Goop","floor":2,"gold_loss":0},{"damage_healed":0,"gold_gain":0,"player_choice":"Success","damage_taken":11,"relics_obtained":["Mango"],"max_hp_gain":0,"max_hp_loss":0,"event_name":"Scrap Ooze","floor":3,"gold_loss":0},{"damage_healed":0,"gold_gain":53,"player_choice":"Gained Gold","damage_taken":0,"max_hp_gain":0,"max_hp_loss":0,"event_name":"Golden Wing","floor":14,"gold_loss":0},{"damage_healed":0,"gold_gain":0,"player_choice":"Opened","damage_taken":0,"relics_obtained":["Anchor"],"max_hp_gain":0,"max_hp_loss":0,"event_name":"The Mausoleum","floor":20,"gold_loss":0,"cards_obtained":["Writhe"]},{"damage_healed":0,"gold_gain":0,"player_choice":"0 cards matched","damage_taken":0,"max_hp_gain":0,"max_hp_loss":0,"event_name":"Match and Keep!","floor":21,"gold_loss":0,"cards_obtained":[]},{"cards_removed":["Survivor"],"damage_healed":0,"gold_gain":0,"player_choice":"Removed Skill","damage_taken":0,"max_hp_gain":0,"max_hp_loss":0,"event_name":"Falling","floor":36,"gold_loss":0},{"damage_healed":0,"gold_gain":999,"player_choice":"Gold","damage_taken":0,"max_hp_gain":0,"max_hp_loss":0,"event_name":"MindBloom","floor":37,"gold_loss":0,"cards_obtained":["Normality","Normality"]},{"damage_healed":16,"gold_gain":0,"player_choice":"Writhe","damage_taken":0,"max_hp_gain":0,"max_hp_loss":0,"event_name":"Winding Halls","floor":38,"gold_loss":0,"cards_obtained":["Writhe"]},{"damage_healed":0,"gold_gain":0,"player_choice":"Ignored","damage_taken":0,"max_hp_gain":0,"max_hp_loss":0,"event_name":"Mysterious Sphere","floor":39,"gold_loss":0}],"is_beta":false,"boss_relics":[{"not_picked":["Calling Bell","Snecko Eye"],"picked":"Busted Crown"},{"not_picked":["Ring of the Serpent","Runic Dome"],"picked":"Pandora\u0027s Box"}],"items_purged_floors":[],"is_endless":false,"potions_floor_spawned":[1,18,22,27,35],"killed_by":"Jaw Worm Horde","ascension_level":17}