{"gold_per_floor":[18,18,34,34,50,50,79,79,79,90,119,178,239,259,259,259],"floor_reached":16,"playtime":766,"items_purged":[],"score":138,"play_id":"fece93fc-4eb2-47fd-b723-a440aba20e29","local_time":"20190316201531","is_ascension_mode":true,"campfire_choices":[{"data":"Shrug It Off","floor":6,"key":"SMITH"},{"data":"Bash","floor":8,"key":"SMITH"},{"floor":15,"key":"REST"}],"neow_cost":"NO_GOLD","seed_source_timestamp":37753486046035,"circlet_count":0,"master_deck":["Strike_R","Strike_R","Strike_R","Strike_R","Strike_R","Defend_R","Defend_R","Defend_R","Defend_R","Bash+1","Flash of Steel","Blind","Whirlwind+1","Shrug It Off+1","Iron Wave","Headbutt"],"relics":["Burning Blood","Mummified Hand","Oddly Smooth Stone","Pen Nib","PreservedInsect","Tiny Chest"],"potions_floor_usage":[7,12,12,13],"damage_taken":[{"damage":7,"enemies":"Jaw Worm","floor":1,"turns":4},{"damage":0,"enemies":"Cultist","floor":3,"turns":3},{"damage":1,"enemies":"Small Slimes","floor":5,"turns":3},{"damage":30,"enemies":"Gremlin Nob","floor":7,"turns":4},{"damage":8,"enemies":"Looter","floor":10,"turns":3},{"damage":17,"enemies":"Lagavulin","floor":11,"turns":7},{"damage":9,"enemies":"Lagavulin Event","floor":12,"turns":5},{"damage":6,"enemies":"3 Sentries","floor":13,"turns":6},{"damage":7,"enemies":"Large Slime","floor":14,"turns":7},{"damage":64,"enemies":"The Guardian","floor":16,"turns":12}],"seed_played":"8028993279467546451","potions_obtained":[{"floor":1,"key":"SkillPotion"},{"floor":7,"key":"FearPotion"},{"floor":11,"key":"Poison Potion"},{"floor":12,"key":"EssenceOfSteel"},{"floor":13,"key":"Explosive Potion"},{"floor":14,"key":"GamblersBrew"}],"is_trial":false,"path_per_floor":["M","?","M","$","M","R","E","R","T","M","E","?","E","M","R","B"],"character_chosen":"IRONCLAD","items_purchased":[],"campfire_rested":1,"item_purchase_floors":[],"current_hp_per_floor":[79,79,80,80,80,80,56,56,56,54,43,40,40,39,63,0],"gold":259,"neow_bonus":"RANDOM_COLORLESS_2","is_prod":false,"is_daily":false,"chose_seed":false,"campfire_upgraded":2,"win_rate":0,"timestamp":1552785331,"path_taken":["M","?","M","$","M","R","E","R","T","?","E","?","E","M","R","BOSS"],"build_version":"2019-03-15","purchased_purges":0,"victory":false,"max_hp_per_floor":[80,80,80,80,80,80,80,80,80,80,80,80,80,80,80,80],"card_choices":[{"not_picked":["Evolve","Pommel Strike"],"picked":"Whirlwind","floor":1},{"not_picked":["Whirlwind","Uppercut","Sword Boomerang"],"picked":"SKIP","floor":3},{"not_picked":["Heavy Blade","Wild Strike"],"picked":"Shrug It Off","floor":5},{"not_picked":["Ghostly Armor","Entrench","Juggernaut"],"picked":"SKIP","floor":7},{"not_picked":["Clothesline","Havoc","Armaments"],"picked":"SKIP","floor":10},{"not_picked":["Clash","True Grit","Uppercut"],"picked":"SKIP","floor":11},{"not_picked":["Wild Strike","Pommel Strike"],"picked":"Iron Wave","floor":12},{"not_picked":["Wild Strike","Burning Pact"],"picked":"Headbutt","floor":13},{"not_picked":["Anger","Intimidate","Thunderclap"],"picked":"SKIP","floor":14}],"player_experience":260154,"relics_obtained":[{"floor":7,"key":"Mummified Hand"},{"floor":9,"key":"Oddly Smooth Stone"},{"floor":11,"key":"Pen Nib"},{"floor":12,"key":"PreservedInsect"},{"floor":13,"key":"Tiny Chest"}],"event_choices":[{"damage_healed":0,"gold_gain":0,"player_choice":"Forge","damage_taken":0,"max_hp_gain":0,"max_hp_loss":0,"event_name":"Accursed Blacksmith","floor":2,"gold_loss":0,"cards_upgraded":["Whirlwind"]},{"damage_healed":0,"gold_gain":0,"player_choice":"Searched \u00272\u0027 times","damage_taken":0,"max_hp_gain":0,"max_hp_loss":0,"event_name":"Dead Adventurer","floor":12,"gold_loss":0}],"is_beta":true,"boss_relics":[],"items_purged_floors":[],"is_endless":false,"potions_floor_spawned":[1,7,11,12,13,14],"killed_by":"The Guardian","ascension_level":3}