{"gold_per_floor":[113,113,38,50,50,83,83,114,114,127,146,173,123,136,136,231,231,250,262,262,262,280,298,298,43,43,43,62,73,98,112,112,207,207,227,247,264,282,332,367,367,382,382,406,48,74,74,99,99,99],"floor_reached":51,"playtime":3293,"items_purged":["Strike_R","Parasite"],"score":1156,"play_id":"3eca9dc0-220f-4672-bdda-f7ee61aa01c7","local_time":"20181221192738","is_ascension_mode":true,"campfire_choices":[{"data":"Feed","floor":7,"key":"SMITH"},{"data":"Flame Barrier","floor":15,"key":"SMITH"},{"data":"Limit Break","floor":24,"key":"SMITH"},{"data":"J.A.X.","floor":32,"key":"SMITH"},{"floor":41,"key":"DIG"},{"data":"Discovery","floor":49,"key":"SMITH"}],"neow_cost":"NONE","seed_source_timestamp":25845767051345,"circlet_count":0,"master_deck":["Defend_R","Defend_R","Defend_R","Defend_R","Bash+1","Flame Barrier+1","Dropkick","Feed+1","Reaper","Seeing Red","Clothesline","Iron Wave","Shrug It Off","Limit Break+1","Pummel+1","Rage","Bite","Bite","Bite","Bite","Bite","J.A.X.+1","Thunderclap+1","Discovery+1","Shrug It Off","Brutality","Blood for Blood+1","Flame Barrier+1","Disarm","Ghostly Armor","Infernal Blade+1"],"relics":["Burning Blood","Strawberry","Darkstone Periapt","Lantern","Bronze Scales","Art of War","Coffee Dripper","Singing Bowl","PreservedInsect","Molten Egg 2","Busted Crown","Shovel","Orichalcum","Bag of Marbles","Mummified Hand","Oddly Smooth Stone","Pantograph","Bottled Tornado","Paper Frog"],"potions_floor_usage":[11,16,16,22,33,33,40,46,50],"damage_taken":[{"damage":8,"enemies":"Small Slimes","floor":1,"turns":6},{"damage":1,"enemies":"Cultist","floor":4,"turns":4},{"damage":32,"enemies":"Gremlin Nob","floor":6,"turns":4},{"damage":39,"enemies":"Lagavulin","floor":8,"turns":8},{"damage":6,"enemies":"2 Louse","floor":10,"turns":2},{"damage":1,"enemies":"2 Fungi Beasts","floor":11,"turns":4},{"damage":19,"enemies":"Gremlin Nob","floor":12,"turns":4},{"damage":2,"enemies":"Exordium Wildlife","floor":14,"turns":4},{"damage":29,"enemies":"Slime Boss","floor":16,"turns":18},{"damage":17,"enemies":"Chosen","floor":18,"turns":6},{"damage":4,"enemies":"3 Byrds","floor":19,"turns":3},{"damage":6,"enemies":"Snake Plant","floor":22,"turns":3},{"damage":3,"enemies":"Centurion and Healer","floor":23,"turns":5},{"damage":17,"enemies":"Chosen and Byrds","floor":28,"turns":3},{"damage":35,"enemies":"Snake Plant","floor":29,"turns":3},{"damage":5,"enemies":"Gremlin Leader","floor":30,"turns":3},{"damage":35,"enemies":"3 Cultists","floor":31,"turns":6},{"damage":103,"enemies":"Champ","floor":33,"turns":10},{"damage":11,"enemies":"Orb Walker","floor":35,"turns":3},{"damage":14,"enemies":"3 Shapes","floor":36,"turns":4},{"damage":54,"enemies":"3 Darklings","floor":37,"turns":5},{"damage":28,"enemies":"Writhing Mass","floor":38,"turns":5},{"damage":84,"enemies":"2 Orb Walkers","floor":39,"turns":5},{"damage":26,"enemies":"Giant Head","floor":40,"turns":6},{"damage":27,"enemies":"Sphere and 2 Shapes","floor":42,"turns":3},{"damage":6,"enemies":"Reptomancer","floor":46,"turns":4},{"damage":34,"enemies":"Giant Head","floor":48,"turns":6},{"damage":58,"enemies":"Donu and Deca","floor":50,"turns":7}],"seed_played":"8224493553653228836","potions_obtained":[{"floor":1,"key":"BloodPotion"},{"floor":10,"key":"Weak Potion"},{"floor":11,"key":"Energy Potion"},{"floor":14,"key":"PowerPotion"},{"floor":18,"key":"Block Potion"},{"floor":22,"key":"SteroidPotion"},{"floor":29,"key":"BloodPotion"},{"floor":33,"key":"Swift Potion"},{"floor":38,"key":"Explosive Potion"},{"floor":40,"key":"Dexterity Potion"},{"floor":46,"key":"Weak Potion"}],"is_trial":false,"path_per_floor":["M","?","$","M","?","E","R","E","T","M","M","E","?","M","R","B",null,"M","M","?","?","M","M","R","$","T","?","M","M","E","M","R","B",null,"M","M","M","M","?","E","R","M","T","T","$","E","?","E","R","B",null],"character_chosen":"IRONCLAD","items_purchased":["Singing Bowl","Pantograph"],"campfire_rested":0,"item_purchase_floors":[25,45],"current_hp_per_floor":[77,77,77,82,87,61,61,32,32,44,53,44,44,60,60,47,96,89,95,81,81,81,81,81,81,81,65,76,57,82,73,73,16,74,86,101,64,75,49,43,43,73,73,73,73,109,109,93,93,116],"gold":99,"neow_bonus":"RANDOM_COMMON_RELIC","is_prod":false,"is_daily":false,"chose_seed":false,"campfire_upgraded":5,"win_rate":0,"timestamp":1545438458,"path_taken":["M","?","?","M","?","E","R","E","T","M","M","E","?","M","R","BOSS","M","M","?","?","M","M","R","$","T","?","M","M","E","M","R","BOSS","M","M","M","?","?","E","R","M","T","?","$","E","?","E","R","BOSS"],"build_version":"2018-12-20","purchased_purges":2,"victory":true,"max_hp_per_floor":[87,87,87,87,92,92,92,96,96,100,104,108,108,112,112,112,112,112,116,81,81,81,81,81,81,81,81,87,89,93,93,93,93,93,95,101,101,107,113,113,113,117,117,117,114,120,120,120,120,120],"card_choices":[{"not_picked":["Havoc","Metallicize"],"picked":"Flame Barrier","floor":1},{"not_picked":["Flex","Heavy Blade"],"picked":"Dropkick","floor":4},{"not_picked":["Wild Strike","Inflame"],"picked":"Feed","floor":6},{"not_picked":["Searing Blow","Wild Strike"],"picked":"Reaper","floor":8},{"not_picked":["Sword Boomerang","True Grit"],"picked":"Seeing Red","floor":10},{"not_picked":["Dropkick","Combust"],"picked":"Clothesline","floor":11},{"not_picked":["Headbutt","Armaments"],"picked":"Iron Wave","floor":12},{"not_picked":["Inflame","Armaments"],"picked":"Shrug It Off","floor":14},{"not_picked":["Dark Embrace","Berserk"],"picked":"Limit Break","floor":16},{"not_picked":["Bloodletting+1","Armaments"],"picked":"Pummel+1","floor":18},{"not_picked":["Cleave","Heavy Blade+1"],"picked":"Rage","floor":19},{"not_picked":["Cleave","Sentinel"],"picked":"Thunderclap+1","floor":22},{"not_picked":["Anger","Thunderclap","Twin Strike+1"],"picked":"SKIP","floor":23},{"not_picked":["Feel No Pain","Perfected Strike+1","Body Slam"],"picked":"Singing Bowl","floor":28},{"not_picked":["Perfected Strike","Reckless Charge+1","Bloodletting"],"picked":"Singing Bowl","floor":29},{"not_picked":["Wild Strike+1","Shrug It Off"],"picked":"Reaper","floor":30},{"not_picked":["Evolve","Thunderclap+1"],"picked":"Shrug It Off","floor":31},{"not_picked":["Berserk","Immolate+1"],"picked":"Brutality","floor":33},{"not_picked":["Clothesline+1"],"picked":"Singing Bowl","floor":35},{"not_picked":["Clash+1"],"picked":"Singing Bowl","floor":36},{"not_picked":[],"picked":"Blood for Blood+1","floor":37},{"not_picked":[],"picked":"Flame Barrier+1","floor":38},{"not_picked":["Dual Wield"],"picked":"Singing Bowl","floor":39},{"not_picked":[],"picked":"Disarm","floor":40},{"not_picked":[],"picked":"Ghostly Armor","floor":42},{"not_picked":["Armaments"],"picked":"Singing Bowl","floor":46},{"not_picked":[],"picked":"Infernal Blade+1","floor":48}],"player_experience":170223,"relics_obtained":[{"floor":6,"key":"Darkstone Periapt"},{"floor":8,"key":"Lantern"},{"floor":9,"key":"Bronze Scales"},{"floor":12,"key":"Art of War"},{"floor":26,"key":"PreservedInsect"},{"floor":30,"key":"Molten Egg 2"},{"floor":39,"key":"Shovel"},{"floor":40,"key":"Orichalcum"},{"floor":41,"key":"Bag of Marbles"},{"floor":43,"key":"Mummified Hand"},{"floor":44,"key":"Oddly Smooth Stone"},{"floor":46,"key":"Bottled Tornado"},{"floor":48,"key":"Paper Frog"}],"event_choices":[{"damage_healed":0,"gold_gain":0,"player_choice":"Upgraded","damage_taken":0,"max_hp_gain":0,"max_hp_loss":0,"event_name":"Upgrade Shrine","floor":2,"gold_loss":0,"cards_upgraded":["Bash"]},{"damage_healed":0,"gold_gain":0,"player_choice":"Donut","damage_taken":0,"max_hp_gain":5,"max_hp_loss":0,"event_name":"Big Fish","floor":5,"gold_loss":0},{"cards_removed":["Strike_R"],"damage_healed":0,"gold_gain":0,"player_choice":"Card Removal","damage_taken":0,"max_hp_gain":0,"max_hp_loss":0,"event_name":"The Cleric","floor":13,"gold_loss":50},{"damage_healed":0,"gold_gain":0,"player_choice":"Became a vampire","damage_taken":0,"max_hp_gain":0,"max_hp_loss":35,"event_name":"Vampires","floor":20,"gold_loss":0,"cards_obtained":["Bite","Bite","Bite","Bite","Bite"]},{"damage_healed":0,"gold_gain":0,"player_choice":"Obtain J.A.X.","damage_taken":0,"max_hp_gain":0,"max_hp_loss":0,"event_name":"Drug Dealer","floor":21,"gold_loss":0,"cards_obtained":["J.A.X."]},{"damage_healed":0,"gold_gain":0,"player_choice":"CARD ","damage_taken":16,"max_hp_gain":0,"max_hp_loss":0,"event_name":"Knowing Skull","floor":27,"potions_obtained":[],"gold_loss":0,"cards_obtained":["Discovery"]},{"damage_healed":0,"gold_gain":0,"player_choice":"Fight","damage_taken":0,"max_hp_gain":0,"max_hp_loss":0,"event_name":"Mysterious Sphere","floor":39,"gold_loss":0},{"cards_removed":["Reaper"],"damage_healed":0,"gold_gain":0,"player_choice":"Removed Attack","damage_taken":0,"max_hp_gain":0,"max_hp_loss":0,"event_name":"Falling","floor":47,"gold_loss":0}],"is_beta":false,"boss_relics":[{"not_picked":["Astrolabe","Velvet Choker"],"picked":"Coffee Dripper"},{"not_picked":["Tiny House","Runic Dome"],"picked":"Busted Crown"}],"items_purged_floors":[3,45],"is_endless":false,"potions_floor_spawned":[1,10,11,14,18,22,29,30,33,38,39,40,46,48],"ascension_level":8}