{"gold_per_floor":[112,27,27,45,45,72,72,100,123,48,48,61,76,104,104,179,179,193,170,18,29,40,40,73,73,146,156,31,41,91,122,122,197,197,213,229,79,98,108,108,140,157,184,184,201,26,59,72,72,72,72,72,72,30,63,63],"floor_reached":57,"playtime":2904,"items_purged":["Strike_R","Strike_R","Strike_R","Shame","Pain"],"score":2798,"play_id":"c64b63cc-dc29-40ff-b55f-eadfab1b569d","local_time":"20190303122503","is_ascension_mode":true,"campfire_choices":[{"data":"Carnage","floor":7.0,"key":"SMITH"},{"data":"Armaments","floor":15.0,"key":"SMITH"},{"data":"Demon Form","floor":23.0,"key":"SMITH"},{"data":"Shockwave","floor":32.0,"key":"SMITH"},{"data":"Burning Pact","floor":40.0,"key":"SMITH"},{"data":"Limit Break","floor":44.0,"key":"SMITH"},{"floor":49.0,"key":"RECALL"},{"data":"Offering","floor":53.0,"key":"SMITH"}],"neow_cost":"NONE","seed_source_timestamp":0,"circlet_count":0,"master_deck":["AscendersBane","Strike_R","Defend_R","Defend_R","Defend_R","Defend_R","Bash","Carnage+1","Burning Pact+1","Reaper","Armaments+1","Demon Form+1","Seeing Red+1","Shrug It Off","Dual Wield","Offering+1","Offering","Reaper","Evolve","Heavy Blade","Shockwave+1","Limit Break+1","Sword Boomerang+1","Reaper","Second Wind+1","Battle Trance+1","Feel No Pain","Reaper"],"special_seed":0,"relics":["Burning Blood","NeowsBlessing","Dream Catcher","FossilizedHelix","Happy Flower","Question Card","Cursed Key","Pantograph","Ornamental Fan","Juzu Bracelet","Sozu","Bronze Scales","Anchor","Letter Opener"],"potions_floor_usage":[56],"damage_taken":[{"damage":0.0,"enemies":"Cultist","floor":1.0,"turns":1.0},{"damage":0.0,"enemies":"2 Louse","floor":4.0,"turns":1.0},{"damage":0.0,"enemies":"Gremlin Nob","floor":6.0,"turns":1.0},{"damage":15.0,"enemies":"Lagavulin","floor":8.0,"turns":5.0},{"damage":0.0,"enemies":"Jaw Worm","floor":12.0,"turns":2.0},{"damage":3.0,"enemies":"Blue Slaver","floor":13.0,"turns":3.0},{"damage":12.0,"enemies":"3 Sentries","floor":14.0,"turns":9.0},{"damage":12.0,"enemies":"Slime Boss","floor":16.0,"turns":8.0},{"damage":25.0,"enemies":"3 Byrds","floor":18.0,"turns":6.0},{"damage":20.0,"enemies":"2 Thieves","floor":19.0,"turns":4.0},{"damage":35.0,"enemies":"Snake Plant","floor":21.0,"turns":4.0},{"damage":37.0,"enemies":"3 Cultists","floor":22.0,"turns":6.0},{"damage":71.0,"enemies":"Gremlin Leader","floor":24.0,"turns":7.0},{"damage":28.0,"enemies":"Centurion and Healer","floor":27.0,"turns":7.0},{"damage":16.0,"enemies":"Cultist and Chosen","floor":29.0,"turns":6.0},{"damage":135.0,"enemies":"Book of Stabbing","floor":31.0,"turns":8.0},{"damage":180.0,"enemies":"Collector","floor":33.0,"turns":12.0},{"damage":26.0,"enemies":"3 Shapes","floor":35.0,"turns":6.0},{"damage":19.0,"enemies":"Orb Walker","floor":36.0,"turns":4.0},{"damage":26.0,"enemies":"Maw","floor":38.0,"turns":7.0},{"damage":6.0,"enemies":"Transient","floor":39.0,"turns":6.0},{"damage":53.0,"enemies":"Nemesis","floor":41.0,"turns":5.0},{"damage":89.0,"enemies":"4 Shapes","floor":42.0,"turns":6.0},{"damage":84.0,"enemies":"Sphere and 2 Shapes","floor":45.0,"turns":7.0},{"damage":40.0,"enemies":"Giant Head","floor":47.0,"turns":6.0},{"damage":60.0,"enemies":"Transient","floor":48.0,"turns":6.0},{"damage":159.0,"enemies":"Donu and Deca","floor":50.0,"turns":8.0},{"damage":75.0,"enemies":"Time Eater","floor":51.0,"turns":8.0},{"damage":122.0,"enemies":"Shield and Spear","floor":55.0,"turns":6.0},{"damage":100,"enemies":"The Heart","floor":56,"turns":8}],"seed_played":"6779455141945900545","potions_obtained":[{"floor":4.0,"key":"FearPotion"},{"floor":6.0,"key":"Weak Potion"},{"floor":8.0,"key":"Strength Potion"},{"floor":13.0,"key":"SkillPotion"},{"floor":14.0,"key":"Fire Potion"},{"floor":22.0,"key":"Ancient Potion"},{"floor":24.0,"key":"SpeedPotion"}],"is_trial":false,"path_per_floor":["M","$","?","M","$","E","R","E","T","$","?","M","M","E","R","B",null,"M","M","$","M","M","R","E","?","T","M","$","M","?","E","R","B",null,"M","M","$","M","M","R","E","M","T","R","M","$","E","M","R","B","B",null,"R","$","E","B",null],"character_chosen":"IRONCLAD","items_purchased":["Carnage","Shrug It Off","Feel No Pain"],"campfire_rested":0,"item_purchase_floors":[2,20,54],"current_hp_per_floor":[74,74,74,75,75,75,75,66,66,66,71,77,80,74,74,68,77,58,54,54,34,39,39,35,35,35,80,80,80,80,31,31,80,80,80,77,77,80,80,80,80,80,80,80,57,57,53,72,72,25,69,77,77,77,80,80],"gold":63,"neow_bonus":"THREE_ENEMY_KILL","is_prod":false,"is_daily":false,"chose_seed":false,"campfire_upgraded":7,"win_rate":0,"timestamp":1551587103,"path_taken":["M","?","?","?","?","E","R","E","T","$","?","M","M","E","R","BOSS","M","M","$","M","M","R","E","?","T","?","$","?","?","E","R","BOSS","M","M","$","M","M","R","E","M","T","R","M","$","E","M","R","BOSS","BOSS","R","$","E","BOSS"],"build_version":"2019-01-23","purchased_purges":5,"victory":true,"max_hp_per_floor":[75,75,75,75,75,75,75,75,75,75,80,80,80,80,80,80,80,80,80,80,80,80,80,80,80,80,80,80,80,80,80,80,80,80,80,80,80,80,80,80,80,80,80,80,80,80,80,80,80,80,80,80,80,80,80,80],"card_choices":[{"not_picked":["Sword Boomerang","Perfected Strike","Iron Wave"],"picked":"SKIP","floor":1.0},{"not_picked":["Corruption","Twin Strike","Heavy Blade"],"picked":"SKIP","floor":4.0},{"not_picked":["Rupture","Pummel"],"picked":"Burning Pact","floor":6.0},{"not_picked":["Ghostly Armor","Burning Pact"],"picked":"Reaper","floor":8.0},{"not_picked":["Blood for Blood","Corruption","Heavy Blade"],"picked":"SKIP","floor":12.0},{"not_picked":["Thunderclap","Uppercut","Clash"],"picked":"SKIP","floor":13.0},{"not_picked":["Burning Pact","Reckless Charge"],"picked":"Armaments","floor":14.0},{"not_picked":["Barricade","Impervious","Dark Embrace"],"picked":"Demon Form","floor":16.0},{"not_picked":["Perfected Strike","Reckless Charge+1","Rupture+1","Warcry"],"picked":"SKIP","floor":18.0},{"not_picked":["Body Slam","Wild Strike","Whirlwind"],"picked":"Seeing Red+1","floor":19.0},{"not_picked":["Warcry","Perfected Strike","Intimidate"],"picked":"Dual Wield","floor":21.0},{"not_picked":["Headbutt","Sword Boomerang","Body Slam"],"picked":"Offering","floor":22.0},{"not_picked":["Metallicize","Clothesline","Feel No Pain"],"picked":"Offering","floor":24.0},{"not_picked":["Warcry","Ghostly Armor","Iron Wave"],"picked":"Evolve","floor":27.0},{"not_picked":["Intimidate","Ghostly Armor+1","Heavy Blade","Thunderclap"],"picked":"SKIP","floor":29.0},{"not_picked":["Intimidate","Ghostly Armor+1","Thunderclap"],"picked":"Heavy Blade","floor":29.0},{"not_picked":["Iron Wave","Burning Pact+1","Wild Strike"],"picked":"Shockwave","floor":31.0},{"not_picked":["Juggernaut","Immolate","Impervious"],"picked":"Limit Break","floor":33.0},{"not_picked":["True Grit","Cleave","Iron Wave","Headbutt"],"picked":"SKIP","floor":35.0},{"not_picked":["True Grit","Cleave","Iron Wave","Headbutt"],"picked":"SKIP","floor":35.0},{"not_picked":["Headbutt","Cleave+1","Fire Breathing"],"picked":"Sword Boomerang+1","floor":36.0},{"not_picked":["Flame Barrier","Evolve","Flex","Clothesline"],"picked":"SKIP","floor":38.0},{"not_picked":["Shrug It Off","Anger","Twin Strike"],"picked":"Reaper","floor":39.0},{"not_picked":["Twin Strike","Heavy Blade+1","Armaments","Uppercut"],"picked":"SKIP","floor":41.0},{"not_picked":["Havoc","Dropkick","Clash+1"],"picked":"Second Wind+1","floor":42.0},{"not_picked":["Clothesline","Headbutt","Wild Strike","Twin Strike"],"picked":"SKIP","floor":45.0},{"not_picked":["Intimidate+1","Demon Form","Iron Wave+1","Shrug It Off"],"picked":"SKIP","floor":47.0},{"not_picked":["Cleave","Bloodletting","Searing Blow"],"picked":"Battle Trance+1","floor":48.0},{"not_picked":["Shrug It Off+1","Bloodletting","Rage"],"picked":"Reaper","floor":55.0}],"player_experience":1135077,"relics_obtained":[{"floor":6.0,"key":"Dream Catcher"},{"floor":8.0,"key":"FossilizedHelix"},{"floor":9.0,"key":"Happy Flower"},{"floor":14.0,"key":"Question Card"},{"floor":24.0,"key":"Pantograph"},{"floor":26.0,"key":"Ornamental Fan"},{"floor":31.0,"key":"Juzu Bracelet"},{"floor":41.0,"key":"Bronze Scales"},{"floor":47.0,"key":"Anchor"},{"floor":55.0,"key":"Letter Opener"}],"event_choices":[{"cards_removed":["Strike_R"],"damage_healed":0.0,"max_hp_gain":0.0,"max_hp_loss":0.0,"gold_gain":0.0,"event_name":"Purifier","player_choice":"Purged","floor":3.0,"gold_loss":0.0,"damage_taken":0.0},{"damage_healed":0.0,"max_hp_gain":5.0,"max_hp_loss":0.0,"gold_gain":0.0,"event_name":"Big Fish","player_choice":"Donut","floor":11.0,"gold_loss":0.0,"damage_taken":0.0},{"damage_healed":0.0,"max_hp_gain":0.0,"max_hp_loss":0.0,"gold_gain":0.0,"event_name":"Duplicator","player_choice":"Copied","floor":25.0,"gold_loss":0.0,"damage_taken":0.0,"cards_obtained":["Reaper"]},{"damage_healed":0.0,"max_hp_gain":0.0,"max_hp_loss":0.0,"gold_gain":50.0,"event_name":"Nest","player_choice":"Stole From Cult","floor":30.0,"gold_loss":0.0,"damage_taken":0.0}],"is_beta":false,"boss_relics":[{"not_picked":["Lizard Tail","Orrery"],"picked":"Cursed Key"},{"not_picked":["Runic Pyramid","Tiny House"],"picked":"Sozu"}],"items_purged_floors":[10,20,28,37,46],"is_endless":false,"potions_floor_spawned":[4,6,8,13,14,22,24,27,31,36,39,42,45],"ascension_level":20}