{"gold_per_floor":[114,127,52,52,67,102,102,132,432,432,465,108,108],"floor_reached":13,"playtime":417,"items_purged":["Strike_R"],"score":202,"play_id":"8ff451cb-94e8-47df-b035-f21cb03d4333","local_time":"20190215235052","is_ascension_mode":true,"campfire_choices":[{"data":"Heavy Blade","floor":7.0,"key":"SMITH"}],"neow_cost":"NONE","seed_source_timestamp":2708763603025822,"circlet_count":0,"master_deck":["AscendersBane","Strike_R","Defend_R","Defend_R","Defend_R","Defend_R","Bash","Spot Weakness","Sword Boomerang","Heavy Blade+1","Second Wind","Inflame","Shrug It Off","Uppercut"],"special_seed":0,"relics":["Burning Blood","Girya","Mango","Old Coin","Darkstone Periapt","Meat on the Bone"],"potions_floor_usage":[],"damage_taken":[{"damage":0.0,"enemies":"2 Louse","floor":1.0,"turns":3.0},{"damage":1.0,"enemies":"Small Slimes","floor":2.0,"turns":5.0},{"damage":1.0,"enemies":"Cultist","floor":5.0,"turns":3.0},{"damage":20.0,"enemies":"Lagavulin","floor":6.0,"turns":5.0},{"damage":30.0,"enemies":"3 Sentries","floor":8.0,"turns":8.0},{"damage":27.0,"enemies":"Lagavulin","floor":11.0,"turns":7.0},{"damage":32,"enemies":"Lots of Slimes","floor":13,"turns":4}],"seed_played":"7153659579510620720","potions_obtained":[{"floor":1.0,"key":"Explosive Potion"},{"floor":8.0,"key":"Swift Potion"}],"is_trial":false,"path_per_floor":["M","M","$","?","M","E","R","E","T","?","E","$","M"],"character_chosen":"IRONCLAD","items_purchased":["Second Wind","Meat on the Bone"],"campfire_rested":0,"item_purchase_floors":[3,12],"current_hp_per_floor":[74,75,75,68,73,59,59,49,49,49,28,28,0],"gold":108,"neow_bonus":"TRANSFORM_CARD","is_prod":false,"is_daily":false,"chose_seed":false,"campfire_upgraded":1,"win_rate":0,"timestamp":1550245852,"path_taken":["M","M","$","?","M","E","R","E","T","?","E","?","M"],"build_version":"2019-01-23","purchased_purges":1,"victory":false,"max_hp_per_floor":[75,75,75,75,75,75,75,89,89,89,89,89,89],"card_choices":[{"not_picked":["Bloodletting","Disarm"],"picked":"Sword Boomerang","floor":1.0},{"not_picked":["Ghostly Armor","Perfected Strike"],"picked":"Heavy Blade","floor":2.0},{"not_picked":["Headbutt","Uppercut"],"picked":"Inflame","floor":5.0},{"not_picked":["Hemokinesis","Pommel Strike","Rupture"],"picked":"SKIP","floor":6.0},{"not_picked":["True Grit","Warcry"],"picked":"Shrug It Off","floor":8.0},{"not_picked":["Fire Breathing","Warcry"],"picked":"Uppercut","floor":11}],"player_experience":907863,"relics_obtained":[{"floor":6.0,"key":"Girya"},{"floor":8.0,"key":"Mango"},{"floor":9.0,"key":"Old Coin"},{"floor":11,"key":"Darkstone Periapt"}],"event_choices":[{"cards_removed":["Strike_R"],"damage_healed":0.0,"max_hp_gain":0.0,"max_hp_loss":0.0,"gold_gain":0.0,"event_name":"Golden Wing","player_choice":"Card Removal","floor":4.0,"gold_loss":0.0,"damage_taken":7.0},{"cards_removed":["Strike_R"],"damage_healed":0.0,"max_hp_gain":0.0,"max_hp_loss":0.0,"gold_gain":0.0,"event_name":"Purifier","player_choice":"Purged","floor":10.0,"gold_loss":0.0,"damage_taken":0.0}],"is_beta":false,"boss_relics":[],"items_purged_floors":[12],"is_endless":false,"potions_floor_spawned":[1,8],"killed_by":"Lots of Slimes","ascension_level":20}