{"gold_per_floor":[116,127,180,160,177,208,208,219,219,219,232,262,278,293,293,395,395,407,427,199,219,235,267,267,267],"floor_reached":25,"playtime":1449,"items_purged":["Strike_R"],"score":394,"play_id":"1db44c2e-5a63-4635-b9bd-d63674a35843","local_time":"20181221231942","is_ascension_mode":true,"campfire_choices":[{"data":"Bash","floor":7.0,"key":"SMITH"},{"data":"Pommel Strike","floor":10.0,"key":"SMITH"},{"floor":15.0,"key":"REST"},{"floor":24,"key":"REST"}],"neow_cost":"NONE","seed_source_timestamp":41586581472514,"circlet_count":0,"master_deck":["Strike_R","Strike_R","Strike_R","Strike_R","Defend_R","Defend_R","Defend_R","Defend_R","Bash+1","Pommel Strike+1","Thunderclap","Clothesline","Iron Wave","Battle Trance","Headbutt","Feed","Armaments","Inflame","Barricade","Shockwave","Seeing Red","Armaments+1","True Grit"],"special_seed":0,"relics":["Burning Blood","Centennial Puzzle","Dodecahedron","Mango","Mark of Pain","Vajra","Juzu Bracelet"],"potions_floor_usage":[],"damage_taken":[{"damage":1.0,"enemies":"2 Louse","floor":1.0,"turns":4.0},{"damage":6.0,"enemies":"Jaw Worm","floor":2.0,"turns":5.0},{"damage":2.0,"enemies":"Cultist","floor":5.0,"turns":4.0},{"damage":16.0,"enemies":"Gremlin Nob","floor":6.0,"turns":3.0},{"damage":16.0,"enemies":"2 Fungi Beasts","floor":8.0,"turns":4.0},{"damage":5.0,"enemies":"Blue Slaver","floor":11.0,"turns":3.0},{"damage":38.0,"enemies":"Lagavulin","floor":12.0,"turns":7.0},{"damage":13.0,"enemies":"3 Louse","floor":13.0,"turns":4.0},{"damage":7.0,"enemies":"Looter","floor":14.0,"turns":3.0},{"damage":42.0,"enemies":"The Guardian","floor":16.0,"turns":14.0},{"damage":11.0,"enemies":"2 Thieves","floor":18.0,"turns":4.0},{"damage":9.0,"enemies":"Shell Parasite","floor":19.0,"turns":4.0},{"damage":23.0,"enemies":"Centurion and Healer","floor":21.0,"turns":5.0},{"damage":18.0,"enemies":"Snecko","floor":22.0,"turns":7.0},{"damage":51,"enemies":"Slavers","floor":23,"turns":8},{"damage":56,"enemies":"Book of Stabbing","floor":25,"turns":5}],"seed_played":"-1761032717174827796","potions_obtained":[{"floor":2.0,"key":"SneckoOil"},{"floor":4.0,"key":"Fire Potion"},{"floor":11.0,"key":"EssenceOfSteel"},{"floor":12.0,"key":"AttackPotion"},{"floor":14.0,"key":"Block Potion"},{"floor":16.0,"key":"Ancient Potion"},{"floor":18.0,"key":"Fruit Juice"},{"floor":22.0,"key":"FearPotion"},{"floor":23,"key":"Ancient Potion"}],"is_trial":false,"path_per_floor":["M","M","?","?","M","E","R","M","T","R","M","E","M","M","R","B",null,"M","M","$","M","M","E","R","E"],"character_chosen":"IRONCLAD","items_purchased":["Vajra"],"campfire_rested":2,"item_purchase_floors":[20],"current_hp_per_floor":[77,77,77,77,80,70,70,60,60,60,61,46,42,44,74,41,90,90,87,87,70,62,17,51,0],"gold":267,"neow_bonus":"THREE_CARDS","is_prod":false,"is_daily":false,"chose_seed":false,"campfire_upgraded":2,"win_rate":0,"timestamp":1545452382,"path_taken":["M","M","?","?","M","E","R","M","T","R","M","E","?","M","R","BOSS","M","M","$","M","M","E","R","E"],"build_version":"2018-12-20","purchased_purges":1,"victory":false,"max_hp_per_floor":[80,80,80,80,80,80,80,80,80,80,80,97,100,103,103,106,106,111,111,111,111,115,115,115,115],"card_choices":[{"not_picked":["Havoc","Body Slam"],"picked":"Pommel Strike","floor":0.0},{"not_picked":["Sword Boomerang","Warcry"],"picked":"Thunderclap","floor":1.0},{"not_picked":["Body Slam","Havoc"],"picked":"Clothesline","floor":2.0},{"not_picked":["True Grit","Body Slam"],"picked":"Iron Wave","floor":5.0},{"not_picked":["Second Wind","Wild Strike"],"picked":"Battle Trance","floor":6.0},{"not_picked":["Body Slam","Thunderclap"],"picked":"Headbutt","floor":8.0},{"not_picked":["Hemokinesis","Sentinel"],"picked":"Feed","floor":11.0},{"not_picked":["True Grit","Warcry"],"picked":"Armaments","floor":12.0},{"not_picked":["Havoc","Dropkick"],"picked":"Inflame","floor":13.0},{"not_picked":["Combust","Cleave","Entrench"],"picked":"SKIP","floor":14.0},{"not_picked":["Feed","Brutality"],"picked":"Barricade","floor":16.0},{"not_picked":["Uppercut","Fire Breathing"],"picked":"Shockwave","floor":18.0},{"not_picked":["Sword Boomerang+1","Armaments"],"picked":"Seeing Red","floor":19.0},{"not_picked":["Feel No Pain","Wild Strike+1"],"picked":"Armaments+1","floor":21.0},{"not_picked":["Cleave","Body Slam+1"],"picked":"True Grit","floor":22.0},{"not_picked":["Searing Blow","Sword Boomerang+1","Wild Strike"],"picked":"SKIP","floor":23}],"player_experience":177411,"relics_obtained":[{"floor":6.0,"key":"Centennial Puzzle"},{"floor":9.0,"key":"Dodecahedron"},{"floor":12.0,"key":"Mango"},{"floor":23,"key":"Juzu Bracelet"}],"event_choices":[{"damage_healed":0.0,"max_hp_gain":0.0,"max_hp_loss":0.0,"gold_gain":53.0,"event_name":"Golden Wing","player_choice":"Gained Gold","floor":3.0,"gold_loss":0.0,"damage_taken":0.0},{"damage_healed":0.0,"max_hp_gain":0.0,"max_hp_loss":0.0,"gold_gain":0.0,"event_name":"The Woman in Blue","player_choice":"Bought 1 Potion","floor":4.0,"gold_loss":0.0,"damage_taken":0.0}],"is_beta":false,"boss_relics":[{"not_picked":["Tiny House","Runic Pyramid"],"picked":"Mark of Pain"}],"items_purged_floors":[20],"is_endless":false,"potions_floor_spawned":[2,11,12,14,16,18,22,23],"killed_by":"Book of Stabbing","ascension_level":9}