{"gold_per_floor":[211,41,57,30,45,45,72,72,96,123,123,142,142,154,154,255,255,272,197,213,72,72,98,98,125,149,164,175,175,191,205,205,308,308,318,333,349,363,363,363,395,407,407,48,148,148,162,162,162,162],"floor_reached":50,"playtime":1662,"items_purged":["Defend_R"],"score":631,"play_id":"eae7466d-37f5-429d-94d3-5b08022ae602","local_time":"20190416204503","is_ascension_mode":true,"campfire_choices":[{"data":"Apotheosis","floor":6,"key":"SMITH"},{"data":"Searing Blow+1","floor":8,"key":"SMITH"},{"data":"Searing Blow+2","floor":11,"key":"SMITH"},{"data":"Searing Blow+3","floor":15,"key":"SMITH"},{"floor":24,"key":"REST"},{"data":"Searing Blow+4","floor":29,"key":"SMITH"},{"data":"Searing Blow+5","floor":32,"key":"SMITH"},{"data":"Searing Blow+6","floor":40,"key":"SMITH"},{"data":"Searing Blow+7","floor":46,"key":"SMITH"},{"floor":49,"key":"REST"}],"neow_cost":"NONE","seed_source_timestamp":298785010851547,"circlet_count":0,"master_deck":["Strike_R","Strike_R","Strike_R+1","Defend_R","Defend_R","Defend_R","Bash","Apotheosis+1","Searing Blow+8","Armaments+1","Armaments+1","Double Tap","Shrug It Off","Offering+1"],"relics":["Burning Blood","Whetstone","Lantern","War Paint","Busted Crown","Art of War","Centennial Puzzle","Happy Flower","Lizard Tail","Dead Branch","Toxic Egg 2","Juzu Bracelet"],"potions_floor_usage":[7,14,14,42,42,50,50,50],"damage_taken":[{"damage":6,"enemies":"Cultist","floor":1,"turns":3},{"damage":5,"enemies":"Small Slimes","floor":3,"turns":4},{"damage":0,"enemies":"2 Louse","floor":5,"turns":5},{"damage":19,"enemies":"3 Sentries","floor":7,"turns":8},{"damage":19,"enemies":"Gremlin Nob","floor":10,"turns":4},{"damage":3,"enemies":"Exordium Thugs","floor":12,"turns":5},{"damage":9,"enemies":"Gremlin Gang","floor":14,"turns":3},{"damage":63,"enemies":"Hexaghost","floor":16,"turns":10},{"damage":0,"enemies":"Chosen","floor":18,"turns":3},{"damage":3,"enemies":"Spheric Guardian","floor":20,"turns":3},{"damage":48,"enemies":"Gremlin Leader","floor":23,"turns":7},{"damage":14,"enemies":"Book of Stabbing","floor":25,"turns":3},{"damage":4,"enemies":"3 Cultists","floor":27,"turns":5},{"damage":0,"enemies":"Snake Plant","floor":28,"turns":1},{"damage":0,"enemies":"Snecko","floor":30,"turns":3},{"damage":0,"enemies":"Centurion and Healer","floor":31,"turns":4},{"damage":56,"enemies":"Automaton","floor":33,"turns":8},{"damage":4,"enemies":"3 Shapes","floor":35,"turns":3},{"damage":0,"enemies":"Orb Walker","floor":36,"turns":2},{"damage":17,"enemies":"Maw","floor":37,"turns":6},{"damage":27,"enemies":"Writhing Mass","floor":38,"turns":6},{"damage":58,"enemies":"Giant Head","floor":41,"turns":7},{"damage":24,"enemies":"Transient","floor":42,"turns":5},{"damage":12,"enemies":"Maw","floor":47,"turns":5},{"damage":61,"enemies":"Donu and Deca","floor":50,"turns":6}],"seed_played":"-3770631536028905435","potions_obtained":[{"floor":3,"key":"Explosive Potion"},{"floor":5,"key":"Fire Potion"},{"floor":10,"key":"SteroidPotion"},{"floor":12,"key":"Fire Potion"},{"floor":23,"key":"SneckoOil"},{"floor":25,"key":"SteroidPotion"},{"floor":28,"key":"Explosive Potion"},{"floor":38,"key":"FearPotion"},{"floor":41,"key":"SkillPotion"},{"floor":47,"key":"SpeedPotion"}],"is_trial":false,"path_per_floor":["M","$","M","$","M","R","E","R","T","E","R","M","?","M","R","B",null,"M","$","M","$","?","E","R","E","T","M","M","R","M","M","R","B",null,"M","M","M","M","?","R","E","M","T","$","?","R","M","?","R","B"],"character_chosen":"IRONCLAD","items_purchased":["Apotheosis","Armaments","Double Tap","Offering+1","Juzu Bracelet","Block Potion"],"campfire_rested":2,"item_purchase_floors":[2,4,21,44,44,44],"current_hp_per_floor":[80,80,80,80,80,80,67,67,67,54,54,57,80,77,77,20,80,80,80,80,80,80,38,62,54,54,56,62,62,68,74,74,24,80,80,80,69,48,48,48,46,28,28,28,28,28,22,22,44,0],"gold":162,"neow_bonus":"HUNDRED_GOLD","is_prod":false,"is_daily":false,"chose_seed":false,"campfire_upgraded":8,"win_rate":0,"timestamp":1555465503,"path_taken":["M","$","M","?","M","R","E","R","T","E","R","M","?","M","R","BOSS","M","$","?","$","?","E","R","E","T","?","M","R","M","M","R","BOSS","M","M","M","M","?","R","E","M","T","?","?","R","M","?","R","BOSS"],"build_version":"2019-04-04","purchased_purges":1,"victory":false,"max_hp_per_floor":[80,80,80,80,80,80,80,80,80,80,80,80,80,80,80,80,80,80,80,80,80,80,80,80,80,80,80,80,80,80,80,80,80,80,80,80,80,80,80,80,80,80,80,80,80,80,80,76,76,76],"card_choices":[{"not_picked":["Havoc","Cleave","Sever Soul"],"picked":"SKIP","floor":1},{"not_picked":["True Grit","Dropkick"],"picked":"Searing Blow","floor":3},{"not_picked":["Blood for Blood","Power Through","Pommel Strike"],"picked":"SKIP","floor":5},{"not_picked":["Infernal Blade","Hemokinesis"],"picked":"Armaments","floor":7},{"not_picked":["Power Through","Uppercut","Body Slam"],"picked":"SKIP","floor":10},{"not_picked":["Sword Boomerang","Pommel Strike","Flex"],"picked":"SKIP","floor":12},{"not_picked":["Ghostly Armor","Twin Strike","Pommel Strike"],"picked":"SKIP","floor":14},{"not_picked":["Anger"],"picked":"SKIP","floor":18},{"not_picked":["Wild Strike"],"picked":"SKIP","floor":20},{"not_picked":["Heavy Blade"],"picked":"SKIP","floor":23},{"not_picked":["True Grit+1"],"picked":"SKIP","floor":25},{"not_picked":["Shockwave"],"picked":"SKIP","floor":27},{"not_picked":["True Grit"],"picked":"SKIP","floor":28},{"not_picked":["Anger"],"picked":"SKIP","floor":30},{"not_picked":["Shrug It Off"],"picked":"SKIP","floor":31},{"not_picked":[],"picked":"Shrug It Off","floor":31},{"not_picked":["Body Slam+1"],"picked":"SKIP","floor":35},{"not_picked":["Cleave"],"picked":"SKIP","floor":36},{"not_picked":["Anger"],"picked":"SKIP","floor":37},{"not_picked":["Twin Strike+1"],"picked":"SKIP","floor":38},{"not_picked":["Clothesline"],"picked":"SKIP","floor":41},{"not_picked":["Cleave+1"],"picked":"SKIP","floor":42},{"not_picked":["Heavy Blade+1"],"picked":"SKIP","floor":47}],"player_experience":264670,"relics_obtained":[{"floor":7,"key":"Whetstone"},{"floor":9,"key":"Lantern"},{"floor":10,"key":"War Paint"},{"floor":23,"key":"Art of War"},{"floor":25,"key":"Centennial Puzzle"},{"floor":26,"key":"Happy Flower"},{"floor":41,"key":"Dead Branch"},{"floor":43,"key":"Toxic Egg 2"}],"event_choices":[{"damage_healed":23,"gold_gain":0,"player_choice":"Full Heal","damage_taken":0,"max_hp_gain":0,"max_hp_loss":0,"event_name":"Wheel of Change","floor":13,"gold_loss":0},{"cards_removed":["Strike_R"],"damage_healed":0,"gold_gain":0,"player_choice":"Offered Basic","damage_taken":0,"max_hp_gain":0,"max_hp_loss":0,"event_name":"Bonfire Elementals","floor":22,"gold_loss":0},{"cards_removed":["Strike_R"],"damage_healed":0,"gold_gain":0,"player_choice":"Purged","damage_taken":0,"max_hp_gain":0,"max_hp_loss":0,"event_name":"Purifier","floor":39,"gold_loss":0},{"damage_healed":0,"gold_gain":100,"player_choice":"Pray","damage_taken":0,"max_hp_gain":0,"max_hp_loss":0,"event_name":"Golden Shrine","floor":45,"gold_loss":0},{"damage_healed":0,"gold_gain":0,"player_choice":"Max HP","damage_taken":0,"max_hp_gain":0,"max_hp_loss":4,"event_name":"Winding Halls","floor":48,"gold_loss":0}],"is_beta":true,"boss_relics":[{"not_picked":["Empty Cage","Snecko Eye"],"picked":"Busted Crown"},{"not_picked":["Orrery","Pandora\u0027s Box"],"picked":"Lizard Tail"}],"items_purged_floors":[19],"is_endless":false,"potions_floor_spawned":[3,5,10,12,23,25,27,28,38,41,47],"killed_by":"Donu and Deca","ascension_level":3}