{"gold_per_floor":[113,123,123,136,160,191,191,191,191,191,191,191,234,250,250,250],"floor_reached":16,"playtime":383,"items_purged":[],"score":121,"play_id":"6119966e-863b-4b7b-9c25-befda7b1b88c","local_time":"20180714033316","is_ascension_mode":true,"campfire_choices":[{"data":"Armaments","floor":7,"key":"SMITH"},{"data":"Perfected Strike","floor":10,"key":"SMITH"},{"data":"Bash","floor":12,"key":"SMITH"},{"data":"Spot Weakness","floor":15,"key":"SMITH"}],"neow_cost":"","seed_source_timestamp":105714180690315,"circlet_count":0,"master_deck":["Strike_R","Strike_R","Strike_R","Strike_R","Strike_R","Defend_R","Defend_R","Defend_R","Bash+1","Armaments+1","Perfected Strike+1","Spot Weakness+1"],"relics":["Burning Blood","Golden Idol","Gambling Chip","Mummified Hand","Darkstone Periapt","Letter Opener"],"potions_floor_usage":[16],"damage_taken":[{"damage":1,"enemies":"Cultist","floor":1,"turns":4},{"damage":0,"enemies":"Small Slimes","floor":2,"turns":3},{"damage":0,"enemies":"2 Louse","floor":4,"turns":2},{"damage":3,"enemies":"2 Fungi Beasts","floor":5,"turns":4},{"damage":14,"enemies":"Gremlin Nob","floor":6,"turns":3},{"damage":36,"enemies":"Lagavulin","floor":13,"turns":6},{"damage":10,"enemies":"Red Slaver","floor":14,"turns":4},{"damage":13,"enemies":"The Guardian","floor":16,"turns":4}],"seed_played":"-9179723287193823794","potions_obtained":[{"floor":5,"key":"AttackPotion"},{"floor":6,"key":"Dexterity Potion"},{"floor":14,"key":"Explosive Potion"}],"is_trial":false,"path_per_floor":["M","M","?","M","M","E","R","?","T","R","?","R","E","M","R"],"character_chosen":"IRONCLAD","items_purchased":[],"campfire_rested":0,"item_purchase_floors":[],"current_hp_per_floor":[80,80,60,66,69,61,61,54,54,54,47,47,17,13,13,0],"gold":250,"neow_bonus":"","is_prod":false,"is_daily":false,"chose_seed":false,"campfire_upgraded":4,"win_rate":0,"timestamp":1531557196,"path_taken":["M","?","?","?","M","E","R","?","T","R","?","R","E","M","R","BOSS"],"build_version":"2018-07-13","purchased_purges":0,"victory":false,"max_hp_per_floor":[80,80,80,80,80,80,80,80,80,80,80,80,80,80,80,80],"card_choices":[{"not_picked":["Iron Wave","Rage"],"picked":"Armaments","floor":1},{"not_picked":["Body Slam","Feel No Pain"],"picked":"Perfected Strike","floor":2},{"not_picked":["Shrug It Off","Havoc","Clothesline"],"picked":"SKIP","floor":4},{"not_picked":["Whirlwind","Corruption","Thunderclap"],"picked":"SKIP","floor":5},{"not_picked":["Blood for Blood","Barricade"],"picked":"Spot Weakness","floor":6},{"not_picked":["Ghostly Armor","Combust","Armaments"],"picked":"SKIP","floor":13},{"not_picked":["Second Wind","Clothesline","Burning Pact"],"picked":"SKIP","floor":14}],"player_experience":230470,"relics_obtained":[{"floor":6,"key":"Gambling Chip"},{"floor":9,"key":"Darkstone Periapt"},{"floor":13,"key":"Letter Opener"}],"event_choices":[{"event_name":"Golden Idol","player_choice":"Take Damage","floor":3,"damage_taken":0},{"event_name":"Scrap Ooze","player_choice":"success","floor":8,"damage_taken":7},{"event_name":"Golden Wing","player_choice":"Card Removal","floor":11,"damage_taken":0}],"boss_relics":[],"items_purged_floors":[],"is_endless":false,"potions_floor_spawned":[5,6,14],"killed_by":"The Guardian","ascension_level":2}