{"gold_per_floor":[115,65,78,78,5,5,5,20,20,37,37,37,54,54,54,150,150,160,180,95,95,113,113,123,39,39,39],"floor_reached":27,"playtime":6208,"items_purged":[],"score":203,"play_id":"6ee6fa65-fa4d-4c80-9a20-3a5817b611de","local_time":"20190503214716","is_ascension_mode":false,"campfire_choices":[{"data":"Defend_G","floor":6,"key":"SMITH"},{"data":"Defend_G","floor":12,"key":"SMITH"},{"data":"Survivor","floor":15,"key":"SMITH"},{"floor":23,"key":"REST"}],"neow_cost":"NONE","seed_source_timestamp":1941492493676600,"circlet_count":0,"master_deck":["Defend_G+1","Defend_G+1","Defend_G+1","Defend_G","Defend_G","Strike_G","Strike_G","Strike_G","Survivor+1","Neutralize","Corpse Explosion","Blade Dance","Infinite Blades","Strike_B","Infinite Blades","Well Laid Plans","Sucker Punch","Infinite Blades","A Thousand Cuts","Bane","PiercingWail","Backflip+1","Dodge and Roll+1","Blind"],"relics":["Ring of the Snake","Orichalcum","Bottled Lightning","Velvet Choker","Kunai","Frozen Egg 2"],"potions_floor_usage":[16,22,22,22,22],"damage_taken":[{"damage":0,"enemies":"2 Louse","floor":1,"turns":2},{"damage":4,"enemies":"Small Slimes","floor":3,"turns":3},{"damage":0,"enemies":"Cultist","floor":8,"turns":4},{"damage":6,"enemies":"3 Louse","floor":10,"turns":4},{"damage":1,"enemies":"Blue Slaver","floor":13,"turns":4},{"damage":31,"enemies":"The Guardian","floor":16,"turns":15},{"damage":17,"enemies":"2 Thieves","floor":18,"turns":4},{"damage":36,"enemies":"3 Byrds","floor":19,"turns":5},{"damage":5,"enemies":"Centurion and Healer","floor":22,"turns":6},{"damage":8,"enemies":"Snecko","floor":24,"turns":7},{"damage":29,"enemies":"Chosen and Byrds","floor":27,"turns":5}],"seed_played":"-219008305077176645","potions_obtained":[{"floor":1,"key":"FearPotion"},{"floor":8,"key":"Poison Potion"},{"floor":10,"key":"Explosive Potion"},{"floor":21,"key":"EntropicBrew"},{"floor":24,"key":"AttackPotion"}],"is_trial":false,"path_per_floor":["M","?","M","?","$","R","$","M","T","M","?","R","M","T","R","B",null,"M","M","?","?","M","R","M","$","T","M"],"character_chosen":"THE_SILENT","items_purchased":["Infinite Blades","Blind"],"campfire_rested":1,"item_purchase_floors":[5,25],"current_hp_per_floor":[70,70,66,66,66,66,66,66,66,60,60,60,59,59,59,28,70,53,17,17,17,12,33,25,25,25,0],"gold":39,"neow_bonus":"ONE_RANDOM_RARE_CARD","is_prod":false,"is_daily":false,"chose_seed":false,"campfire_upgraded":3,"win_rate":0.0,"timestamp":1556934436,"path_taken":["M","?","M","?","$","R","$","?","T","M","?","R","M","?","R","BOSS","M","?","?","?","M","R","M","$","T","M"],"build_version":"2019-01-23","purchased_purges":0,"victory":false,"max_hp_per_floor":[70,70,70,70,70,70,70,70,70,70,70,70,70,70,70,70,70,70,70,70,70,70,70,70,70,70,70],"card_choices":[{"not_picked":["Reflex","Underhanded Strike"],"picked":"Blade Dance","floor":1},{"not_picked":["Deadly Poison","Backflip"],"picked":"Infinite Blades","floor":3},{"not_picked":["Underhanded Strike","Riddle With Holes"],"picked":"Well Laid Plans","floor":8},{"not_picked":["Slice","Expertise"],"picked":"Sucker Punch","floor":10},{"not_picked":["Reflex","Slice"],"picked":"Infinite Blades","floor":13},{"not_picked":["Adrenaline","Malaise"],"picked":"A Thousand Cuts","floor":16},{"not_picked":["All Out Attack","Distraction"],"picked":"Bane","floor":18},{"not_picked":["Expertise","Bane"],"picked":"PiercingWail","floor":19},{"not_picked":["Poisoned Stab","Flechettes+1"],"picked":"Backflip+1","floor":22},{"not_picked":["Outmaneuver","Eviscerate"],"picked":"Dodge and Roll+1","floor":24}],"player_experience":31062,"relics_obtained":[{"floor":9,"key":"Orichalcum"},{"floor":14,"key":"Bottled Lightning"},{"floor":26,"key":"Frozen Egg 2"}],"event_choices":[{"cards_removed":["Strike_G"],"damage_healed":0,"gold_gain":0,"player_choice":"Card Removal","damage_taken":0,"max_hp_gain":0,"max_hp_loss":0,"event_name":"The Cleric","floor":2,"gold_loss":50},{"cards_removed":["Strike_G"],"damage_healed":0,"gold_gain":0,"player_choice":"Took Card","damage_taken":0,"max_hp_gain":0,"max_hp_loss":0,"event_name":"NoteForYourself","floor":4,"gold_loss":0,"cards_obtained":["Strike_B"]},{"damage_healed":0,"gold_gain":0,"player_choice":"Grow","damage_taken":0,"max_hp_gain":0,"max_hp_loss":0,"event_name":"Living Wall","floor":11,"gold_loss":0,"cards_upgraded":["Defend_G"]},{"damage_healed":0,"gold_gain":0,"player_choice":"Obtained Relic","damage_taken":0,"relics_obtained":["Kunai"],"max_hp_gain":0,"max_hp_loss":0,"event_name":"Addict","floor":20,"gold_loss":85},{"damage_healed":0,"gold_gain":0,"player_choice":"Got Potions","damage_taken":0,"max_hp_gain":0,"max_hp_loss":0,"event_name":"Lab","floor":21,"gold_loss":0}],"is_beta":false,"boss_relics":[{"not_picked":["White Beast Statue","Fusion Hammer"],"picked":"Velvet Choker"}],"items_purged_floors":[],"is_endless":false,"potions_floor_spawned":[1,8,10,13,24],"killed_by":"Chosen and Byrds","ascension_level":0}