{"gold_per_floor":[116,191,191,202,252,252,263,280,280,290,308,308,16,39,39,113,113,126,126,143,160,172,172,172,172,199,199],"floor_reached":27,"playtime":618,"items_purged":[],"score":410,"play_id":"cbfaef02-3309-4e97-9736-2fe789bb77d5","local_time":"20190302095516","is_ascension_mode":true,"campfire_choices":[{"data":"Bash","floor":6.0,"key":"SMITH"},{"data":"Flex","floor":15.0,"key":"SMITH"},{"data":"Armaments","floor":23.0,"key":"SMITH"}],"neow_cost":"NONE","seed_source_timestamp":0,"circlet_count":0,"master_deck":["AscendersBane","Strike_R","Strike_R","Defend_R","Defend_R","Defend_R","Defend_R","Bash+1","Evolve","Infernal Blade","Feel No Pain","Entrench","Shrug It Off","Offering","Flex+1","Sword Boomerang","Limit Break","RitualDagger","Armaments+1","Decay"],"special_seed":0,"relics":["Burning Blood","NeowsBlessing","Vajra","ClockworkSouvenir","PreservedInsect","Empty Cage","CultistMask","Potion Belt"],"potions_floor_usage":[],"damage_taken":[{"damage":0.0,"enemies":"Small Slimes","floor":1.0,"turns":2.0},{"damage":0.0,"enemies":"Jaw Worm","floor":4.0,"turns":1.0},{"damage":0.0,"enemies":"Cultist","floor":7.0,"turns":1.0},{"damage":25.0,"enemies":"3 Louse","floor":8.0,"turns":3.0},{"damage":1.0,"enemies":"Exordium Thugs","floor":10.0,"turns":3.0},{"damage":12.0,"enemies":"Looter","floor":11.0,"turns":4.0},{"damage":42.0,"enemies":"Slime Boss","floor":16.0,"turns":5.0},{"damage":20.0,"enemies":"Shell Parasite","floor":18.0,"turns":5.0},{"damage":6.0,"enemies":"Chosen","floor":20.0,"turns":3.0},{"damage":13.0,"enemies":"3 Cultists","floor":21.0,"turns":3.0},{"damage":25.0,"enemies":"Centurion and Healer","floor":22.0,"turns":6.0},{"damage":8,"enemies":"Snecko","floor":27,"turns":4}],"seed_played":"-7929331043734668781","potions_obtained":[{"floor":8.0,"key":"Weak Potion"},{"floor":10.0,"key":"Dexterity Potion"},{"floor":11.0,"key":"Energy Potion"}],"is_trial":false,"path_per_floor":["M","?","T","M","?","R","M","M","T","M","M","?","$","T","R","B",null,"M","?","M","M","M","R","?","?","T","M"],"character_chosen":"IRONCLAD","items_purchased":["Flex","Sword Boomerang","ClockworkSouvenir"],"campfire_rested":0,"item_purchase_floors":[13,13,13],"current_hp_per_floor":[74,63,63,69,69,69,75,56,56,61,55,55,55,55,55,19,61,47,41,41,34,15,15,15,15,15,7],"gold":199,"neow_bonus":"THREE_ENEMY_KILL","is_prod":false,"is_daily":false,"chose_seed":false,"campfire_upgraded":3,"win_rate":0,"timestamp":1551491716,"path_taken":["M","?","?","?","?","R","M","M","T","?","M","?","$","?","R","BOSS","M","?","M","M","M","R","?","?","T","M"],"build_version":"2019-01-23","purchased_purges":0,"victory":false,"max_hp_per_floor":[75,75,75,75,75,75,75,75,75,75,75,75,75,75,75,75,75,75,75,75,75,75,75,75,75,75,75],"card_choices":[{"not_picked":["Perfected Strike","Iron Wave","Armaments"],"picked":"SKIP","floor":1.0},{"not_picked":["Seeing Red","Battle Trance"],"picked":"Evolve","floor":4.0},{"not_picked":["Thunderclap","Bloodletting"],"picked":"Infernal Blade","floor":7.0},{"not_picked":["Heavy Blade","Sword Boomerang"],"picked":"Feel No Pain","floor":8.0},{"not_picked":["Headbutt","Body Slam"],"picked":"Entrench","floor":10.0},{"not_picked":["Blood for Blood","Rupture"],"picked":"Shrug It Off","floor":11.0},{"not_picked":["Exhume","Reaper"],"picked":"Limit Break","floor":16.0},{"not_picked":["Armaments","Metallicize","Thunderclap+1"],"picked":"SKIP","floor":18.0},{"not_picked":["Warcry","Corruption+1","Armaments"],"picked":"SKIP","floor":20.0},{"not_picked":["Flame Barrier","Evolve","Wild Strike"],"picked":"SKIP","floor":21.0},{"not_picked":["Body Slam","Iron Wave"],"picked":"Armaments","floor":22.0}],"player_experience":1125673,"relics_obtained":[{"floor":9.0,"key":"Vajra"},{"floor":14.0,"key":"PreservedInsect"},{"floor":26.0,"key":"Potion Belt"}],"event_choices":[{"damage_healed":0.0,"max_hp_gain":0.0,"max_hp_loss":0.0,"gold_gain":75.0,"event_name":"World of Goop","player_choice":"Gather Gold","floor":2.0,"gold_loss":0.0,"damage_taken":11.0},{"damage_healed":0.0,"max_hp_gain":0.0,"max_hp_loss":0.0,"gold_gain":50.0,"event_name":"Golden Shrine","player_choice":"Pray","floor":5.0,"gold_loss":0.0,"damage_taken":0.0},{"damage_healed":0.0,"max_hp_gain":0.0,"max_hp_loss":0.0,"gold_gain":0.0,"cards_transformed":["Strike_R"],"event_name":"Living Wall","player_choice":"Change","floor":12.0,"gold_loss":0.0,"damage_taken":0.0,"cards_obtained":["Offering"]},{"damage_healed":0.0,"max_hp_gain":0.0,"max_hp_loss":0.0,"gold_gain":0.0,"event_name":"Nest","player_choice":"Joined the Cult","floor":19.0,"gold_loss":0.0,"damage_taken":6.0,"cards_obtained":["RitualDagger"]},{"damage_healed":0.0,"max_hp_gain":0.0,"max_hp_loss":0.0,"gold_gain":0.0,"event_name":"Forgotten Altar","player_choice":"Smashed Altar","floor":24.0,"gold_loss":0.0,"damage_taken":0.0,"cards_obtained":["Decay"]},{"damage_healed":0.0,"max_hp_gain":0.0,"max_hp_loss":0.0,"gold_gain":0.0,"event_name":"FaceTrader","player_choice":"Trade","floor":25.0,"gold_loss":0.0,"damage_taken":0.0,"relics_obtained":["CultistMask"]}],"is_beta":false,"boss_relics":[{"not_picked":["Snecko Eye","Fusion Hammer"],"picked":"Empty Cage"}],"items_purged_floors":[],"is_endless":false,"potions_floor_spawned":[8,10,11,20,21],"killed_by":"Snecko","ascension_level":20}