{"gold_per_floor":[116,116,191,208,208,208,227,227,250,290,304,318,352,365,365,461,461,480,430,430,454,472,472],"floor_reached":23,"playtime":646,"items_purged":["Strike_R"],"score":406,"play_id":"5a08007a-da0c-424b-8abb-afc3dbb71bd0","local_time":"20190511120653","is_ascension_mode":true,"campfire_choices":[{"data":"Rampage","floor":6.0,"key":"SMITH"},{"data":"True Grit","floor":8.0,"key":"SMITH"},{"data":"Entrench","floor":15.0,"key":"SMITH"}],"neow_cost":"TEN_PERCENT_HP_LOSS","seed_source_timestamp":1390923100207819,"circlet_count":0,"master_deck":["AscendersBane","Strike_R","Strike_R","Defend_R","Defend_R","Defend_R","Defend_R","Bash","Rampage+1","True Grit+1","Inflame","Barricade","Entrench+1","Power Through","Fiend Fire","Bloodletting+1","Limit Break+1","Spot Weakness+1","Body Slam","Armaments"],"special_seed":0,"relics":["Burning Blood","Torii","Golden Idol","PreservedInsect","Mercury Hourglass","Smiling Mask","Astrolabe","Letter Opener"],"potions_floor_usage":[23],"damage_taken":[{"damage":2.0,"enemies":"2 Louse","floor":1.0,"turns":4.0},{"damage":1.0,"enemies":"Jaw Worm","floor":4.0,"turns":4.0},{"damage":2.0,"enemies":"Small Slimes","floor":7.0,"turns":4.0},{"damage":21.0,"enemies":"Lagavulin","floor":10.0,"turns":6.0},{"damage":6.0,"enemies":"2 Fungi Beasts","floor":11.0,"turns":3.0},{"damage":9.0,"enemies":"Red Slaver","floor":12.0,"turns":4.0},{"damage":8.0,"enemies":"Gremlin Nob","floor":13.0,"turns":3.0},{"damage":2.0,"enemies":"Lots of Slimes","floor":14.0,"turns":3.0},{"damage":46.0,"enemies":"Hexaghost","floor":16.0,"turns":10.0},{"damage":30.0,"enemies":"2 Thieves","floor":18.0,"turns":4.0},{"damage":16.0,"enemies":"3 Byrds","floor":21.0,"turns":5.0},{"damage":0.0,"enemies":"Centurion and Healer","floor":22.0,"turns":6.0},{"damage":25,"enemies":"Chosen and Byrds","floor":23,"turns":3}],"seed_played":"7086208104004164400","potions_obtained":[{"floor":1.0,"key":"FearPotion"},{"floor":4.0,"key":"AttackPotion"},{"floor":18.0,"key":"Weak Potion"},{"floor":21.0,"key":"AttackPotion"}],"is_trial":false,"path_per_floor":["M","?","?","M","?","R","M","R","T","E","M","M","E","M","R","B",null,"M","$","?","M","M","M"],"character_chosen":"IRONCLAD","items_purchased":[],"campfire_rested":0,"item_purchase_floors":[],"current_hp_per_floor":[68,73,62,67,66,66,66,66,66,51,51,48,46,50,50,10,52,28,28,28,18,24,0],"gold":472,"neow_bonus":"ONE_RARE_RELIC","is_prod":false,"is_daily":false,"chose_seed":false,"campfire_upgraded":3,"win_rate":0,"timestamp":1557547613,"path_taken":["M","?","?","M","?","R","M","R","T","E","M","M","E","M","R","BOSS","M","$","?","?","M","M"],"build_version":"2019-01-23","purchased_purges":1,"victory":false,"max_hp_per_floor":[68,73,73,73,66,66,66,66,66,66,66,66,66,66,66,66,66,66,66,66,66,66,66],"card_choices":[{"not_picked":["Shrug It Off","Warcry"],"picked":"Rampage","floor":1.0},{"not_picked":["Warcry","Rampage"],"picked":"True Grit","floor":4.0},{"not_picked":["Dropkick","Shrug It Off"],"picked":"Inflame","floor":7.0},{"not_picked":["Iron Wave","Dropkick"],"picked":"Barricade","floor":10.0},{"not_picked":["Iron Wave","Hemokinesis","Clash"],"picked":"SKIP","floor":11.0},{"not_picked":["Perfected Strike","Cleave"],"picked":"Thunderclap","floor":12.0},{"not_picked":["Iron Wave","Perfected Strike"],"picked":"Entrench","floor":13.0},{"not_picked":["Headbutt","Inflame"],"picked":"Power Through","floor":14.0},{"not_picked":["Juggernaut","Berserk"],"picked":"Fiend Fire","floor":16.0},{"not_picked":["Warcry","Perfected Strike"],"picked":"Body Slam","floor":18.0},{"not_picked":["Power Through","Clash+1","Twin Strike"],"picked":"SKIP","floor":21.0},{"not_picked":["Wild Strike","Thunderclap"],"picked":"Armaments","floor":22.0}],"player_experience":1926935,"relics_obtained":[{"floor":9.0,"key":"PreservedInsect"},{"floor":10.0,"key":"Mercury Hourglass"},{"floor":13.0,"key":"Smiling Mask"}],"event_choices":[{"damage_healed":0.0,"max_hp_gain":5.0,"max_hp_loss":0.0,"gold_gain":0.0,"event_name":"Big Fish","player_choice":"Donut","floor":2.0,"gold_loss":0.0,"damage_taken":0.0},{"damage_healed":0.0,"max_hp_gain":0.0,"max_hp_loss":0.0,"gold_gain":75.0,"event_name":"World of Goop","player_choice":"Gather Gold","floor":3.0,"gold_loss":0.0,"damage_taken":11.0},{"damage_healed":0.0,"max_hp_gain":0.0,"max_hp_loss":7.0,"gold_gain":0.0,"event_name":"Golden Idol","player_choice":"Lose Max HP","floor":5.0,"gold_loss":0.0,"damage_taken":0.0,"relics_obtained":["Golden Idol"]},{"damage_healed":0.0,"max_hp_gain":0.0,"max_hp_loss":0.0,"gold_gain":0.0,"event_name":"WeMeetAgain","player_choice":"Gave Potion","floor":20.0,"gold_loss":0.0,"damage_taken":0.0,"relics_obtained":["Letter Opener"]}],"is_beta":false,"boss_relics":[{"not_picked":["Velvet Choker","White Beast Statue"],"picked":"Astrolabe"}],"items_purged_floors":[19],"is_endless":false,"potions_floor_spawned":[1,4,11,18,21],"killed_by":"Chosen and Byrds","ascension_level":20}