{"gold_per_floor":[116,116,116,41,41,41,60,60,60,85,160,60,79,44,44,143,143,143,143,143,143,18,18,18,18,18,18,18,18,18,18,18,18,18,18,18,18,18,0,0,0,0,0,0,0,0,0,0,0,0],"floor_reached":51,"playtime":2674,"items_purged":["Normality","Regret","Decay"],"score":1056,"play_id":"66b9590f-7fd7-43f9-bc79-c042f3e22a5a","local_time":"20190513230647","is_ascension_mode":true,"campfire_choices":[{"data":"Zap","floor":6,"key":"SMITH"},{"data":"Dualcast","floor":8,"key":"SMITH"},{"floor":15,"key":"REST"},{"floor":25,"key":"REST"},{"data":"Sunder","floor":28,"key":"SMITH"},{"floor":32,"key":"REST"},{"floor":41,"key":"REST"},{"floor":46,"key":"REST"},{"floor":49,"key":"REST"}],"neow_cost":"CURSE","seed_source_timestamp":778694387545600,"circlet_count":0,"master_deck":["AscendersBane","Strike_B+1","Strike_B","Defend_B+1","Defend_B+1","Defend_B","Zap+1","Dualcast+1","BootSequence","Steam","Turbo+1","Cold Snap","Sunder+1","Redo","Echo Form","Loop","Coolheaded","Cold Snap","Go for the Eyes","Recycle+1","Echo Form","Defragment","Hologram"],"relics":["Cracked Core","Question Card","Mango","Singing Bowl","War Paint","Ectoplasm","Nilry\u0027s Codex","Pantograph","Torii","Symbiotic Virus","Sozu","Red Mask","Omamori","Vajra"],"potions_floor_usage":[16,23,33,35],"damage_taken":[{"damage":0,"enemies":"Small Slimes","floor":1,"turns":4},{"damage":2,"enemies":"Jaw Worm","floor":7,"turns":3},{"damage":37,"enemies":"3 Sentries","floor":10,"turns":10},{"damage":0,"enemies":"2 Louse","floor":13,"turns":2},{"damage":50,"enemies":"Hexaghost","floor":16,"turns":12},{"damage":2,"enemies":"Chosen","floor":18,"turns":5},{"damage":16,"enemies":"Book of Stabbing","floor":23,"turns":6},{"damage":1,"enemies":"Spheric Guardian","floor":24,"turns":3},{"damage":17,"enemies":"Shelled Parasite and Fungi","floor":30,"turns":6},{"damage":17,"enemies":"Snake Plant","floor":31,"turns":3},{"damage":29,"enemies":"Champ","floor":33,"turns":16},{"damage":13,"enemies":"3 Darklings","floor":35,"turns":4},{"damage":2,"enemies":"3 Shapes","floor":38,"turns":4},{"damage":56,"enemies":"Giant Head","floor":40,"turns":9},{"damage":30,"enemies":"Spire Growth","floor":44,"turns":6},{"damage":10,"enemies":"3 Darklings","floor":45,"turns":9},{"damage":89,"enemies":"Time Eater","floor":50,"turns":12}],"seed_played":"7161579234271829476","potions_obtained":[{"floor":1,"key":"FearPotion"},{"floor":18,"key":"Block Potion"},{"floor":30,"key":"Ancient Potion"},{"floor":33,"key":"Block Potion"}],"is_trial":false,"path_per_floor":["M","?","?","$","?","R","M","R","T","E","?","$","M","?","R","B",null,"M","?","?","T","$","E","M","R","T","$","R","?","M","M","R","B",null,"M","?","$","M","?","E","R","?","T","M","M","R","?","$","R","B",null],"character_chosen":"DEFECT","items_purchased":[],"campfire_rested":6,"item_purchase_floors":[],"current_hp_per_floor":[68,68,79,79,61,61,59,59,59,22,11,11,11,33,59,9,69,67,51,51,51,51,35,34,60,60,60,60,60,45,28,55,51,81,68,91,91,89,89,35,62,62,62,32,24,52,54,54,83,8],"gold":0,"neow_bonus":"TRANSFORM_TWO_CARDS","is_prod":false,"is_daily":false,"chose_seed":false,"campfire_upgraded":3,"win_rate":0,"timestamp":1557785207,"path_taken":["M","?","?","$","?","R","?","R","T","E","?","$","M","?","R","BOSS","M","?","?","?","$","E","?","R","T","?","R","?","M","?","R","BOSS","M","?","?","?","?","E","R","?","T","M","M","R","?","?","R","BOSS"],"build_version":"2019-01-23","purchased_purges":3,"victory":true,"max_hp_per_floor":[75,75,89,89,89,89,89,89,89,89,89,89,89,89,89,89,89,89,89,89,89,89,89,89,89,89,89,89,89,91,91,91,91,91,91,91,91,91,91,93,93,93,93,93,95,95,97,97,97,97],"card_choices":[{"not_picked":["Tempest","Leap"],"picked":"Turbo","floor":1},{"not_picked":["Ball Lightning","Reprogram","Double Energy"],"picked":"Cold Snap","floor":7},{"not_picked":["Ball Lightning","Steam","Hyperbeam"],"picked":"Sunder","floor":10},{"not_picked":["Force Field","Rebound","Static Discharge"],"picked":"Redo","floor":13},{"not_picked":["Machine Learning","Reboot","Buffer"],"picked":"Echo Form","floor":16},{"not_picked":["FTL+1","Aggregate+1","Ball Lightning"],"picked":"Loop","floor":18},{"not_picked":["Compile Driver","Cold Snap","Ball Lightning"],"picked":"Coolheaded","floor":23},{"not_picked":["Thunder Strike","Streamline","Compile Driver"],"picked":"Cold Snap","floor":24},{"not_picked":["Scrape","Ball Lightning","Steam","Darkness"],"picked":"Singing Bowl","floor":30},{"not_picked":["Leap+1","Lockon","Go for the Eyes"],"picked":"Recycle+1","floor":31},{"not_picked":["Rainbow","Core Surge","Buffer"],"picked":"Echo Form","floor":33},{"not_picked":["Conserve Battery","Barrage+1","Sweeping Beam+1"],"picked":"Self Repair","floor":35},{"not_picked":["Leap+1","Double Energy","Self Repair+1"],"picked":"Defragment","floor":38},{"not_picked":["Turbo","Leap","Go for the Eyes","Melter+1"],"picked":"Singing Bowl","floor":40},{"not_picked":["Tempest+1","Turbo+1","Streamline+1"],"picked":"Hologram","floor":44},{"not_picked":["Heatsinks","Hologram+1","Steam Power+1","Rip and Tear"],"picked":"Singing Bowl","floor":45},{"not_picked":["Mind Blast","Purity","Good Instincts","Bandage Up"],"picked":"Singing Bowl","floor":47}],"player_experience":547050,"relics_obtained":[{"floor":9,"key":"Singing Bowl"},{"floor":10,"key":"War Paint"},{"floor":19,"key":"Nilry\u0027s Codex"},{"floor":21,"key":"Pantograph"},{"floor":23,"key":"Torii"},{"floor":26,"key":"Symbiotic Virus"},{"floor":40,"key":"Omamori"},{"floor":43,"key":"Vajra"}],"event_choices":[{"damage_healed":0,"gold_gain":0,"player_choice":"Box","damage_taken":0,"relics_obtained":["Question Card"],"max_hp_gain":0,"max_hp_loss":0,"event_name":"Big Fish","floor":2,"gold_loss":0,"cards_obtained":["Regret"]},{"damage_healed":0,"gold_gain":0,"player_choice":"Success","damage_taken":3,"relics_obtained":["Mango"],"max_hp_gain":0,"max_hp_loss":0,"event_name":"Scrap Ooze","floor":3,"gold_loss":0},{"damage_healed":0,"gold_gain":0,"player_choice":"Entered Light","damage_taken":18,"max_hp_gain":0,"max_hp_loss":0,"event_name":"Shining Light","floor":5,"gold_loss":0,"cards_upgraded":["Defend_B","Strike_B"]},{"damage_healed":0,"gold_gain":75,"player_choice":"Gather Gold","damage_taken":11,"max_hp_gain":0,"max_hp_loss":0,"event_name":"World of Goop","floor":11,"gold_loss":0},{"damage_healed":22,"gold_gain":0,"player_choice":"Healed","damage_taken":0,"max_hp_gain":0,"max_hp_loss":0,"event_name":"The Cleric","floor":14,"gold_loss":35},{"damage_healed":0,"gold_gain":0,"player_choice":"Obtained Book","damage_taken":16,"max_hp_gain":0,"max_hp_loss":0,"event_name":"Cursed Tome","floor":19,"gold_loss":0},{"damage_healed":0,"gold_gain":0,"player_choice":"Smashed Altar","damage_taken":0,"max_hp_gain":0,"max_hp_loss":0,"event_name":"Forgotten Altar","floor":20,"gold_loss":0,"cards_obtained":["Decay"]},{"damage_healed":0,"gold_gain":0,"cards_transformed":["Defend_B"],"player_choice":"Transformed","damage_taken":0,"max_hp_gain":0,"max_hp_loss":0,"event_name":"Transmorgrifier","floor":29,"gold_loss":0,"cards_obtained":["Go for the Eyes"]},{"cards_removed":["Self Repair"],"damage_healed":23,"gold_gain":0,"player_choice":"Offered Uncommon","damage_taken":0,"max_hp_gain":0,"max_hp_loss":0,"event_name":"Bonfire Elementals","floor":36,"gold_loss":0},{"damage_healed":0,"gold_gain":0,"player_choice":"Paid","damage_taken":0,"relics_obtained":["Red Mask"],"max_hp_gain":0,"max_hp_loss":0,"event_name":"Tomb of Lord Red Mask","floor":39,"gold_loss":18},{"damage_healed":0,"gold_gain":0,"player_choice":"Ignored","damage_taken":0,"max_hp_gain":0,"max_hp_loss":0,"event_name":"Mysterious Sphere","floor":42,"gold_loss":0},{"damage_healed":0,"gold_gain":0,"player_choice":"Memory 1","damage_taken":0,"max_hp_gain":0,"max_hp_loss":0,"event_name":"SensoryStone","floor":47,"gold_loss":0}],"is_beta":false,"boss_relics":[{"not_picked":["Pandora\u0027s Box","Snecko Eye"],"picked":"Ectoplasm"},{"not_picked":["Runic Dome","Runic Pyramid"],"picked":"Sozu"}],"items_purged_floors":[4,12,22],"is_endless":false,"potions_floor_spawned":[1,18,30,33,44],"ascension_level":10}