{"gold_per_floor":[118,118,137,157,82,111,111,144,144,157,157,157,157,157,157,286,286,310,310,322,338,253,253,253],"floor_reached":24,"playtime":920,"items_purged":[],"score":245,"play_id":"957fa15f-519c-493e-ad2a-e1b844fdfb8b","local_time":"20190516135728","is_ascension_mode":true,"campfire_choices":[{"data":"Hologram","floor":7,"key":"SMITH"},{"data":"Zap","floor":13,"key":"SMITH"},{"data":"Coolheaded","floor":15,"key":"SMITH"},{"floor":23,"key":"REST"}],"neow_cost":"NONE","seed_source_timestamp":4863263351300,"circlet_count":0,"master_deck":["Strike_B","Strike_B","Strike_B","Defend_B","Defend_B","Defend_B","Defend_B","Zap+1","Dualcast","Coolheaded+1","Compile Driver","Go for the Eyes","Ball Lightning","Hologram+1","Capacitor","Cold Snap","Coolheaded","Parasite","Echo Form","Sweeping Beam+1","Storm","Conserve Battery"],"relics":["Cracked Core","NeowsBlessing","Potion Belt","Matryoshka","Ancient Tea Set","Happy Flower","Bloody Idol","Eternal Feather","Regal Pillow"],"potions_floor_usage":[24,24],"damage_taken":[{"damage":0,"enemies":"Jaw Worm","floor":1,"turns":1},{"damage":0,"enemies":"Cultist","floor":3,"turns":1},{"damage":0,"enemies":"2 Louse","floor":4,"turns":1},{"damage":21,"enemies":"Lagavulin","floor":6,"turns":6},{"damage":32,"enemies":"Gremlin Nob","floor":8,"turns":5},{"damage":7,"enemies":"Blue Slaver","floor":10,"turns":3},{"damage":21,"enemies":"Hexaghost","floor":16,"turns":13},{"damage":13,"enemies":"Shell Parasite","floor":18,"turns":5},{"damage":18,"enemies":"Chosen","floor":20,"turns":5},{"damage":39,"enemies":"Snake Plant","floor":21,"turns":4},{"damage":82,"enemies":"Gremlin Leader","floor":24,"turns":6}],"seed_played":"-8703791416617426694","potions_obtained":[{"floor":3,"key":"FairyPotion"},{"floor":10,"key":"Regen Potion"},{"floor":18,"key":"SteroidPotion"},{"floor":20,"key":"SkillPotion"}],"is_trial":false,"path_per_floor":["M","?","M","M","$","E","R","E","T","M","?","?","R","?","R","B",null,"M","?","M","M","?","R","E"],"character_chosen":"DEFECT","items_purchased":["Ball Lightning","Hologram"],"campfire_rested":1,"item_purchase_floors":[5,5],"current_hp_per_floor":[75,75,75,75,75,54,54,22,22,15,33,33,33,38,38,17,74,61,61,48,14,14,63,0],"gold":253,"neow_bonus":"THREE_ENEMY_KILL","is_prod":false,"is_daily":false,"chose_seed":false,"campfire_upgraded":3,"win_rate":0,"timestamp":1558029448,"path_taken":["M","?","?","M","$","E","R","E","T","M","?","?","R","?","R","BOSS","M","?","M","M","?","R","E"],"build_version":"2019-01-23","purchased_purges":0,"victory":false,"max_hp_per_floor":[75,75,75,75,75,75,75,75,75,75,75,69,69,74,74,74,74,74,74,74,74,74,74,74],"card_choices":[{"not_picked":["Compile Driver","Doom and Gloom"],"picked":"Coolheaded","floor":1},{"not_picked":["Turbo","Stack"],"picked":"Compile Driver","floor":3},{"not_picked":["Streamline","Tempest"],"picked":"Go for the Eyes","floor":4},{"not_picked":["Auto Shields","Rainbow"],"picked":"Capacitor","floor":6},{"not_picked":["Rebound","Meteor Strike"],"picked":"Cold Snap","floor":8},{"not_picked":["Turbo","Compile Driver"],"picked":"Coolheaded","floor":10},{"not_picked":["Creative AI","Buffer"],"picked":"Echo Form","floor":16},{"not_picked":["Cold Snap","Beam Cell+1"],"picked":"Sweeping Beam+1","floor":18},{"not_picked":["Aggregate+1","Heatsinks"],"picked":"Storm","floor":20},{"not_picked":["Steam","Biased Cognition"],"picked":"Conserve Battery","floor":21}],"player_experience":199538,"relics_obtained":[{"floor":6,"key":"Potion Belt"},{"floor":8,"key":"Matryoshka"},{"floor":9,"key":"Ancient Tea Set"},{"floor":9,"key":"Happy Flower"}],"event_choices":[{"cards_removed":["Strike_B"],"damage_healed":0,"gold_gain":0,"player_choice":"Offered Basic","damage_taken":0,"max_hp_gain":0,"max_hp_loss":0,"event_name":"Bonfire Elementals","floor":2,"gold_loss":0},{"damage_healed":18,"gold_gain":0,"player_choice":"Healed and dodged fight","damage_taken":0,"max_hp_gain":0,"max_hp_loss":0,"event_name":"Mushrooms","floor":11,"gold_loss":0,"cards_obtained":["Parasite"]},{"damage_healed":0,"gold_gain":0,"player_choice":"Lose Max HP","damage_taken":0,"relics_obtained":["Golden Idol"],"max_hp_gain":0,"max_hp_loss":6,"event_name":"Golden Idol","floor":12,"gold_loss":0},{"damage_healed":0,"gold_gain":0,"player_choice":"Donut","damage_taken":0,"max_hp_gain":5,"max_hp_loss":0,"event_name":"Big Fish","floor":14,"gold_loss":0},{"damage_healed":0,"gold_gain":0,"player_choice":"Gave Idol","damage_taken":0,"relics_obtained":["Bloody Idol"],"max_hp_gain":0,"max_hp_loss":0,"event_name":"Forgotten Altar","floor":19,"relics_lost":["Golden Idol"],"gold_loss":0},{"damage_healed":0,"gold_gain":0,"player_choice":"Obtained Relic","damage_taken":0,"relics_obtained":["Regal Pillow"],"max_hp_gain":0,"max_hp_loss":0,"event_name":"Addict","floor":22,"gold_loss":85}],"is_beta":false,"boss_relics":[{"not_picked":["Busted Crown","FrozenCore"],"picked":"Eternal Feather"}],"items_purged_floors":[],"is_endless":false,"potions_floor_spawned":[3,10,18,20],"killed_by":"Gremlin Leader","ascension_level":4}