{"path_per_floor":["M","?","M","$","M","R","M","E","T","?","?","?","$","M","R","B",null,"M","M","$","?","?","?","E","R","T","M","?"],"character_chosen":"IRONCLAD","items_purchased":["Apotheosis"],"gold_per_floor":[215,165,184,109,129,129,147,174,174,174,204,204,104,124,124,225,225,242,259,60,60,60,60,390,390,441,457,357],"floor_reached":29,"campfire_rested":1,"playtime":2274,"current_hp_per_floor":[76,76,76,76,80,80,80,69,69,69,69,69,69,68,68,22,80,67,51,51,35,19,48,12,38,38,10,10],"items_purged":["Strike_R","Strike_R"],"gold":357,"score":241,"play_id":"eed2a05e-5733-4b78-926b-709290a7fb6e","is_prod":false,"is_daily":false,"is_ascension_mode":false,"campfire_upgraded":2,"path_taken":["M","?","M","$","M","R","M","E","T","?","?","?","$","M","R","BOSS","M","M","$","?","?","?","E","R","T","M","?","M"],"build_version":"2018-02-23-BETA1","purchased_purges":2,"victory":false,"master_deck":["Strike_R","Strike_R","Strike_R","Defend_R","Defend_R","Bash","True Grit","Flex+1","Flex","Double Tap+1","Cleave","Feed","Shrug It Off","Pummel","Heavy Blade","Cleave","Apotheosis","Feed","J.A.X."],"max_hp_per_floor":[80,80,80,80,80,80,80,80,80,80,80,80,80,80,80,80,80,83,83,83,88,88,88,88,88,88,91,91],"relics":["Burning Blood","Juzu Bracelet","Champion Belt","Dream Catcher","Orrery","Nilry\u0027s Codex","Old Coin","Anchor"],"card_choices":[{"not_picked":["Shockwave","Clothesline"],"picked":"True Grit"},{"not_picked":["Thunderclap","Sword Boomerang"],"picked":"Flex"},{"not_picked":["Infernal Blade","Anger"],"picked":"Flex"},{"not_picked":["Seeing Red","Twin Strike"],"picked":"Double Tap"},{"not_picked":["Wild Strike","Dual Wield"],"picked":"Cleave"},{"not_picked":["Immolate","Demon Form"],"picked":"Feed"},{"not_picked":["True Grit","Thunderclap"],"picked":"Shrug It Off"},{"not_picked":["Second Wind","Cleave"],"picked":"Pummel"},{"not_picked":["Whirlwind","Reckless Charge"],"picked":"Heavy Blade"},{"not_picked":["Rage","Infernal Blade"],"picked":"Cleave"},{"not_picked":["Power Through","Perfected Strike"],"picked":"Feed"}],"player_experience":120867,"potions_floor_usage":[8,14,14,16,18,24,24],"damage_taken":[{"damage":10,"enemies":"Small Slimes","floor":1,"turns":5},{"damage":6,"enemies":"Jaw Worm","floor":3,"turns":3},{"damage":0,"enemies":"2 Louse","floor":5,"turns":4},{"damage":0,"enemies":"Looter","floor":7,"turns":4},{"damage":17,"enemies":"3 Sentries","floor":8,"turns":6},{"damage":7,"enemies":"Exordium Thugs","floor":14,"turns":3},{"damage":52,"enemies":"Hexaghost","floor":16,"turns":8},{"damage":22,"enemies":"2 Thieves","floor":18,"turns":4},{"damage":22,"enemies":"3 Byrds","floor":19,"turns":5},{"damage":42,"enemies":"Slavers","floor":24,"turns":3},{"damage":37,"enemies":"Slaver and Parasite","floor":27,"turns":7},{"damage":12,"enemies":"3 Cultists","floor":29,"turns":2}],"event_choices":[{"event_name":"The Cleric","player_choice":"Card Removal","floor":2,"damage_taken":0},{"event_name":"The Lab","player_choice":"Got Potions","floor":10,"damage_taken":0},{"event_name":"Dead Adventurer","player_choice":"Searched \u00273\u0027 times","floor":11,"damage_taken":0},{"event_name":"Wheel of Change","player_choice":"Card Removal","floor":12,"damage_taken":0},{"event_name":"Forgotten Altar","player_choice":"Shed Blood","floor":21,"damage_taken":0},{"event_name":"Cursed Tome","player_choice":"Obtained Book","floor":22,"damage_taken":0},{"event_name":"The Library","player_choice":"Heal","floor":23,"damage_taken":0},{"event_name":"Drug Dealer","player_choice":"Got JAXXED","floor":28,"damage_taken":0}],"boss_relics":[{"not_picked":["Snecko Eye","White Beast Statue"],"picked":"Orrery"}],"potions_floor_spawned":[5,8,14,16,19,24],"seed_played":"-1403439470503146440","killed_by":"3 Cultists","ascension_level":0,"is_trial":false}