{"gold_per_floor":[109,109,127,139,217,217,230,230,260,295,316,316],"floor_reached":12,"playtime":409,"items_purged":[],"score":160,"play_id":"9c30636a-7b73-4892-9580-9fe8b1c141bb","local_time":"20190307214908","is_ascension_mode":true,"campfire_choices":[{"data":"Bash","floor":6.0,"key":"SMITH"}],"neow_cost":"NONE","seed_source_timestamp":557393891161727,"circlet_count":0,"master_deck":["AscendersBane","Strike_R","Strike_R","Strike_R","Strike_R","Strike_R","Defend_R","Defend_R","Defend_R","Defend_R","Bash+1","Power Through","Sword Boomerang","Carnage","Impervious"],"special_seed":0,"relics":["Burning Blood","NeowsBlessing","Meat on the Bone","Golden Idol","Tiny Chest","Gremlin Horn"],"potions_floor_usage":[12],"damage_taken":[{"damage":0.0,"enemies":"Jaw Worm","floor":1.0,"turns":1.0},{"damage":0.0,"enemies":"Cultist","floor":3.0,"turns":1.0},{"damage":0.0,"enemies":"Small Slimes","floor":4.0,"turns":2.0},{"damage":31.0,"enemies":"Exordium Wildlife","floor":7.0,"turns":7.0},{"damage":30.0,"enemies":"Lagavulin","floor":10.0,"turns":5.0},{"damage":1,"enemies":"2 Fungi Beasts","floor":11,"turns":3},{"damage":45,"enemies":"3 Sentries","floor":12,"turns":9}],"seed_played":"-1327777371292565821","potions_obtained":[{"floor":1.0,"key":"SpeedPotion"},{"floor":2.0,"key":"EntropicBrew"},{"floor":3.0,"key":"Strength Potion"},{"floor":11,"key":"Weak Potion"}],"is_trial":false,"path_per_floor":["M","?","M","M","T","R","M","?","T","E","M","E"],"character_chosen":"IRONCLAD","items_purchased":[],"campfire_rested":0,"item_purchase_floors":[],"current_hp_per_floor":[74,74,75,75,75,75,50,50,50,38,43,0],"gold":316,"neow_bonus":"THREE_ENEMY_KILL","is_prod":false,"is_daily":false,"chose_seed":false,"campfire_upgraded":1,"win_rate":0,"timestamp":1551966548,"path_taken":["M","?","?","M","?","R","?","?","T","E","M","E"],"build_version":"2019-01-23","purchased_purges":0,"victory":false,"max_hp_per_floor":[75,75,75,75,75,75,75,68,68,68,68,68],"card_choices":[{"not_picked":["Seeing Red","Dropkick"],"picked":"Power Through","floor":1.0},{"not_picked":["Cleave","Wild Strike"],"picked":"Sword Boomerang","floor":3.0},{"not_picked":["Dropkick","Hemokinesis","Wild Strike"],"picked":"SKIP","floor":4.0},{"not_picked":["True Grit","Thunderclap"],"picked":"Carnage","floor":7.0},{"not_picked":["Headbutt","Whirlwind","Perfected Strike"],"picked":"SKIP","floor":10},{"not_picked":["Thunderclap","Cleave"],"picked":"Impervious","floor":11}],"player_experience":1185085,"relics_obtained":[{"floor":5.0,"key":"Meat on the Bone"},{"floor":9.0,"key":"Tiny Chest"},{"floor":10,"key":"Gremlin Horn"}],"event_choices":[{"damage_healed":0.0,"max_hp_gain":0.0,"max_hp_loss":0.0,"gold_gain":0.0,"event_name":"Lab","player_choice":"Got Potions","floor":2.0,"gold_loss":0.0,"damage_taken":0.0},{"damage_healed":0.0,"max_hp_gain":0.0,"max_hp_loss":7.0,"gold_gain":0.0,"event_name":"Golden Idol","player_choice":"Lose Max HP","floor":8.0,"gold_loss":0.0,"damage_taken":0.0,"relics_obtained":["Golden Idol"]}],"is_beta":false,"boss_relics":[],"items_purged_floors":[],"is_endless":false,"potions_floor_spawned":[1,3,11],"killed_by":"3 Sentries","ascension_level":20}