{"path_per_floor":["M","M","M","M","M","E","R","M","T","M","M","M","E","$","R","B",null,"M","M","?","M","?","E","M","R","T","E","M","$","M","E","R","B",null,"M","M","?","M","M","E","$","M","T","E","?","E","R","M","R","B"],"character_chosen":"THE_SILENT","items_purchased":["Ice Cream","Happy Flower"],"gold_per_floor":[114,129,144,159,174,204,204,219,244,259,274,289,319,19,19,119,119,134,149,149,164,164,194,209,209,209,239,254,29,44,74,74,174,174,189,204,204,219,234,264,164,179,179,209,0,30,30,45,45,45],"floor_reached":51,"campfire_rested":1,"playtime":2235,"current_hp_per_floor":[70,70,70,70,70,70,70,70,70,70,70,70,55,55,55,15,70,70,70,57,57,57,54,54,75,89,89,96,96,106,106,106,93,106,106,106,106,106,106,108,108,108,110,110,110,110,110,110,110,110],"items_purged":["Footwork","Pain"],"gold":45,"score":1143,"play_id":"cd52dad6-a17c-40df-8f09-8461a0ec5a50","local_time":"20180403002343","daily_mods":["Draft","Lethality","Vintage"],"is_prod":false,"is_daily":true,"is_ascension_mode":false,"campfire_upgraded":2,"timestamp":1522733023,"path_taken":["M","M","M","M","M","E","R","M","T","M","M","M","E","$","R","BOSS","M","M","?","M","?","E","M","R","T","E","M","$","M","E","R","BOSS","M","M","?","M","M","E","$","M","T","E","?","E","R","M","R","BOSS"],"build_version":"2018-03-29","purchased_purges":2,"victory":true,"master_deck":["Skewer+1","Prepared","Flying Knee","Acrobatics","Flying Knee","Prepared","Quick Slash","Terror","Reflex+1","Prepared+1","Backstab","Footwork","Flying Knee","Slice","Tools of the Trade+1","Prepared","Backstab","Dodge and Roll","Reflex+1","Dodge and Roll","Underhanded Strike","Slice+1","Glass Knife","Flechettes+1","Underhanded Strike"],"max_hp_per_floor":[70,70,70,70,70,70,70,70,70,70,70,70,70,70,70,70,70,70,70,75,75,75,75,75,75,89,89,96,96,106,106,106,106,106,106,106,106,106,106,108,108,108,110,110,110,110,110,110,110,110],"relics":["Ring of the Snake","Dodecahedron","Kunai","Matryoshka","Dream Catcher","Girya","Toolbox","Snake Skull","Gremlin Horn","Anchor","Regal Pillow","Centennial Puzzle","Orichalcum","Bag of Preparation","Ice Cream","Bottled Flame","Orrery","Juzu Bracelet","War Paint","Bag of Marbles","Blue Candle","Art of War","Meat on the Bone","Mango","Mercury Hourglass","Strawberry","Happy Flower","Pear","Pen Nib","Omamori","Calling Bell","Vajra","Ornamental Fan","Singing Bowl","Letter Opener","Torii","Shuriken","Paper Crane","Prayer Wheel","Ninja Scroll","Ancient Tea Set","Oddly Smooth Stone","Red Mask","Darkstone Periapt","Blood Vial"],"card_choices":[{"not_picked":["Endless Agony","Backflip"],"picked":"Skewer","floor":0},{"not_picked":["Deadly Poison","Slice"],"picked":"Prepared","floor":0},{"not_picked":["Bane","Dagger Spray"],"picked":"Flying Knee","floor":0},{"not_picked":["Deadly Poison","Cloak And Dagger"],"picked":"Acrobatics","floor":0},{"not_picked":["Deadly Poison","Concentrate"],"picked":"Flying Knee","floor":0},{"not_picked":["Sucker Punch","Acrobatics"],"picked":"Prepared","floor":0},{"not_picked":["Deflect","PiercingWail"],"picked":"Quick Slash","floor":0},{"not_picked":["Bane","Underhanded Strike"],"picked":"Footwork","floor":0},{"not_picked":["Endless Agony","Prepared"],"picked":"Terror","floor":0},{"not_picked":["Deadly Poison","Dodge and Roll"],"picked":"Reflex","floor":0},{"not_picked":["Slice","Poisoned Stab"],"picked":"Prepared","floor":0},{"not_picked":["Sucker Punch","Quick Slash"],"picked":"Backstab","floor":0},{"not_picked":["Dagger Spray","Dodge and Roll"],"picked":"Footwork","floor":0},{"not_picked":["Deadly Poison","PiercingWail"],"picked":"Flying Knee","floor":0},{"not_picked":["Predator","Sucker Punch"],"picked":"Slice","floor":0},{"not_picked":["Phantasmal Killer","After Image"],"picked":"Tools of the Trade","floor":16},{"not_picked":["Dodge and Roll","Slice"],"picked":"Prepared","floor":17},{"not_picked":["Poisoned Stab","Bane"],"picked":"Backstab","floor":17},{"not_picked":["Infinite Blades","Riddle With Holes"],"picked":"Dodge and Roll","floor":17},{"not_picked":["Heel Hook","Deadly Poison"],"picked":"Reflex","floor":23},{"not_picked":["Catalyst","Flying Knee"],"picked":"Dodge and Roll","floor":25},{"not_picked":["Wraith Form","Quick Slash"],"picked":"Underhanded Strike","floor":27},{"not_picked":["PiercingWail","Blur"],"picked":"Slice","floor":31},{"not_picked":["Tactician","After Image"],"picked":"Glass Knife","floor":33},{"not_picked":["Deflect","Dodge and Roll"],"picked":"Flechettes","floor":44},{"not_picked":["Poisoned Stab","Tools of the Trade"],"picked":"Underhanded Strike","floor":46}],"player_experience":159506,"potions_floor_usage":[4,21,33,50,50],"damage_taken":[{"damage":0,"enemies":"Jaw Worm","floor":1,"turns":1},{"damage":0,"enemies":"Small Slimes","floor":2,"turns":1},{"damage":0,"enemies":"2 Louse","floor":3,"turns":1},{"damage":0,"enemies":"Exordium Thugs","floor":4,"turns":1},{"damage":0,"enemies":"Looter","floor":5,"turns":1},{"damage":0,"enemies":"Gremlin Nob","floor":6,"turns":2},{"damage":0,"enemies":"2 Fungi Beasts","floor":8,"turns":1},{"damage":0,"enemies":"Exordium Thugs","floor":10,"turns":2},{"damage":0,"enemies":"Exordium Wildlife","floor":11,"turns":1},{"damage":0,"enemies":"Looter","floor":12,"turns":1},{"damage":15,"enemies":"Lagavulin","floor":13,"turns":3},{"damage":40,"enemies":"The Guardian","floor":16,"turns":4},{"damage":0,"enemies":"Shell Parasite","floor":18,"turns":1},{"damage":0,"enemies":"3 Byrds","floor":19,"turns":2},{"damage":0,"enemies":"Snake Plant","floor":21,"turns":1},{"damage":3,"enemies":"Book of Stabbing","floor":23,"turns":2},{"damage":0,"enemies":"Snecko","floor":24,"turns":2},{"damage":0,"enemies":"Slavers","floor":27,"turns":1},{"damage":0,"enemies":"3 Cultists","floor":28,"turns":1},{"damage":0,"enemies":"Centurion and Healer","floor":30,"turns":1},{"damage":0,"enemies":"Book of Stabbing","floor":31,"turns":2},{"damage":13,"enemies":"Automaton","floor":33,"turns":5},{"damage":0,"enemies":"Flame Bruiser 1 Orb","floor":35,"turns":1},{"damage":0,"enemies":"Orb Walker","floor":36,"turns":1},{"damage":0,"enemies":"Flame Bruiser 2 Orb","floor":38,"turns":1},{"damage":0,"enemies":"3 Darklings","floor":39,"turns":1},{"damage":0,"enemies":"Nemesis","floor":40,"turns":1},{"damage":0,"enemies":"Sphere and 2 Shapes","floor":42,"turns":1},{"damage":0,"enemies":"2 Orb Walkers","floor":44,"turns":1},{"damage":0,"enemies":"Nemesis","floor":46,"turns":1},{"damage":0,"enemies":"Spire Growth","floor":48,"turns":1},{"damage":0,"enemies":"Donu and Deca","floor":50,"turns":3}],"event_choices":[{"event_name":"Forgotten Altar","player_choice":"Shed Blood","floor":20,"damage_taken":0},{"event_name":"Drug Dealer","player_choice":"Ignored","floor":22,"damage_taken":0},{"event_name":"Upgrade Shrine","player_choice":"Upgraded","floor":37,"damage_taken":0},{"event_name":"Tomb of Lord Red Mask","player_choice":"Paid","floor":45,"damage_taken":0}],"boss_relics":[{"not_picked":["Pandora\u0027s Box","Ectoplasm"],"picked":"Orrery"},{"not_picked":["Runic Pyramid","Runic Dome"],"picked":"Calling Bell"}],"potions_floor_spawned":[1,4,8,11,13,16,21,23,24,30,31,35,40,42],"seed_played":"-1662538699464581521","ascension_level":0,"is_trial":false}