{"gold_per_floor":[111,186,199,199,18,350,364,379,379,379,390,390,405,433,433,433],"floor_reached":16,"playtime":465,"items_purged":["Strike_R"],"score":274,"play_id":"6f3d2528-7a9f-41eb-b1b2-762f55d89e2b","local_time":"20190225165858","is_ascension_mode":true,"campfire_choices":[{"data":"Disarm","floor":10.0,"key":"SMITH"},{"data":"Carnage","floor":15.0,"key":"SMITH"}],"neow_cost":"NONE","seed_source_timestamp":412209768067592,"circlet_count":0,"master_deck":["AscendersBane","Strike_R","Strike_R","Strike_R","Defend_R","Defend_R","Defend_R","Defend_R","Bash","Disarm+1","Finesse","Shrug It Off","Carnage+1","Second Wind"],"special_seed":0,"relics":["Burning Blood","NeowsBlessing","Kunai","Old Coin","Bronze Scales","Potion Belt"],"potions_floor_usage":[],"damage_taken":[{"damage":0.0,"enemies":"2 Louse","floor":1.0,"turns":1.0},{"damage":0.0,"enemies":"Jaw Worm","floor":3.0,"turns":1.0},{"damage":0.0,"enemies":"Lagavulin","floor":6.0,"turns":1.0},{"damage":13.0,"enemies":"Cultist","floor":7.0,"turns":5.0},{"damage":21.0,"enemies":"Lots of Slimes","floor":8.0,"turns":8.0},{"damage":9.0,"enemies":"3 Louse","floor":11.0,"turns":5.0},{"damage":1.0,"enemies":"Blue Slaver","floor":13.0,"turns":5.0},{"damage":27.0,"enemies":"3 Sentries","floor":14.0,"turns":9.0},{"damage":0,"enemies":"Slime Boss","floor":16,"turns":1}],"seed_played":"8242845611821383872","potions_obtained":[{"floor":1.0,"key":"AttackPotion"},{"floor":3.0,"key":"Regen Potion"},{"floor":14.0,"key":"Poison Potion"}],"is_trial":false,"path_per_floor":["M","?","M","T","$","E","M","M","T","R","M","?","M","E","R","B"],"character_chosen":"IRONCLAD","items_purchased":["Finesse"],"campfire_rested":0,"item_purchase_floors":[5],"current_hp_per_floor":[74,63,69,69,69,75,68,53,53,53,50,50,55,49,49,49],"gold":433,"neow_bonus":"THREE_ENEMY_KILL","is_prod":false,"is_daily":false,"chose_seed":false,"campfire_upgraded":2,"win_rate":0,"timestamp":1551085138,"path_taken":["M","?","M","?","$","E","M","M","T","R","M","?","M","E","R","BOSS"],"build_version":"2019-01-23","purchased_purges":1,"victory":false,"max_hp_per_floor":[75,75,75,75,75,75,75,75,75,75,75,75,75,75,75,75],"card_choices":[{"not_picked":["Metallicize","Warcry","Disarm"],"picked":"SKIP","floor":1.0},{"not_picked":["Anger","Havoc"],"picked":"Disarm","floor":3.0},{"not_picked":["Iron Wave","Hemokinesis","Dual Wield"],"picked":"SKIP","floor":6.0},{"not_picked":["Anger","Double Tap","Metallicize"],"picked":"SKIP","floor":7.0},{"not_picked":["Anger","Double Tap","Metallicize"],"picked":"SKIP","floor":7.0},{"not_picked":["Disarm","Clash"],"picked":"Shrug It Off","floor":8.0},{"not_picked":["Clash","Twin Strike","Clothesline"],"picked":"SKIP","floor":11.0},{"not_picked":["Power Through","Flame Barrier"],"picked":"Carnage","floor":13.0},{"not_picked":["Rage","Thunderclap"],"picked":"Second Wind","floor":14.0}],"player_experience":1055287,"relics_obtained":[{"floor":4.0,"key":"Kunai"},{"floor":6.0,"key":"Old Coin"},{"floor":9.0,"key":"Bronze Scales"},{"floor":14.0,"key":"Potion Belt"}],"event_choices":[{"damage_healed":0.0,"max_hp_gain":0.0,"max_hp_loss":0.0,"gold_gain":75.0,"event_name":"World of Goop","player_choice":"Gather Gold","floor":2.0,"gold_loss":0.0,"damage_taken":11.0},{"cards_removed":["Strike_R"],"damage_healed":0.0,"max_hp_gain":0.0,"max_hp_loss":0.0,"gold_gain":0.0,"event_name":"Bonfire Elementals","player_choice":"Offered Basic","floor":12.0,"gold_loss":0.0,"damage_taken":0.0}],"is_beta":false,"boss_relics":[],"items_purged_floors":[5],"is_endless":false,"potions_floor_spawned":[1,3,8,14],"killed_by":"Slime Boss","ascension_level":20}