{"gold_per_floor":[109,121,121,46,46,46,64,64,64,80,100,100,43,55,55,55],"floor_reached":16,"playtime":598,"items_purged":["Regret"],"score":184,"play_id":"57e813d5-ae7d-4a7b-a93e-a71b1217580b","local_time":"20190426003829","is_ascension_mode":true,"campfire_choices":[{"data":"Defend_R","floor":6,"key":"PURGE"},{"data":"Strike_R","floor":8,"key":"PURGE"},{"floor":12,"key":"REST"},{"floor":15,"key":"REST"}],"neow_cost":"NONE","seed_source_timestamp":807730227576000,"circlet_count":0,"master_deck":["AscendersBane","Strike_R","Strike_R","Strike_R","Defend_R","Defend_R","Defend_R","Bash","Brutality","Thunderclap","Evolve","Blood for Blood","Battle Trance","Cleave","Wild Strike","Rampage"],"relics":["Burning Blood","Peace Pipe","Bottled Tornado"],"potions_floor_usage":[10],"damage_taken":[{"damage":4,"enemies":"2 Louse","floor":1,"turns":3},{"damage":22,"enemies":"Jaw Worm","floor":2,"turns":4},{"damage":10,"enemies":"Small Slimes","floor":7,"turns":5},{"damage":19,"enemies":"Blue Slaver","floor":10,"turns":4},{"damage":21,"enemies":"Lots of Slimes","floor":11,"turns":4},{"damage":16,"enemies":"3 Louse","floor":14,"turns":3},{"damage":63,"enemies":"The Guardian","floor":16,"turns":5}],"seed_played":"-1334253095070516456","potions_obtained":[{"floor":7,"key":"SpeedPotion"}],"is_trial":false,"path_per_floor":["M","M","?","$","?","R","M","R","T","M","M","R","$","M","R","B"],"character_chosen":"IRONCLAD","items_purchased":["Wild Strike"],"campfire_rested":2,"item_purchase_floors":[13],"current_hp_per_floor":[70,54,54,54,54,54,50,50,50,37,22,44,44,34,56,0],"gold":55,"neow_bonus":"ONE_RANDOM_RARE_CARD","is_prod":false,"is_daily":false,"chose_seed":false,"campfire_upgraded":0,"win_rate":0,"timestamp":1556235509,"path_taken":["M","M","?","$","?","R","M","R","T","M","?","R","$","M","R","BOSS"],"build_version":"2019-01-23","purchased_purges":1,"victory":false,"max_hp_per_floor":[75,75,75,75,75,75,75,75,75,75,75,75,75,75,75,75],"card_choices":[{"not_picked":["Heavy Blade","Clothesline"],"picked":"Thunderclap","floor":1},{"not_picked":["Intimidate","Thunderclap"],"picked":"Evolve","floor":2},{"not_picked":["Rage","Flex"],"picked":"Blood for Blood","floor":7},{"not_picked":["Clash","Headbutt"],"picked":"Battle Trance","floor":10},{"not_picked":["Pommel Strike","Clothesline"],"picked":"Cleave","floor":11},{"not_picked":["Heavy Blade","Wild Strike"],"picked":"Rampage","floor":14}],"player_experience":413988,"relics_obtained":[{"floor":9,"key":"Bottled Tornado"}],"event_choices":[{"damage_healed":0,"gold_gain":0,"player_choice":"Box","damage_taken":0,"relics_obtained":["Peace Pipe"],"max_hp_gain":0,"max_hp_loss":0,"event_name":"Big Fish","floor":3,"gold_loss":0,"cards_obtained":["Regret"]},{"cards_removed":["Strike_R"],"damage_healed":0,"gold_gain":0,"player_choice":"Forget","damage_taken":0,"max_hp_gain":0,"max_hp_loss":0,"event_name":"Living Wall","floor":5,"gold_loss":0}],"is_beta":false,"boss_relics":[],"items_purged_floors":[4],"is_endless":false,"potions_floor_spawned":[7],"killed_by":"The Guardian","ascension_level":20}