{"gold_per_floor":[215,116,127,127,127,127,147,172,219,219],"floor_reached":10,"playtime":372,"items_purged":["Strike_R"],"score":132,"play_id":"b3a3af49-2c2d-454c-9610-dd02d89b70b4","local_time":"20190302100631","is_ascension_mode":true,"campfire_choices":[{"data":"True Grit","floor":6.0,"key":"SMITH"}],"neow_cost":"NONE","seed_source_timestamp":82999672965427,"circlet_count":0,"master_deck":["AscendersBane","Strike_R+1","Strike_R","Strike_R","Strike_R+1","Defend_R","Defend_R","Defend_R","Defend_R","Bash","Burning Pact","True Grit+1","Sword Boomerang"],"special_seed":0,"relics":["Burning Blood","Bag of Preparation","Dream Catcher","Centennial Puzzle"],"potions_floor_usage":[],"damage_taken":[{"damage":13.0,"enemies":"2 Louse","floor":1.0,"turns":3.0},{"damage":4.0,"enemies":"Jaw Worm","floor":3.0,"turns":5.0},{"damage":1.0,"enemies":"Cultist","floor":7.0,"turns":3.0},{"damage":39.0,"enemies":"Lagavulin","floor":8.0,"turns":8.0},{"damage":11,"enemies":"Lots of Slimes","floor":10,"turns":4}],"seed_played":"-5576616697796131756","potions_obtained":[{"floor":1.0,"key":"Fruit Juice"},{"floor":3.0,"key":"PowerPotion"}],"is_trial":false,"path_per_floor":["M","$","M","?","T","R","M","E","T","M"],"character_chosen":"IRONCLAD","items_purchased":["True Grit"],"campfire_rested":0,"item_purchase_floors":[2],"current_hp_per_floor":[66,66,68,44,44,44,49,16,16,5],"gold":219,"neow_bonus":"HUNDRED_GOLD","is_prod":false,"is_daily":false,"chose_seed":false,"campfire_upgraded":1,"win_rate":0,"timestamp":1551492391,"path_taken":["M","$","M","?","?","R","M","E","T","M"],"build_version":"2019-01-23","purchased_purges":1,"victory":false,"max_hp_per_floor":[80,80,80,80,80,80,80,80,80,80],"card_choices":[{"not_picked":["Combust","Feel No Pain"],"picked":"Burning Pact","floor":1.0},{"not_picked":["Sever Soul","Thunderclap","True Grit"],"picked":"SKIP","floor":3.0},{"not_picked":["Iron Wave","Clash"],"picked":"Sword Boomerang","floor":7.0},{"not_picked":["Sever Soul","Warcry","Wild Strike"],"picked":"SKIP","floor":8.0},{"not_picked":["Sever Soul","Warcry","Wild Strike"],"picked":"SKIP","floor":8.0}],"player_experience":1126291,"relics_obtained":[{"floor":5.0,"key":"Bag of Preparation"},{"floor":8.0,"key":"Dream Catcher"},{"floor":9.0,"key":"Centennial Puzzle"}],"event_choices":[{"damage_healed":0.0,"max_hp_gain":0.0,"max_hp_loss":0.0,"gold_gain":0.0,"event_name":"Shining Light","player_choice":"Entered Light","floor":4.0,"gold_loss":0.0,"damage_taken":24.0,"cards_upgraded":["Strike_R","Strike_R"]}],"is_beta":false,"boss_relics":[],"items_purged_floors":[2],"is_endless":false,"potions_floor_spawned":[1,3],"killed_by":"Lots of Slimes","ascension_level":20}