{"gold_per_floor":[110,110,35,48,59,59,35,35,35,63,63,78,106,117,117,194,194,209,209,229,242,29,29,60,60,60,60],"floor_reached":27,"playtime":850,"items_purged":["Pain","Strike_R"],"score":482,"play_id":"9c4bb1ba-190b-435a-a2dd-8146f4fe19a3","local_time":"20190510150638","is_ascension_mode":true,"campfire_choices":[{"data":"Bash","floor":6.0,"key":"SMITH"},{"data":"True Grit","floor":8.0,"key":"SMITH"},{"data":"Twin Strike","floor":11.0,"key":"SMITH"},{"data":"Shrug It Off","floor":15.0,"key":"SMITH"},{"data":"Feel No Pain","floor":23.0,"key":"SMITH"},{"data":"Shrug It Off","floor":25,"key":"SMITH"}],"neow_cost":"NONE","seed_source_timestamp":433608636149081,"circlet_count":0,"master_deck":["AscendersBane","Strike_R","Strike_R","Strike_R","Strike_R","Defend_R","Defend_R","Defend_R","Defend_R","Bash+1","Ghostly Armor","Anger","Twin Strike+1","Thunderclap","True Grit+1","Shrug It Off+1","Juggernaut+1","Clothesline","Spot Weakness","Feel No Pain+1","Shrug It Off+1"],"special_seed":0,"relics":["Burning Blood","WarpedTongs","Art of War","Gremlin Horn","Dream Catcher","Sozu","Regal Pillow","The Courier"],"potions_floor_usage":[],"damage_taken":[{"damage":1.0,"enemies":"2 Louse","floor":1.0,"turns":4.0},{"damage":0.0,"enemies":"Cultist","floor":4.0,"turns":3.0},{"damage":12.0,"enemies":"Jaw Worm","floor":5.0,"turns":2.0},{"damage":26.0,"enemies":"Lagavulin","floor":10.0,"turns":6.0},{"damage":3.0,"enemies":"Blue Slaver","floor":12.0,"turns":3.0},{"damage":12.0,"enemies":"3 Sentries","floor":13.0,"turns":7.0},{"damage":0.0,"enemies":"Lots of Slimes","floor":14.0,"turns":4.0},{"damage":60.0,"enemies":"The Guardian","floor":16.0,"turns":19.0},{"damage":16.0,"enemies":"Shell Parasite","floor":18.0,"turns":5.0},{"damage":4.0,"enemies":"Spheric Guardian","floor":20.0,"turns":4.0},{"damage":15.0,"enemies":"Cultist and Chosen","floor":21.0,"turns":7.0},{"damage":10,"enemies":"Gremlin Leader","floor":24,"turns":5},{"damage":44,"enemies":"Book of Stabbing","floor":27,"turns":5}],"seed_played":"-8387953939364995352","potions_obtained":[{"floor":4.0,"key":"Regen Potion"},{"floor":10.0,"key":"SkillPotion"},{"floor":16.0,"key":"Swift Potion"}],"is_trial":false,"path_per_floor":["M","?","$","M","M","R","$","R","T","E","R","M","E","M","R","B",null,"M","?","M","M","$","R","E","R","T","E"],"character_chosen":"IRONCLAD","items_purchased":["True Grit","Feel No Pain","Shrug It Off"],"campfire_rested":0,"item_purchase_floors":[7,22,22],"current_hp_per_floor":[73,73,73,75,69,69,69,69,69,49,49,52,61,67,67,13,60,50,50,52,43,43,43,39,39,39,0],"gold":60,"neow_bonus":"THREE_CARDS","is_prod":false,"is_daily":false,"chose_seed":false,"campfire_upgraded":6,"win_rate":0,"timestamp":1557511598,"path_taken":["M","?","?","M","M","R","$","R","T","E","R","M","E","M","R","BOSS","M","?","?","M","$","R","E","R","T","E"],"build_version":"2019-01-23","purchased_purges":2,"victory":false,"max_hp_per_floor":[75,75,75,75,75,75,75,75,75,75,75,75,75,75,75,75,75,75,75,75,75,75,75,75,75,75,75],"card_choices":[{"not_picked":["Bloodletting","Intimidate"],"picked":"Ghostly Armor","floor":0.0},{"not_picked":["Pommel Strike","Warcry"],"picked":"Anger","floor":1.0},{"not_picked":["Metallicize","Second Wind"],"picked":"Twin Strike","floor":4.0},{"not_picked":["Anger","Warcry"],"picked":"Thunderclap","floor":5.0},{"not_picked":["Rampage","Heavy Blade","Warcry"],"picked":"SKIP","floor":10.0},{"not_picked":["Rampage","Heavy Blade","Warcry"],"picked":"SKIP","floor":10.0},{"not_picked":["Heavy Blade","Thunderclap","Armaments"],"picked":"SKIP","floor":12.0},{"not_picked":["Heavy Blade","Thunderclap","Armaments"],"picked":"SKIP","floor":12.0},{"not_picked":["Rage","Body Slam","Intimidate"],"picked":"SKIP","floor":13.0},{"not_picked":["Infernal Blade","Twin Strike"],"picked":"Shrug It Off","floor":14.0},{"not_picked":["Bludgeon","Brutality"],"picked":"Juggernaut","floor":16.0},{"not_picked":["Clash","Pommel Strike","Havoc"],"picked":"SKIP","floor":18.0},{"not_picked":["Wild Strike","Fire Breathing"],"picked":"Clothesline","floor":20.0},{"not_picked":["Cleave","Burning Pact"],"picked":"Spot Weakness","floor":21.0},{"not_picked":["Clash","Infernal Blade","Wild Strike"],"picked":"SKIP","floor":24}],"player_experience":2303617,"relics_obtained":[{"floor":9.0,"key":"Art of War"},{"floor":10.0,"key":"Gremlin Horn"},{"floor":13.0,"key":"Dream Catcher"},{"floor":24,"key":"Regal Pillow"},{"floor":26,"key":"The Courier"}],"event_choices":[{"damage_healed":0.0,"max_hp_gain":0.0,"max_hp_loss":0.0,"gold_gain":0.0,"event_name":"Accursed Blacksmith","player_choice":"Rummage","floor":2.0,"gold_loss":0.0,"damage_taken":0.0,"relics_obtained":["WarpedTongs"],"cards_obtained":["Pain"]},{"damage_healed":0.0,"max_hp_gain":0.0,"max_hp_loss":0.0,"gold_gain":0.0,"event_name":"Upgrade Shrine","player_choice":"Upgraded","floor":19.0,"gold_loss":0.0,"damage_taken":0.0,"cards_upgraded":["Juggernaut"]}],"is_beta":false,"boss_relics":[{"not_picked":["Philosopher\u0027s Stone","Calling Bell"],"picked":"Sozu"}],"items_purged_floors":[3,22],"is_endless":false,"potions_floor_spawned":[4,10,12,16],"killed_by":"Book of Stabbing","ascension_level":20}