{"gold_per_floor":[363,6,6,47,83,141,186,186,186,296,355,355,419,419,419,419],"floor_reached":16,"playtime":644,"items_purged":["Strike_R"],"score":224,"play_id":"c8289721-0217-4fab-ae34-d9feaa38abda","local_time":"20190307112121","is_ascension_mode":true,"campfire_choices":[{"data":"True Grit","floor":8.0,"key":"SMITH"},{"data":"Second Wind","floor":12.0,"key":"SMITH"},{"data":"Inflame","floor":15,"key":"SMITH"}],"neow_cost":"CURSE","seed_source_timestamp":519345860050004,"circlet_count":0,"master_deck":["AscendersBane","Strike_R","Strike_R","Strike_R","Strike_R","Defend_R","Defend_R","Defend_R","Defend_R","Bash","Clumsy","Feel No Pain","Second Wind+1","HandOfGreed+1","True Grit+1","Evolve","Inflame+1"],"special_seed":0,"relics":["Burning Blood","Potion Belt","Mercury Hourglass"],"potions_floor_usage":[13],"damage_taken":[{"damage":2.0,"enemies":"2 Louse","floor":1.0,"turns":5.0},{"damage":7.0,"enemies":"Cultist","floor":4.0,"turns":4.0},{"damage":16.0,"enemies":"Jaw Worm","floor":5.0,"turns":5.0},{"damage":17.0,"enemies":"Gremlin Nob","floor":6.0,"turns":4.0},{"damage":3.0,"enemies":"Blue Slaver","floor":7.0,"turns":6.0},{"damage":14.0,"enemies":"Lots of Slimes","floor":10.0,"turns":9.0},{"damage":36.0,"enemies":"Lagavulin","floor":11.0,"turns":9.0},{"damage":11,"enemies":"Gremlin Gang","floor":13,"turns":5},{"damage":12,"enemies":"Hexaghost","floor":16,"turns":9}],"seed_played":"6465166978450087505","potions_obtained":[{"floor":1.0,"key":"SkillPotion"},{"floor":4.0,"key":"SkillPotion"},{"floor":10.0,"key":"EssenceOfSteel"}],"is_trial":false,"path_per_floor":["M","$","?","M","M","E","M","R","T","M","E","R","M","?","R","B"],"character_chosen":"IRONCLAD","items_purchased":["Second Wind","HandOfGreed"],"campfire_rested":0,"item_purchase_floors":[2,2],"current_hp_per_floor":[72,72,72,71,61,50,53,53,53,45,15,15,10,10,10,0],"gold":419,"neow_bonus":"TWO_FIFTY_GOLD","is_prod":false,"is_daily":false,"chose_seed":false,"campfire_upgraded":3,"win_rate":0,"timestamp":1551928881,"path_taken":["M","$","?","?","M","E","M","R","T","M","E","R","M","?","R","BOSS"],"build_version":"2019-01-23","purchased_purges":1,"victory":false,"max_hp_per_floor":[75,75,75,75,75,75,75,75,75,75,75,75,75,75,75,75],"card_choices":[{"not_picked":["True Grit","Pommel Strike"],"picked":"Feel No Pain","floor":1.0},{"not_picked":["Clash","Twin Strike","Clothesline"],"picked":"SKIP","floor":4.0},{"not_picked":["Clothesline","Flex"],"picked":"True Grit","floor":5.0},{"not_picked":["Feed","Flex"],"picked":"Evolve","floor":6.0},{"not_picked":["Clothesline","True Grit","Cleave"],"picked":"SKIP","floor":7.0},{"not_picked":["Clothesline","Corruption","Metallicize"],"picked":"SKIP","floor":10.0},{"not_picked":["Clothesline","Corruption","Metallicize"],"picked":"SKIP","floor":10.0},{"not_picked":["Clothesline","Warcry","Pummel"],"picked":"SKIP","floor":11.0},{"not_picked":["Clothesline","Warcry","Pummel"],"picked":"SKIP","floor":11.0},{"not_picked":["Clothesline","Warcry","Pummel"],"picked":"SKIP","floor":11.0},{"not_picked":["Feel No Pain","Fire Breathing"],"picked":"Inflame","floor":13}],"player_experience":1174623,"relics_obtained":[{"floor":6.0,"key":"Potion Belt"},{"floor":11.0,"key":"Mercury Hourglass"}],"event_choices":[{"damage_healed":0.0,"max_hp_gain":0.0,"max_hp_loss":0.0,"gold_gain":0.0,"event_name":"Accursed Blacksmith","player_choice":"Forge","floor":3.0,"gold_loss":0.0,"damage_taken":0.0,"cards_upgraded":["HandOfGreed"]},{"damage_healed":0,"gold_gain":0,"player_choice":"Ignored","damage_taken":0,"max_hp_gain":0,"max_hp_loss":0,"event_name":"Shining Light","floor":14,"gold_loss":0}],"is_beta":false,"boss_relics":[],"items_purged_floors":[2],"is_endless":false,"potions_floor_spawned":[1,4,5,10],"killed_by":"Hexaghost","ascension_level":20}