{"gold_per_floor":[117,117,117,133,153,185,25,25,25,25,37,372,385,35,35,109,109,127,146,165,165,184,184,217,237,237,250,266,266,266,93,93,166,166,186,24,36,311,53,53,73,87,156,31,31,47,47,65,65,65],"floor_reached":51,"playtime":3157,"items_purged":["Strike_G","Regret","Defend_G"],"score":1439,"play_id":"f00072ef-3537-4538-ae91-47cfbe3478ee","local_time":"20190508232605","is_ascension_mode":true,"campfire_choices":[{"floor":8,"key":"REST"},{"floor":10,"key":"REST"},{"data":"Apotheosis","floor":15,"key":"SMITH"},{"floor":23,"key":"REST"},{"floor":29,"key":"REST"},{"floor":32,"key":"REST"},{"floor":40,"key":"REST"},{"floor":47,"key":"REST"},{"floor":49,"key":"REST"}],"neow_cost":"TEN_PERCENT_HP_LOSS","seed_source_timestamp":347356885901000,"circlet_count":0,"master_deck":["AscendersBane","Defend_G","Defend_G","Defend_G","Strike_G","Strike_G","Survivor","Neutralize+1","Blur","Dodge and Roll","Bouncing Flask","Dodge and Roll","Corpse Explosion","Blur","Adrenaline","Poisoned Stab","Apotheosis+1","Well Laid Plans","Burst","Blur","Bouncing Flask","Backflip","Caltrops","After Image","Calculated Gamble+1"],"relics":["Ring of the Snake","Pocketwatch","Bag of Preparation","Letter Opener","Old Coin","Empty Cage","Tingsha","Blue Candle","Happy Flower","Sozu","Juzu Bracelet","Bronze Scales","Singing Bowl"],"potions_floor_usage":[12,16,19,19,50],"damage_taken":[{"damage":1,"enemies":"Small Slimes","floor":1,"turns":3},{"damage":0,"enemies":"Jaw Worm","floor":4,"turns":4},{"damage":0,"enemies":"Cultist","floor":5,"turns":4},{"damage":41,"enemies":"3 Sentries","floor":6,"turns":10},{"damage":0,"enemies":"2 Fungi Beasts","floor":11,"turns":3},{"damage":3,"enemies":"Lagavulin","floor":12,"turns":6},{"damage":4,"enemies":"Red Slaver","floor":13,"turns":5},{"damage":0,"enemies":"The Guardian","floor":16,"turns":7},{"damage":0,"enemies":"Chosen","floor":18,"turns":5},{"damage":7,"enemies":"2 Thieves","floor":19,"turns":3},{"damage":10,"enemies":"Centurion and Healer","floor":20,"turns":5},{"damage":25,"enemies":"3 Cultists","floor":22,"turns":5},{"damage":0,"enemies":"Book of Stabbing","floor":24,"turns":7},{"damage":10,"enemies":"Snake Plant","floor":25,"turns":4},{"damage":14,"enemies":"Centurion and Healer","floor":27,"turns":6},{"damage":0,"enemies":"Snecko","floor":28,"turns":5},{"damage":37,"enemies":"Automaton","floor":33,"turns":6},{"damage":5,"enemies":"3 Darklings","floor":35,"turns":4},{"damage":3,"enemies":"3 Shapes","floor":37,"turns":3},{"damage":0,"enemies":"Transient","floor":41,"turns":6},{"damage":19,"enemies":"3 Darklings","floor":42,"turns":3},{"damage":0,"enemies":"Sphere and 2 Shapes","floor":46,"turns":4},{"damage":11,"enemies":"Writhing Mass","floor":48,"turns":4},{"damage":52,"enemies":"Time Eater","floor":50,"turns":10}],"seed_played":"-3955791295968119812","potions_obtained":[{"floor":1,"key":"FearPotion"},{"floor":6,"key":"EntropicBrew"},{"floor":13,"key":"Energy Potion"},{"floor":16,"key":"GhostInAJar"},{"floor":18,"key":"Dexterity Potion"},{"floor":22,"key":"SteroidPotion"},{"floor":24,"key":"FearPotion"}],"is_trial":false,"path_per_floor":["M","?","?","M","M","E","$","R","T","R","M","E","M","$","R","B",null,"M","M","M","?","M","R","E","M","T","M","M","R","?","$","R","B",null,"M","$","M","?","$","R","M","M","T","$","?","M","R","M","R","B",null],"character_chosen":"THE_SILENT","items_purchased":["Corpse Explosion","Apotheosis","Well Laid Plans","Happy Flower","Juzu Bracelet","Bronze Scales"],"campfire_rested":8,"item_purchase_floors":[7,14,14,31,36,39],"current_hp_per_floor":[58,58,58,58,58,17,17,35,35,53,53,50,46,46,46,46,57,57,50,40,40,15,33,33,23,23,9,9,27,24,24,42,5,46,41,41,38,38,38,56,56,37,37,37,37,39,57,48,64,12],"gold":65,"neow_bonus":"ONE_RARE_RELIC","is_prod":false,"is_daily":false,"chose_seed":false,"campfire_upgraded":1,"win_rate":0,"timestamp":1557354365,"path_taken":["M","?","?","M","M","E","?","R","T","R","?","E","M","$","R","BOSS","M","?","M","?","M","R","E","?","T","M","?","R","?","$","R","BOSS","M","?","M","?","$","R","M","M","T","?","?","M","R","M","R","BOSS"],"build_version":"2019-01-23","purchased_purges":3,"victory":true,"max_hp_per_floor":[60,60,60,60,60,60,60,60,60,60,60,60,60,60,60,60,60,60,60,60,60,60,60,60,60,60,60,60,60,60,60,60,60,60,60,60,60,60,60,60,60,60,60,60,60,62,62,64,64,64],"card_choices":[{"not_picked":["Caltrops","Underhanded Strike"],"picked":"Blur","floor":1},{"not_picked":["Reflex","Predator"],"picked":"Dodge and Roll","floor":4},{"not_picked":["Outmaneuver","Predator"],"picked":"Bouncing Flask","floor":5},{"not_picked":["Dagger Throw","All Out Attack"],"picked":"Dodge and Roll","floor":6},{"not_picked":["Grand Finale","Dodge and Roll"],"picked":"Blur","floor":11},{"not_picked":["Outmaneuver","Acrobatics"],"picked":"Adrenaline","floor":12},{"not_picked":["Heel Hook","Flechettes"],"picked":"Poisoned Stab","floor":13},{"not_picked":["Die Die Die","Storm of Steel"],"picked":"Burst","floor":16},{"not_picked":["Quick Slash","PiercingWail"],"picked":"Blur","floor":18},{"not_picked":["Predator","Dodge and Roll"],"picked":"Bouncing Flask","floor":19},{"not_picked":["Deflect","Quick Slash","Tactician"],"picked":"SKIP","floor":20},{"not_picked":["Expertise","Well Laid Plans"],"picked":"Backflip","floor":22},{"not_picked":["Acrobatics","Finisher+1"],"picked":"Caltrops","floor":24},{"not_picked":["Blade Dance","Prepared","Deflect"],"picked":"SKIP","floor":25},{"not_picked":["Well Laid Plans","Deflect","Riddle With Holes"],"picked":"SKIP","floor":27},{"not_picked":["Caltrops+1","Dash","Predator"],"picked":"SKIP","floor":28},{"not_picked":["Wraith Form v2","Unload"],"picked":"After Image","floor":33},{"not_picked":["Poisoned Stab","Backflip"],"picked":"Calculated Gamble+1","floor":35},{"not_picked":["Prepared+1","Deadly Poison","Flying Knee+1"],"picked":"SKIP","floor":37},{"not_picked":["Backflip","Sucker Punch+1","Acrobatics"],"picked":"SKIP","floor":41},{"not_picked":["All Out Attack","Quick Slash","Dagger Spray+1"],"picked":"SKIP","floor":42},{"not_picked":["Slice","Bane","Endless Agony+1"],"picked":"Singing Bowl","floor":46},{"not_picked":["Outmaneuver","Flying Knee+1","Blade Dance"],"picked":"Singing Bowl","floor":48}],"player_experience":488755,"relics_obtained":[{"floor":6,"key":"Bag of Preparation"},{"floor":9,"key":"Letter Opener"},{"floor":12,"key":"Old Coin"},{"floor":24,"key":"Tingsha"},{"floor":26,"key":"Blue Candle"},{"floor":43,"key":"Singing Bowl"}],"event_choices":[{"damage_healed":0,"gold_gain":0,"player_choice":"Grow","damage_taken":0,"max_hp_gain":0,"max_hp_loss":0,"event_name":"Living Wall","floor":2,"gold_loss":0,"cards_upgraded":["Neutralize"]},{"damage_healed":0,"gold_gain":0,"player_choice":"Ignored","damage_taken":0,"max_hp_gain":0,"max_hp_loss":0,"event_name":"Liars Game","floor":3,"gold_loss":0},{"cards_removed":["Defend_G"],"damage_healed":0,"gold_gain":0,"player_choice":"Purged","damage_taken":0,"max_hp_gain":0,"max_hp_loss":0,"event_name":"Purifier","floor":21,"gold_loss":0},{"damage_healed":0,"gold_gain":0,"player_choice":"Bought 0 Potions","damage_taken":0,"max_hp_gain":0,"max_hp_loss":0,"event_name":"The Woman in Blue","floor":30,"gold_loss":0},{"damage_healed":0,"gold_gain":275,"player_choice":"Desecrate","damage_taken":0,"max_hp_gain":0,"max_hp_loss":0,"event_name":"Golden Shrine","floor":38,"gold_loss":0,"cards_obtained":["Regret"]},{"damage_healed":0,"gold_gain":0,"player_choice":"Ignored","damage_taken":0,"max_hp_gain":0,"max_hp_loss":0,"event_name":"Mysterious Sphere","floor":45,"gold_loss":0}],"is_beta":false,"boss_relics":[{"not_picked":["Tiny House","Lizard Tail"],"picked":"Empty Cage"},{"not_picked":["Pandora\u0027s Box","Calling Bell"],"picked":"Sozu"}],"items_purged_floors":[14,39,44],"is_endless":false,"potions_floor_spawned":[1,6,13,16,18,22,24,28,33,35,48],"ascension_level":18}