{"gold_per_floor":[119,119,119,137,212,250,250,286,286,168,168,168,203,128,128,221,221,239,264,66,66,79,79,95,118,118,118,133,151,151,190,190,289,289,308,308,82,97,170,170,209,259,259,39,39,74,124,174,174,174,174,174,174,16,51,51],"floor_reached":56,"playtime":2748,"items_purged":["Strike_R","Strike_R"],"score":1953,"play_id":"8bf29dfe-d678-4e87-a7e7-933aec4d916b","local_time":"20190305195303","is_ascension_mode":true,"campfire_choices":[{"data":"Immolate","floor":7.0,"key":"SMITH"},{"data":"Body Slam","floor":12.0,"key":"SMITH"},{"data":"Burning Pact","floor":15.0,"key":"SMITH"},{"data":"Demon Form","floor":23.0,"key":"SMITH"},{"data":"Sword Boomerang","floor":27.0,"key":"SMITH"},{"data":"True Grit","floor":32.0,"key":"SMITH"},{"data":"Shockwave","floor":40.0,"key":"SMITH"},{"data":"1","floor":45.0,"key":"LIFT"},{"floor":49.0,"key":"RECALL"},{"data":"2","floor":53.0,"key":"LIFT"}],"neow_cost":"NONE","seed_source_timestamp":374713730907680,"circlet_count":0,"master_deck":["AscendersBane","Defend_R","Defend_R+1","Defend_R","Defend_R+1","Bash","Body Slam+1","Immolate+1","Burning Pact+1","Battle Trance","Demon Form+1","Shrug It Off","Impatience","Warcry+1","Sword Boomerang+1","Necronomicurse","True Grit+1","Shockwave+1","Corruption","Chaos+1","PanicButton","Double Tap"],"special_seed":0,"relics":["Burning Blood","NeowsBlessing","Golden Idol","Thread and Needle","WingedGreaves","Torii","Letter Opener","Coffee Dripper","Girya","Gremlin Horn","Necronomicon","Pantograph","Snecko Eye","SsserpentHead","Medical Kit","Boot","PrismaticShard","Orichalcum","Incense Burner"],"potions_floor_usage":[56],"damage_taken":[{"damage":0.0,"enemies":"Jaw Worm","floor":1.0,"turns":1.0},{"damage":0.0,"enemies":"2 Louse","floor":4.0,"turns":1.0},{"damage":0.0,"enemies":"Lagavulin","floor":6.0,"turns":1.0},{"damage":21.0,"enemies":"Gremlin Nob","floor":8.0,"turns":4.0},{"damage":6.0,"enemies":"3 Sentries","floor":13.0,"turns":5.0},{"damage":22.0,"enemies":"Slime Boss","floor":16.0,"turns":9.0},{"damage":10.0,"enemies":"Spheric Guardian","floor":18.0,"turns":4.0},{"damage":12.0,"enemies":"2 Thieves","floor":19.0,"turns":3.0},{"damage":1.0,"enemies":"Sentry and Sphere","floor":22.0,"turns":4.0},{"damage":1.0,"enemies":"Centurion and Healer","floor":24.0,"turns":3.0},{"damage":0.0,"enemies":"Cultist and Chosen","floor":25.0,"turns":3.0},{"damage":0.0,"enemies":"Chosen and Byrds","floor":28.0,"turns":3.0},{"damage":0.0,"enemies":"3 Cultists","floor":29.0,"turns":3.0},{"damage":3.0,"enemies":"Book of Stabbing","floor":31.0,"turns":4.0},{"damage":26.0,"enemies":"Champ","floor":33.0,"turns":7.0},{"damage":6.0,"enemies":"3 Shapes","floor":35.0,"turns":2.0},{"damage":0.0,"enemies":"3 Darklings","floor":38.0,"turns":2.0},{"damage":1.0,"enemies":"4 Shapes","floor":39.0,"turns":3.0},{"damage":17.0,"enemies":"Reptomancer","floor":41.0,"turns":3.0},{"damage":0.0,"enemies":"Giant Head","floor":46.0,"turns":4.0},{"damage":35.0,"enemies":"Awakened One","floor":50.0,"turns":8.0},{"damage":33.0,"enemies":"Time Eater","floor":51.0,"turns":7.0},{"damage":51.0,"enemies":"Shield and Spear","floor":55.0,"turns":4.0},{"damage":51,"enemies":"The Heart","floor":56,"turns":2}],"seed_played":"6659091012364887198","potions_obtained":[{"floor":6.0,"key":"Fire Potion"},{"floor":16.0,"key":"PowerPotion"},{"floor":18.0,"key":"SpeedPotion"},{"floor":19.0,"key":"PowerPotion"},{"floor":31.0,"key":"Dexterity Potion"},{"floor":39.0,"key":"Energy Potion"},{"floor":41.0,"key":"SkillPotion"}],"is_trial":false,"path_per_floor":["M","?","?","M","?","E","R","E","T","$","?","R","E","?","R","B",null,"M","M","$","?","M","R","M","M","T","R","M","M","?","E","R","B",null,"M","?","$","M","M","R","E","?","T","$","R","E","?","?","R","B","B",null,"R","$","E","B"],"character_chosen":"IRONCLAD","items_purchased":["Battle Trance","Impatience","Medical Kit","PrismaticShard","GamblersBrew","Double Tap"],"campfire_rested":0,"item_purchase_floors":[10,20,37,44,54,54],"current_hp_per_floor":[74,68,48,54,43,49,49,34,34,34,27,27,27,27,27,11,54,50,44,44,44,49,49,54,60,60,60,66,68,47,50,50,48,63,63,63,63,68,68,68,57,57,57,57,57,63,63,63,63,39,37,60,60,60,15,0],"gold":51,"neow_bonus":"THREE_ENEMY_KILL","is_prod":false,"is_daily":false,"chose_seed":false,"campfire_upgraded":7,"win_rate":0,"timestamp":1551786783,"path_taken":["M","?","?","M","?","E","R","E","T","$","?","R","E","?","R","BOSS","M","M","$","?","M","R","M","M","T","R","M","?","?","E","R","BOSS","M","?","$","M","?","R","E","?","T","$","R","E","?","?","R","BOSS","BOSS","R","$","E","BOSS"],"build_version":"2019-01-23","purchased_purges":2,"victory":false,"max_hp_per_floor":[75,68,68,68,68,68,68,68,68,68,68,68,68,68,68,68,68,68,68,68,68,68,68,68,68,68,68,68,68,68,68,68,68,68,68,68,68,68,68,68,68,68,68,68,68,68,68,68,68,68,68,68,68,68,68,68],"card_choices":[{"not_picked":["Armaments","Disarm","Headbutt"],"picked":"SKIP","floor":1.0},{"not_picked":["Shockwave","Flex"],"picked":"Body Slam","floor":4.0},{"not_picked":["Juggernaut","Headbutt"],"picked":"Immolate","floor":6.0},{"not_picked":["Shockwave","Warcry"],"picked":"Burning Pact","floor":8.0},{"not_picked":["Searing Blow","Headbutt","Cleave"],"picked":"SKIP","floor":13.0},{"not_picked":["Immolate","Brutality"],"picked":"Demon Form","floor":16.0},{"not_picked":["Clash","Anger","Heavy Blade+1"],"picked":"SKIP","floor":18.0},{"not_picked":["Uppercut","Twin Strike"],"picked":"Shrug It Off","floor":19.0},{"not_picked":["Wild Strike","Headbutt"],"picked":"Warcry+1","floor":22.0},{"not_picked":["Reckless Charge","Clash"],"picked":"Sword Boomerang","floor":24.0},{"not_picked":["Clash+1","Rampage","Wild Strike"],"picked":"SKIP","floor":25.0},{"not_picked":["Ghostly Armor","Carnage","Searing Blow"],"picked":"SKIP","floor":28.0},{"not_picked":["Perfected Strike","Iron Wave","Spot Weakness"],"picked":"SKIP","floor":29.0},{"not_picked":["Havoc","Carnage"],"picked":"True Grit","floor":31.0},{"not_picked":["Armaments","Flex"],"picked":"Shockwave","floor":35.0},{"not_picked":["True Grit","Blood for Blood","Carnage"],"picked":"SKIP","floor":38.0},{"not_picked":["Battle Trance","Perfected Strike+1","Ghostly Armor+1"],"picked":"SKIP","floor":39.0},{"not_picked":["Shrug It Off+1","Carnage"],"picked":"Corruption","floor":41.0},{"not_picked":["Conserve Battery","Warcry"],"picked":"Chaos+1","floor":46.0},{"not_picked":["Deep Breath","Purity"],"picked":"PanicButton","floor":48.0},{"not_picked":["Rupture","Bloodletting","Purity"],"picked":"SKIP","floor":55.0}],"player_experience":1162867,"relics_obtained":[{"floor":6.0,"key":"Thread and Needle"},{"floor":8.0,"key":"WingedGreaves"},{"floor":9.0,"key":"Torii"},{"floor":13.0,"key":"Letter Opener"},{"floor":21.0,"key":"Girya"},{"floor":26.0,"key":"Gremlin Horn"},{"floor":30.0,"key":"Necronomicon"},{"floor":31.0,"key":"Pantograph"},{"floor":41.0,"key":"Boot"},{"floor":46.0,"key":"Orichalcum"},{"floor":55.0,"key":"Incense Burner"}],"event_choices":[{"damage_healed":0.0,"max_hp_gain":0.0,"max_hp_loss":7.0,"gold_gain":0.0,"event_name":"Golden Idol","player_choice":"Lose Max HP","floor":2.0,"gold_loss":0.0,"damage_taken":0.0,"relics_obtained":["Golden Idol"]},{"damage_healed":0.0,"max_hp_gain":0.0,"max_hp_loss":0.0,"gold_gain":0.0,"event_name":"Shining Light","player_choice":"Entered Light","floor":3.0,"gold_loss":0.0,"damage_taken":20.0,"cards_upgraded":["Defend_R","Defend_R"]},{"damage_healed":0.0,"max_hp_gain":0.0,"max_hp_loss":0.0,"gold_gain":75.0,"event_name":"World of Goop","player_choice":"Gather Gold","floor":5.0,"gold_loss":0.0,"damage_taken":11.0},{"cards_removed":["Strike_R"],"damage_healed":0.0,"max_hp_gain":0.0,"max_hp_loss":0.0,"gold_gain":0.0,"event_name":"Golden Wing","player_choice":"Card Removal","floor":11.0,"gold_loss":0.0,"damage_taken":7.0},{"cards_removed":["Strike_R"],"damage_healed":0.0,"max_hp_gain":0.0,"max_hp_loss":0.0,"gold_gain":0.0,"event_name":"The Cleric","player_choice":"Card Removal","floor":14.0,"gold_loss":75.0,"damage_taken":0.0},{"damage_healed":0.0,"max_hp_gain":0.0,"max_hp_loss":0.0,"gold_gain":0.0,"event_name":"Wheel of Change","player_choice":"Relic","floor":21.0,"gold_loss":0.0,"damage_taken":0.0},{"damage_healed":0.0,"max_hp_gain":0.0,"max_hp_loss":0.0,"gold_gain":0.0,"event_name":"Cursed Tome","player_choice":"Obtained Book","floor":30.0,"gold_loss":0.0,"damage_taken":21.0},{"damage_healed":0.0,"max_hp_gain":0.0,"max_hp_loss":0.0,"gold_gain":0.0,"event_name":"FaceTrader","player_choice":"Trade","floor":36.0,"gold_loss":0.0,"damage_taken":0.0,"relics_obtained":["SsserpentHead"]},{"cards_removed":["Strike_R"],"damage_healed":0.0,"max_hp_gain":0.0,"max_hp_loss":0.0,"gold_gain":0.0,"event_name":"Falling","player_choice":"Removed Attack","floor":42.0,"gold_loss":0.0,"damage_taken":0.0},{"damage_healed":0.0,"max_hp_gain":0.0,"max_hp_loss":0.0,"gold_gain":0.0,"event_name":"Tomb of Lord Red Mask","player_choice":"Ignored","floor":47.0,"gold_loss":0.0,"damage_taken":0.0},{"damage_healed":0.0,"max_hp_gain":0.0,"max_hp_loss":0.0,"gold_gain":0.0,"event_name":"SensoryStone","player_choice":"Memory 1","floor":48.0,"gold_loss":0.0,"damage_taken":0.0}],"is_beta":false,"boss_relics":[{"not_picked":["Runic Dome","Busted Crown"],"picked":"Coffee Dripper"},{"not_picked":["Mark of Pain","Black Blood"],"picked":"Snecko Eye"}],"items_purged_floors":[10,20],"is_endless":false,"potions_floor_spawned":[6,16,18,19,24,31,39,41,46],"killed_by":"The Heart","ascension_level":20}