{"gold_per_floor":[113,188,188,201,212,237,237,268,349,349,349,78,106,123,123,199,199,214,48,48,68,80,110,110,110,110,135,146,165,65,100,100,177,177,187,235,251,473,473,473,508,518,542,542,571,591,601,49,49,49,49,49,49,49,76,76],"floor_reached":57,"playtime":3736,"items_purged":["Strike_R","Defend_R","Strike_R"],"score":3461,"play_id":"1a6ac7bd-edd9-47ef-8bd3-8f06df2aa6b7","local_time":"20190305142624","is_ascension_mode":true,"campfire_choices":[{"data":"Carnage","floor":10.0,"key":"SMITH"},{"data":"True Grit","floor":15.0,"key":"SMITH"},{"data":"Dark Embrace","floor":25.0,"key":"SMITH"},{"data":"Deep Breath","floor":32.0,"key":"SMITH"},{"data":"Body Slam","floor":40.0,"key":"SMITH"},{"data":"Shrug It Off","floor":44.0,"key":"SMITH"},{"floor":49.0,"key":"RECALL"},{"data":"Finesse","floor":53.0,"key":"SMITH"}],"neow_cost":"NONE","seed_source_timestamp":353144965786589,"circlet_count":0,"master_deck":["AscendersBane","Defend_R","Defend_R","Defend_R","Bash","Deep Breath+1","True Grit+1","Carnage+1","Shrug It Off+1","Burning Pact","Dark Embrace+1","Finesse+1","Second Wind","Body Slam+1","Master of Strategy","Clash+1"],"special_seed":0,"relics":["Burning Blood","Unceasing Top","Dream Catcher","Sundial","Happy Flower","Black Star","Gremlin Horn","Blue Candle","Magic Flower","Bag of Preparation","Gambling Chip","Red Mask","Coffee Dripper","Girya","Dodecahedron","Oddly Smooth Stone","Mummified Hand","Bronze Scales","Prayer Wheel","Du-Vu Doll","Brimstone","Boot","Ginger"],"potions_floor_usage":[],"damage_taken":[{"damage":2.0,"enemies":"2 Louse","floor":1.0,"turns":4.0},{"damage":2.0,"enemies":"Small Slimes","floor":4.0,"turns":4.0},{"damage":1.0,"enemies":"Cultist","floor":5.0,"turns":3.0},{"damage":29.0,"enemies":"Gremlin Nob","floor":6.0,"turns":4.0},{"damage":45.0,"enemies":"3 Sentries","floor":8.0,"turns":12.0},{"damage":8.0,"enemies":"Gremlin Nob","floor":13.0,"turns":3.0},{"damage":2.0,"enemies":"2 Fungi Beasts","floor":14.0,"turns":7.0},{"damage":28.0,"enemies":"Hexaghost","floor":16.0,"turns":9.0},{"damage":14.0,"enemies":"Chosen","floor":18.0,"turns":5.0},{"damage":9.0,"enemies":"Spheric Guardian","floor":21.0,"turns":3.0},{"damage":15.0,"enemies":"Snake Plant","floor":22.0,"turns":5.0},{"damage":15.0,"enemies":"Book of Stabbing","floor":23.0,"turns":4.0},{"damage":0.0,"enemies":"Gremlin Leader","floor":27.0,"turns":4.0},{"damage":0.0,"enemies":"Centurion and Healer","floor":28.0,"turns":3.0},{"damage":0.0,"enemies":"Cultist and Chosen","floor":29.0,"turns":1.0},{"damage":0.0,"enemies":"Masked Bandits","floor":31.0,"turns":1.0},{"damage":1.0,"enemies":"Collector","floor":33.0,"turns":1.0},{"damage":0.0,"enemies":"3 Darklings","floor":35.0,"turns":1.0},{"damage":0.0,"enemies":"2 Orb Walkers","floor":36.0,"turns":1.0},{"damage":0.0,"enemies":"3 Shapes","floor":37.0,"turns":1.0},{"damage":0.0,"enemies":"Nemesis","floor":41.0,"turns":1.0},{"damage":0.0,"enemies":"Spire Growth","floor":42.0,"turns":1.0},{"damage":0.0,"enemies":"Giant Head","floor":45.0,"turns":1.0},{"damage":0.0,"enemies":"Writhing Mass","floor":46.0,"turns":1.0},{"damage":1.0,"enemies":"Transient","floor":47.0,"turns":1.0},{"damage":3.0,"enemies":"Time Eater","floor":50.0,"turns":6.0},{"damage":0.0,"enemies":"Awakened One","floor":51.0,"turns":2.0},{"damage":0.0,"enemies":"Shield and Spear","floor":55.0,"turns":1.0},{"damage":0,"enemies":"The Heart","floor":56,"turns":4}],"seed_played":"-7197472301205803152","potions_obtained":[{"floor":4.0,"key":"LiquidBronze"},{"floor":6.0,"key":"FearPotion"},{"floor":16.0,"key":"AttackPotion"},{"floor":18.0,"key":"Weak Potion"},{"floor":21.0,"key":"Explosive Potion"},{"floor":29.0,"key":"FearPotion"},{"floor":35.0,"key":"Block Potion"},{"floor":37.0,"key":"Block Potion"},{"floor":46.0,"key":"GamblersBrew"},{"floor":55.0,"key":"BloodPotion"}],"is_trial":false,"path_per_floor":["M","?","?","M","M","E","?","E","T","R","?","$","E","M","R","B",null,"M","$","?","M","M","E","?","R","T","E","M","M","$","?","R","B",null,"M","?","M","?","?","R","E","M","T","R","E","M","M","$","R","B","B",null,"R","$","E","B",null],"character_chosen":"IRONCLAD","items_purchased":["Sundial","Finesse","Master of Strategy","Brimstone"],"campfire_rested":0,"item_purchase_floors":[12,19,48,48],"current_hp_per_floor":[72,61,61,65,70,47,47,20,20,20,20,20,18,26,26,8,58,54,54,54,55,50,47,47,47,47,75,75,75,75,75,75,75,75,75,75,75,75,75,75,75,75,75,75,75,75,75,75,75,75,75,75,75,75,75,75],"gold":76,"neow_bonus":"RANDOM_COLORLESS","is_prod":false,"is_daily":false,"chose_seed":false,"campfire_upgraded":7,"win_rate":0,"timestamp":1551767184,"path_taken":["M","?","?","M","?","E","?","E","T","R","?","$","E","M","R","BOSS","M","$","?","M","M","E","?","R","T","E","M","M","$","?","R","BOSS","M","?","M","?","?","R","E","M","T","R","E","?","M","$","R","BOSS","BOSS","R","$","E","BOSS"],"build_version":"2019-01-23","purchased_purges":3,"victory":true,"max_hp_per_floor":[75,75,75,75,75,75,75,75,75,75,75,75,75,75,75,75,75,75,75,75,75,75,75,75,75,75,75,75,75,75,75,75,75,75,75,75,75,75,75,75,75,75,75,75,75,75,75,75,75,75,75,75,75,75,75,75],"card_choices":[{"not_picked":["Rage","Heavy Blade"],"picked":"True Grit","floor":1.0},{"not_picked":["Pommel Strike","Clothesline"],"picked":"Carnage","floor":4.0},{"not_picked":["Warcry","Sever Soul"],"picked":"Shrug It Off","floor":5.0},{"not_picked":["Rage","Whirlwind","Fire Breathing"],"picked":"SKIP","floor":6.0},{"not_picked":["Sever Soul","Heavy Blade","Hemokinesis"],"picked":"SKIP","floor":8.0},{"not_picked":["Shrug It Off","Dual Wield","Feel No Pain"],"picked":"SKIP","floor":13.0},{"not_picked":["Warcry","Blood for Blood","Anger"],"picked":"SKIP","floor":14.0},{"not_picked":["Feed","Barricade"],"picked":"Dark Embrace","floor":16.0},{"not_picked":["Armaments","Rampage","Sword Boomerang"],"picked":"SKIP","floor":18.0},{"not_picked":["Anger","Cleave"],"picked":"Second Wind","floor":21.0},{"not_picked":["Iron Wave+1","Dropkick","Thunderclap"],"picked":"SKIP","floor":22.0},{"not_picked":["Sword Boomerang","Warcry","Uppercut+1"],"picked":"SKIP","floor":23.0},{"not_picked":["Exhume","Disarm","Sword Boomerang"],"picked":"SKIP","floor":27.0},{"not_picked":["Twin Strike","Corruption+1","Clash"],"picked":"SKIP","floor":28.0},{"not_picked":["Battle Trance","Headbutt","Wild Strike"],"picked":"SKIP","floor":29.0},{"not_picked":["Iron Wave","Blood for Blood","Cleave"],"picked":"SKIP","floor":35.0},{"not_picked":["Heavy Blade+1","Brutality"],"picked":"Body Slam","floor":36.0},{"not_picked":["Pommel Strike","Rage","Havoc"],"picked":"SKIP","floor":37.0},{"not_picked":["Perfected Strike+1","Sentinel","Armaments"],"picked":"SKIP","floor":41.0},{"not_picked":["Thunderclap","Anger","Feel No Pain"],"picked":"SKIP","floor":42.0},{"not_picked":["Reaper","Flame Barrier+1","Warcry"],"picked":"SKIP","floor":45.0},{"not_picked":["Rupture","Corruption","Flex"],"picked":"SKIP","floor":46.0},{"not_picked":["Heavy Blade","Havoc","True Grit"],"picked":"SKIP","floor":46.0},{"not_picked":["True Grit+1","Pommel Strike","Heavy Blade"],"picked":"SKIP","floor":47.0},{"not_picked":["Cleave","Clash","Shrug It Off"],"picked":"SKIP","floor":47.0},{"not_picked":["Feel No Pain","Juggernaut"],"picked":"Clash+1","floor":55.0}],"player_experience":1154019,"relics_obtained":[{"floor":6.0,"key":"Unceasing Top"},{"floor":8.0,"key":"Dream Catcher"},{"floor":13.0,"key":"Happy Flower"},{"floor":23.0,"key":"Gremlin Horn"},{"floor":23.0,"key":"Blue Candle"},{"floor":26.0,"key":"Magic Flower"},{"floor":27.0,"key":"Bag of Preparation"},{"floor":27.0,"key":"Gambling Chip"},{"floor":31.0,"key":"Red Mask"},{"floor":36.0,"key":"Girya"},{"floor":41.0,"key":"Oddly Smooth Stone"},{"floor":41.0,"key":"Mummified Hand"},{"floor":43.0,"key":"Bronze Scales"},{"floor":45.0,"key":"Prayer Wheel"},{"floor":45.0,"key":"Du-Vu Doll"},{"floor":55.0,"key":"Boot"},{"floor":55.0,"key":"Ginger"}],"event_choices":[{"damage_healed":0.0,"max_hp_gain":0.0,"max_hp_loss":0.0,"gold_gain":75.0,"event_name":"World of Goop","player_choice":"Gather Gold","floor":2.0,"gold_loss":0.0,"damage_taken":11.0},{"cards_removed":["Strike_R"],"damage_healed":0.0,"max_hp_gain":0.0,"max_hp_loss":0.0,"gold_gain":0.0,"event_name":"Bonfire Elementals","player_choice":"Offered Basic","floor":3.0,"gold_loss":0.0,"damage_taken":0.0},{"damage_healed":0.0,"max_hp_gain":0.0,"max_hp_loss":0.0,"gold_gain":0.0,"cards_transformed":["Strike_R"],"event_name":"Living Wall","player_choice":"Change","floor":7.0,"gold_loss":0.0,"damage_taken":0.0,"cards_obtained":["Reaper"]},{"damage_healed":0.0,"max_hp_gain":0.0,"max_hp_loss":0.0,"gold_gain":0.0,"cards_transformed":["Strike_R"],"event_name":"Transmorgrifier","player_choice":"Transformed","floor":11.0,"gold_loss":0.0,"damage_taken":0.0,"cards_obtained":["Burning Pact"]},{"damage_healed":0.0,"max_hp_gain":0.0,"max_hp_loss":0.0,"gold_gain":0.0,"event_name":"The Mausoleum","player_choice":"Ignored","floor":20.0,"gold_loss":0.0,"damage_taken":0.0},{"damage_healed":0.0,"max_hp_gain":0.0,"max_hp_loss":0.0,"gold_gain":0.0,"event_name":"Cursed Tome","player_choice":"Ignored","floor":24.0,"gold_loss":0.0,"damage_taken":0.0},{"damage_healed":0.0,"max_hp_gain":0.0,"max_hp_loss":0.0,"gold_gain":0.0,"event_name":"Masked Bandits","player_choice":"Fought Bandits","floor":31.0,"gold_loss":0.0,"damage_taken":0.0},{"damage_healed":0.0,"max_hp_gain":0.0,"max_hp_loss":0.0,"gold_gain":0.0,"event_name":"Mysterious Sphere","player_choice":"Fight","floor":36.0,"gold_loss":0.0,"damage_taken":0.0},{"damage_healed":0.0,"max_hp_gain":0.0,"max_hp_loss":0.0,"gold_gain":222.0,"event_name":"Tomb of Lord Red Mask","player_choice":"Wore Mask","floor":38.0,"gold_loss":0.0,"damage_taken":0.0},{"cards_removed":["Reaper"],"damage_healed":0.0,"max_hp_gain":0.0,"max_hp_loss":0.0,"gold_gain":0.0,"event_name":"WeMeetAgain","player_choice":"Gave Card","floor":39.0,"gold_loss":0.0,"damage_taken":0.0,"relics_obtained":["Dodecahedron"]}],"is_beta":false,"boss_relics":[{"not_picked":["Calling Bell","Snecko Eye"],"picked":"Black Star"},{"not_picked":["Runic Dome","Fusion Hammer"],"picked":"Coffee Dripper"}],"items_purged_floors":[19,30,48],"is_endless":false,"potions_floor_spawned":[4,6,16,18,21,29,31,35,37,46,55],"ascension_level":20}