{"gold_per_floor":[117,0,0,0,16,51,51,51,51,51,51,69,142,161,161,161],"floor_reached":16,"playtime":287,"items_purged":["Strike_R"],"score":246,"play_id":"5a896d88-8c2c-4d35-9487-585dcd3f9312","local_time":"20190226234711","is_ascension_mode":true,"campfire_choices":[{"data":"Evolve","floor":7.0,"key":"SMITH"},{"data":"Bash","floor":15.0,"key":"SMITH"}],"neow_cost":"NONE","seed_source_timestamp":523411873510635,"circlet_count":0,"master_deck":["AscendersBane","Strike_R","Strike_R","Strike_R","Defend_R","Defend_R","Defend_R","Defend_R","Bash+1","Second Wind","Evolve+1","Pommel Strike","Exhume+1","True Grit+1","Intimidate+1"],"special_seed":0,"relics":["Burning Blood","NeowsBlessing","Golden Idol","Toxic Egg 2","Incense Burner","Bottled Tornado","Potion Belt"],"potions_floor_usage":[16],"damage_taken":[{"damage":0.0,"enemies":"Cultist","floor":1.0,"turns":1.0},{"damage":0.0,"enemies":"Jaw Worm","floor":5.0,"turns":1.0},{"damage":0.0,"enemies":"Gremlin Nob","floor":6.0,"turns":1.0},{"damage":2.0,"enemies":"2 Louse","floor":12.0,"turns":3.0},{"damage":33.0,"enemies":"Lagavulin Event","floor":13.0,"turns":6.0},{"damage":3.0,"enemies":"2 Fungi Beasts","floor":14.0,"turns":4.0},{"damage":44,"enemies":"The Guardian","floor":16,"turns":8}],"seed_played":"-4071457468169198746","potions_obtained":[{"floor":1.0,"key":"Fire Potion"},{"floor":12.0,"key":"Strength Potion"},{"floor":13.0,"key":"AttackPotion"}],"is_trial":false,"path_per_floor":["M","$","?","?","M","E","R","?","T","$","$","M","?","M","R","B"],"character_chosen":"IRONCLAD","items_purchased":["Evolve"],"campfire_rested":0,"item_purchase_floors":[2],"current_hp_per_floor":[74,74,67,67,68,68,68,57,57,57,57,61,34,37,37,0],"gold":161,"neow_bonus":"THREE_ENEMY_KILL","is_prod":false,"is_daily":false,"chose_seed":false,"campfire_upgraded":2,"win_rate":0,"timestamp":1551196031,"path_taken":["M","?","?","?","M","E","R","?","T","?","$","?","?","M","R","BOSS"],"build_version":"2019-01-23","purchased_purges":1,"victory":false,"max_hp_per_floor":[75,75,75,68,68,68,68,68,68,68,68,68,68,68,68,68],"card_choices":[{"not_picked":["Metallicize","Warcry"],"picked":"Second Wind","floor":1.0},{"not_picked":["Sever Soul","Iron Wave"],"picked":"Pommel Strike","floor":5.0},{"not_picked":["Havoc","Clothesline"],"picked":"Exhume","floor":6.0},{"not_picked":["Dual Wield+1","Perfected Strike"],"picked":"True Grit+1","floor":12.0},{"not_picked":["Sword Boomerang","Hemokinesis"],"picked":"Intimidate+1","floor":14.0}],"player_experience":1078825,"relics_obtained":[{"floor":6.0,"key":"Toxic Egg 2"},{"floor":9.0,"key":"Bottled Tornado"},{"floor":13.0,"key":"Potion Belt"}],"event_choices":[{"cards_removed":["Strike_R"],"damage_healed":0.0,"max_hp_gain":0.0,"max_hp_loss":0.0,"gold_gain":0.0,"event_name":"Golden Wing","player_choice":"Card Removal","floor":3.0,"gold_loss":0.0,"damage_taken":7.0},{"damage_healed":0.0,"max_hp_gain":0.0,"max_hp_loss":7.0,"gold_gain":0.0,"event_name":"Golden Idol","player_choice":"Lose Max HP","floor":4.0,"gold_loss":0.0,"damage_taken":0.0,"relics_obtained":["Golden Idol"]},{"damage_healed":0.0,"max_hp_gain":0.0,"max_hp_loss":0.0,"gold_gain":0.0,"event_name":"Scrap Ooze","player_choice":"Success","floor":8.0,"gold_loss":0.0,"damage_taken":11.0,"relics_obtained":["Incense Burner"]},{"damage_healed":0.0,"max_hp_gain":0.0,"max_hp_loss":0.0,"gold_gain":30.0,"event_name":"Dead Adventurer","player_choice":"Searched \u00272\u0027 times","floor":13.0,"gold_loss":0.0,"damage_taken":0.0}],"is_beta":false,"boss_relics":[],"items_purged_floors":[2],"is_endless":false,"potions_floor_spawned":[1,12,13],"killed_by":"The Guardian","ascension_level":20}