{"gold_per_floor":[116,116,127,52,52,52,52,85,85,31,55,78,93,113,113,243,243,257,278,55,70,85,85,85,85],"floor_reached":25,"playtime":1857,"items_purged":["Strike_R","Strike_R"],"score":215,"play_id":"f6d5bec0-8231-4aa8-9bcf-0a9e79c0137f","local_time":"20190505175842","is_ascension_mode":true,"campfire_choices":[{"data":"Twin Strike","floor":6,"key":"SMITH"},{"data":"Demon Form","floor":15,"key":"SMITH"},{"floor":23,"key":"RECALL"}],"neow_cost":"NONE","seed_source_timestamp":4479135624358500,"circlet_count":0,"master_deck":["Strike_R","Strike_R","Strike_R+1","Defend_R","Defend_R","Defend_R","Defend_R","Bash","Flex+1","Twin Strike+1","Headbutt","Shrug It Off","Flex","Searing Blow","Rage","Demon Form+1","Berserk","Iron Wave","Armaments","Good Instincts","Iron Wave+1"],"relics":["Burning Blood","Potion Belt","Red Skull","Golden Idol","PreservedInsect","Vajra","Fusion Hammer"],"potions_floor_usage":[16,18],"damage_taken":[{"damage":4,"enemies":"2 Louse","floor":1,"turns":3},{"damage":5,"enemies":"Cultist","floor":3,"turns":4},{"damage":40,"enemies":"Lagavulin","floor":8,"turns":6},{"damage":0,"enemies":"Small Slimes","floor":11,"turns":2},{"damage":0,"enemies":"2 Fungi Beasts","floor":12,"turns":2},{"damage":2,"enemies":"Blue Slaver","floor":13,"turns":2},{"damage":11,"enemies":"Large Slime","floor":14,"turns":5},{"damage":22,"enemies":"The Guardian","floor":16,"turns":6},{"damage":20,"enemies":"2 Thieves","floor":18,"turns":5},{"damage":18,"enemies":"3 Byrds","floor":19,"turns":5},{"damage":17,"enemies":"Centurion and Healer","floor":21,"turns":7},{"damage":15,"enemies":"Snecko","floor":22,"turns":5},{"damage":48,"enemies":"Slavers","floor":25,"turns":4}],"seed_played":"-7580795392282407465","potions_obtained":[{"floor":1,"key":"FearPotion"},{"floor":14,"key":"Strength Potion"},{"floor":16,"key":"Regen Potion"},{"floor":18,"key":"SteroidPotion"}],"is_trial":false,"path_per_floor":["M","?","M","$","?","R","?","E","T","$","M","M","M","M","R","B",null,"M","M","$","M","M","R","$","E"],"character_chosen":"IRONCLAD","items_purchased":["Shrug It Off","Armaments","Good Instincts"],"campfire_rested":0,"item_purchase_floors":[10,20,20],"current_hp_per_floor":[80,80,80,80,64,64,64,30,30,30,36,42,46,41,41,25,74,69,57,57,46,37,37,37,0],"gold":85,"neow_bonus":"RANDOM_COMMON_RELIC","is_prod":false,"is_daily":false,"chose_seed":false,"campfire_upgraded":2,"win_rate":0,"timestamp":1557093522,"path_taken":["M","?","?","$","?","R","?","E","T","?","M","M","M","M","R","BOSS","M","M","$","M","M","R","$","E"],"build_version":"2019-01-23","purchased_purges":2,"victory":false,"max_hp_per_floor":[80,80,80,80,80,80,74,74,74,74,74,74,74,74,74,74,74,74,74,74,74,74,74,74,74],"card_choices":[{"not_picked":["Battle Trance","Thunderclap"],"picked":"Flex","floor":1},{"not_picked":["Cleave","Clash"],"picked":"Twin Strike","floor":3},{"not_picked":["Pummel","True Grit"],"picked":"Headbutt","floor":8},{"not_picked":["Clash","Seeing Red"],"picked":"Flex","floor":11},{"not_picked":["Shockwave","Clash"],"picked":"Searing Blow","floor":12},{"not_picked":["Wild Strike","Warcry"],"picked":"Rage","floor":13},{"not_picked":["Cleave","Shrug It Off"],"picked":"Demon Form","floor":14},{"not_picked":["Feed","Bludgeon"],"picked":"Berserk","floor":16},{"not_picked":["Clash","Havoc"],"picked":"Iron Wave","floor":18},{"not_picked":["Pommel Strike","Sword Boomerang","Clash"],"picked":"SKIP","floor":19},{"not_picked":["Warcry","Reaper","Havoc"],"picked":"SKIP","floor":21},{"not_picked":["True Grit","Dropkick"],"picked":"Iron Wave+1","floor":22}],"player_experience":95437,"relics_obtained":[{"floor":8,"key":"PreservedInsect"},{"floor":9,"key":"Vajra"}],"event_choices":[{"damage_healed":0,"gold_gain":0,"player_choice":"Gave Potion","damage_taken":0,"relics_obtained":["Red Skull"],"max_hp_gain":0,"max_hp_loss":0,"event_name":"WeMeetAgain","floor":2,"gold_loss":0},{"damage_healed":0,"gold_gain":0,"player_choice":"Entered Light","damage_taken":16,"max_hp_gain":0,"max_hp_loss":0,"event_name":"Shining Light","floor":5,"gold_loss":0,"cards_upgraded":["Strike_R","Flex"]},{"damage_healed":0,"gold_gain":0,"player_choice":"Lose Max HP","damage_taken":0,"relics_obtained":["Golden Idol"],"max_hp_gain":0,"max_hp_loss":6,"event_name":"Golden Idol","floor":7,"gold_loss":0}],"is_beta":false,"boss_relics":[{"not_picked":["Eternal Feather","Orrery"],"picked":"Fusion Hammer"}],"items_purged_floors":[4,20],"is_endless":false,"potions_floor_spawned":[1,14,16,18],"killed_by":"Slavers","ascension_level":1}