{"gold_per_floor":[117,117,117,137,137,172,204,141,153,177,208,240,279,303,315,404,416,446,180,211,126,51,78,78,93,116,133,133,144,161,6,6,80,80,90,100,100,110,110,110,130,162,162,193,205,233,11,37,37,37,37,37,37,37,70,70],"floor_reached":57,"playtime":3086,"items_purged":["Strike_R","Strike_R+1","Bash+1"],"score":3504,"play_id":"734e6d31-2598-4f90-b9ce-670d467542a7","local_time":"20190326105536","is_ascension_mode":true,"campfire_choices":[{"data":"Carnage","floor":15.0,"key":"SMITH"},{"data":"Armaments","floor":24.0,"key":"SMITH"},{"data":"Offering","floor":28.0,"key":"SMITH"},{"data":"True Grit","floor":32.0,"key":"SMITH"},{"data":"Barricade","floor":40.0,"key":"SMITH"},{"floor":49,"key":"RECALL"},{"data":"Offering","floor":53,"key":"SMITH"}],"neow_cost":"NONE","seed_source_timestamp":945707364307423,"circlet_count":0,"master_deck":["AscendersBane","Defend_R","Defend_R","Defend_R+1","Shrug It Off+1","Second Wind","Entrench","True Grit+1","Carnage+1","Burning Pact","Armaments+1","Offering+1","Sentinel","Offering+1","Body Slam+1","Barricade+1","Warcry+1","Evolve"],"special_seed":0,"relics":["Burning Blood","NeowsBlessing","MawBank","Odd Mushroom","Nunchaku","Matryoshka","Philosopher\u0027s Stone","Bag of Preparation","Red Mask","Letter Opener","Omamori","Strawberry","Blood Vial","Cursed Key","Happy Flower","Bronze Scales","Whetstone","Art of War","Pen Nib","Bottled Flame"],"potions_floor_usage":[56,56],"damage_taken":[{"damage":0.0,"enemies":"2 Louse","floor":1.0,"turns":2.0},{"damage":0.0,"enemies":"Small Slimes","floor":4.0,"turns":1.0},{"damage":0.0,"enemies":"Lagavulin","floor":6.0,"turns":1.0},{"damage":2.0,"enemies":"The Mushroom Lair","floor":7.0,"turns":5.0},{"damage":0.0,"enemies":"Cultist","floor":10.0,"turns":4.0},{"damage":3.0,"enemies":"2 Fungi Beasts","floor":11.0,"turns":4.0},{"damage":7.0,"enemies":"Looter","floor":12.0,"turns":4.0},{"damage":29.0,"enemies":"3 Sentries","floor":13.0,"turns":11.0},{"damage":5.0,"enemies":"3 Louse","floor":14.0,"turns":4.0},{"damage":40.0,"enemies":"The Guardian","floor":16.0,"turns":11.0},{"damage":34.0,"enemies":"Shell Parasite","floor":18.0,"turns":6.0},{"damage":4.0,"enemies":"Masked Bandits","floor":20.0,"turns":3.0},{"damage":20.0,"enemies":"Slavers","floor":23.0,"turns":4.0},{"damage":6.0,"enemies":"3 Byrds","floor":25.0,"turns":2.0},{"damage":7.0,"enemies":"3 Cultists","floor":27.0,"turns":5.0},{"damage":8.0,"enemies":"Snake Plant","floor":29.0,"turns":2.0},{"damage":12.0,"enemies":"Cultist and Chosen","floor":30.0,"turns":2.0},{"damage":27.0,"enemies":"Automaton","floor":33.0,"turns":7.0},{"damage":1.0,"enemies":"3 Shapes","floor":35.0,"turns":7.0},{"damage":6.0,"enemies":"3 Darklings","floor":36.0,"turns":3.0},{"damage":0.0,"enemies":"4 Shapes","floor":38.0,"turns":9.0},{"damage":6.0,"enemies":"Spire Growth","floor":41.0,"turns":4.0},{"damage":6.0,"enemies":"Giant Head","floor":42.0,"turns":3.0},{"damage":12.0,"enemies":"Nemesis","floor":44.0,"turns":5.0},{"damage":6.0,"enemies":"Transient","floor":45.0,"turns":3.0},{"damage":0.0,"enemies":"Giant Head","floor":46.0,"turns":4.0},{"damage":12,"enemies":"Reptomancer","floor":48,"turns":2},{"damage":6,"enemies":"Time Eater","floor":50,"turns":4},{"damage":12,"enemies":"Donu and Deca","floor":51,"turns":3},{"damage":12,"enemies":"Shield and Spear","floor":55,"turns":2},{"damage":12,"enemies":"The Heart","floor":56,"turns":6}],"seed_played":"-6828285422198368562","potions_obtained":[{"floor":1.0,"key":"Fire Potion"},{"floor":7.0,"key":"Weak Potion"},{"floor":11.0,"key":"Swift Potion"},{"floor":12.0,"key":"Poison Potion"},{"floor":16.0,"key":"PowerPotion"},{"floor":18.0,"key":"BloodPotion"},{"floor":20.0,"key":"Strength Potion"},{"floor":25.0,"key":"FearPotion"},{"floor":30.0,"key":"Ancient Potion"},{"floor":35.0,"key":"Dexterity Potion"}],"is_trial":false,"path_per_floor":["M","?","?","M","?","E","?","?","T","M","M","M","E","M","R","B",null,"M","$","?","?","?","E","R","M","T","M","R","M","M","$","R","B",null,"M","M","?","M","?","R","M","E","T","E","M","E","$","E","R","B","B",null,"R","$","E","B",null],"character_chosen":"IRONCLAD","items_purchased":["Bag of Preparation","Armaments","Body Slam","Evolve","SpeedPotion"],"campfire_rested":0,"item_purchase_floors":[19,19,31,47,47],"current_hp_per_floor":[74,67,67,73,50,56,60,60,60,66,69,68,45,46,46,12,59,31,31,40,40,40,26,26,26,33,34,34,34,30,30,30,11,64,71,73,68,76,76,76,78,80,80,76,78,82,82,76,76,78,74,80,80,80,76,72],"gold":70,"neow_bonus":"THREE_ENEMY_KILL","is_prod":false,"is_daily":false,"chose_seed":false,"campfire_upgraded":6,"win_rate":0,"timestamp":1553568936,"path_taken":["M","?","?","?","?","E","?","?","T","M","M","M","E","M","R","BOSS","M","$","?","?","?","E","R","M","T","?","R","M","M","?","R","BOSS","M","M","?","?","?","R","M","E","T","E","?","E","?","E","R","BOSS","BOSS","R","$","E","BOSS"],"build_version":"2019-01-23","purchased_purges":3,"victory":true,"max_hp_per_floor":[75,75,75,75,75,75,75,75,75,75,75,75,75,75,75,75,75,75,75,75,75,75,75,75,75,82,82,82,82,82,82,82,82,82,82,82,82,82,82,82,82,82,82,82,82,82,82,82,82,82,82,82,82,82,82,82],"card_choices":[{"not_picked":["Hemokinesis","Havoc"],"picked":"Shrug It Off","floor":1.0},{"not_picked":["Ghostly Armor","Evolve"],"picked":"Second Wind","floor":4.0},{"not_picked":["Rage","Cleave","Warcry"],"picked":"SKIP","floor":6.0},{"not_picked":["Feed","Metallicize"],"picked":"Entrench","floor":7.0},{"not_picked":["Perfected Strike","Thunderclap"],"picked":"True Grit","floor":10.0},{"not_picked":["Clash","Dropkick","Armaments"],"picked":"SKIP","floor":11.0},{"not_picked":["Battle Trance","Infernal Blade"],"picked":"Whirlwind","floor":12.0},{"not_picked":["Sword Boomerang","Sever Soul","Headbutt"],"picked":"SKIP","floor":13.0},{"not_picked":["Brutality","Feel No Pain"],"picked":"Carnage","floor":14.0},{"not_picked":["Whirlwind","Pommel Strike"],"picked":"Burning Pact","floor":18.0},{"not_picked":["Rampage","Reckless Charge","True Grit"],"picked":"SKIP","floor":23.0},{"not_picked":["Flex","Intimidate"],"picked":"Offering","floor":25.0},{"not_picked":["Cleave","Sever Soul","Hemokinesis"],"picked":"SKIP","floor":27.0},{"not_picked":["Twin Strike","Clash","True Grit"],"picked":"SKIP","floor":29.0},{"not_picked":["Twin Strike","Clash","Sever Soul"],"picked":"SKIP","floor":30.0},{"not_picked":["Immolate","Exhume"],"picked":"Barricade","floor":33.0},{"not_picked":["Thunderclap","Headbutt","Twin Strike"],"picked":"SKIP","floor":35.0},{"not_picked":["Feel No Pain","Armaments","Sword Boomerang"],"picked":"SKIP","floor":36.0},{"not_picked":["Wild Strike","Thunderclap","Clash"],"picked":"SKIP","floor":38.0},{"not_picked":["Sword Boomerang","Inflame","Havoc"],"picked":"SKIP","floor":41.0},{"not_picked":["Twin Strike","Perfected Strike","Body Slam+1"],"picked":"SKIP","floor":42.0},{"not_picked":["Cleave","Headbutt+1","Blood for Blood"],"picked":"SKIP","floor":44.0},{"not_picked":["Body Slam+1","Exhume","Shrug It Off+1"],"picked":"SKIP","floor":45.0},{"not_picked":["Twin Strike","Flex+1"],"picked":"Warcry+1","floor":46.0},{"not_picked":["Havoc","Immolate","Warcry"],"picked":"SKIP","floor":48},{"not_picked":["Havoc","Bludgeon","Armaments+1"],"picked":"SKIP","floor":55}],"player_experience":1385157,"relics_obtained":[{"floor":6.0,"key":"MawBank"},{"floor":7.0,"key":"Odd Mushroom"},{"floor":9.0,"key":"Nunchaku"},{"floor":13.0,"key":"Matryoshka"},{"floor":20.0,"key":"Red Mask"},{"floor":23.0,"key":"Omamori"},{"floor":26.0,"key":"Strawberry"},{"floor":26.0,"key":"Blood Vial"},{"floor":42.0,"key":"Happy Flower"},{"floor":43.0,"key":"Bronze Scales"},{"floor":44.0,"key":"Whetstone"},{"floor":46.0,"key":"Art of War"},{"floor":48,"key":"Pen Nib"},{"floor":55,"key":"Bottled Flame"}],"event_choices":[{"cards_removed":["Strike_R"],"damage_healed":0.0,"max_hp_gain":0.0,"max_hp_loss":0.0,"gold_gain":0.0,"event_name":"Golden Wing","player_choice":"Card Removal","floor":2.0,"gold_loss":0.0,"damage_taken":7.0},{"damage_healed":0.0,"max_hp_gain":0.0,"max_hp_loss":0.0,"gold_gain":0.0,"event_name":"Accursed Blacksmith","player_choice":"Forge","floor":3.0,"gold_loss":0.0,"damage_taken":0.0,"cards_upgraded":["Shrug It Off"]},{"damage_healed":0.0,"max_hp_gain":0.0,"max_hp_loss":0.0,"gold_gain":0.0,"event_name":"Shining Light","player_choice":"Entered Light","floor":5.0,"gold_loss":0.0,"damage_taken":23.0,"cards_upgraded":["Strike_R","Defend_R"]},{"damage_healed":0.0,"max_hp_gain":0.0,"max_hp_loss":0.0,"gold_gain":0.0,"event_name":"Mushrooms","player_choice":"Fought Mushrooms","floor":7.0,"gold_loss":0.0,"damage_taken":0.0},{"cards_removed":["Defend_R"],"damage_healed":0.0,"max_hp_gain":0.0,"max_hp_loss":0.0,"gold_gain":0.0,"event_name":"The Cleric","player_choice":"Card Removal","floor":8.0,"gold_loss":75.0,"damage_taken":0.0},{"damage_healed":0.0,"max_hp_gain":0.0,"max_hp_loss":0.0,"gold_gain":0.0,"event_name":"Masked Bandits","player_choice":"Fought Bandits","floor":20.0,"gold_loss":0.0,"damage_taken":0.0},{"damage_healed":0.0,"max_hp_gain":0.0,"max_hp_loss":0.0,"gold_gain":0.0,"event_name":"Addict","player_choice":"Obtained Relic","floor":21.0,"gold_loss":85.0,"damage_taken":0.0,"relics_obtained":["Letter Opener"]},{"damage_healed":0.0,"max_hp_gain":0.0,"max_hp_loss":0.0,"gold_gain":0.0,"cards_transformed":["Strike_R","Strike_R"],"event_name":"Designer","player_choice":"Transformed Cards","floor":22.0,"gold_loss":75.0,"damage_taken":0.0,"cards_obtained":["Offering","Sentinel"]},{"damage_healed":0.0,"max_hp_gain":0.0,"max_hp_loss":0.0,"gold_gain":0.0,"event_name":"The Woman in Blue","player_choice":"Bought 0 Potions","floor":37.0,"gold_loss":0.0,"damage_taken":0.0},{"cards_removed":["Whirlwind"],"damage_healed":0.0,"max_hp_gain":0.0,"max_hp_loss":0.0,"gold_gain":0.0,"event_name":"Purifier","player_choice":"Purged","floor":39.0,"gold_loss":0.0,"damage_taken":0.0}],"is_beta":false,"boss_relics":[{"not_picked":["White Beast Statue","Tiny House"],"picked":"Philosopher\u0027s Stone"},{"not_picked":["Orrery","Astrolabe"],"picked":"Cursed Key"}],"items_purged_floors":[19,31,47],"is_endless":false,"potions_floor_spawned":[1,7,11,12,16,18,20,25,30,35,38,42,48,55],"ascension_level":20}