{"gold_per_floor":[116,166,54,70,87,87,117,131,158,190,190,218,233,252,252,329,329,340,340,353,373,393,421,421,421,448,23,48,48,48,58,58,132,132,148,23,74,93,110,142,142,169,218,218,248,42,264,297,297,297,297,297,297,128,157,157],"floor_reached":57,"playtime":4378,"items_purged":["Strike_R","Strike_R","Strike_R","Strike_R"],"score":3291,"play_id":"ad8c6497-eab5-430e-b5b7-54e75ab9aa36","local_time":"20190331215356","is_ascension_mode":true,"campfire_choices":[{"data":"Carnage","floor":6.0,"key":"SMITH"},{"data":"Feel No Pain","floor":11.0,"key":"SMITH"},{"data":"Fiend Fire","floor":15.0,"key":"SMITH"},{"data":"Rampage","floor":25.0,"key":"SMITH"},{"data":"Offering","floor":32.0,"key":"SMITH"},{"data":"Dark Embrace","floor":41.0,"key":"SMITH"},{"data":"Burning Pact","floor":44.0,"key":"SMITH"},{"floor":49.0,"key":"RECALL"},{"data":"Double Tap","floor":53,"key":"SMITH"}],"neow_cost":"NONE","seed_source_timestamp":1417663589046899,"circlet_count":0,"master_deck":["AscendersBane","Defend_R","Defend_R","Defend_R","Defend_R","Bash","Carnage+1","Flex+1","Fiend Fire+1","Armaments+1","Shrug It Off","Feel No Pain+1","Feed","Offering+1","Rampage+1","Evolve","Double Tap+1","Burning Pact+1","True Grit","Seeing Red","Dark Embrace+1","Seeing Red","Second Wind","Reaper","Offering","Power Through"],"special_seed":0,"relics":["Burning Blood","Strawberry","Pen Nib","War Paint","Potion Belt","Runic Dome","Bag of Preparation","Oddly Smooth Stone","OrangePellets","Red Mask","Runic Pyramid","Prayer Wheel","Blood Vial","Anchor","Orichalcum","Omamori","Sundial"],"potions_floor_usage":[55,56,56,56],"damage_taken":[{"damage":9.0,"enemies":"Jaw Worm","floor":1.0,"turns":4.0},{"damage":1.0,"enemies":"Cultist","floor":4.0,"turns":3.0},{"damage":2.0,"enemies":"2 Louse","floor":5.0,"turns":3.0},{"damage":39.0,"enemies":"3 Sentries","floor":7.0,"turns":7.0},{"damage":6.0,"enemies":"Looter","floor":8.0,"turns":2.0},{"damage":14.0,"enemies":"Lagavulin","floor":10.0,"turns":6.0},{"damage":6.0,"enemies":"3 Sentries","floor":12.0,"turns":9.0},{"damage":12.0,"enemies":"Large Slime","floor":13.0,"turns":4.0},{"damage":0.0,"enemies":"2 Fungi Beasts","floor":14.0,"turns":2.0},{"damage":27.0,"enemies":"Slime Boss","floor":16.0,"turns":11.0},{"damage":19.0,"enemies":"Shell Parasite","floor":18.0,"turns":4.0},{"damage":0.0,"enemies":"Chosen","floor":20.0,"turns":2.0},{"damage":10.0,"enemies":"Centurion and Healer","floor":21.0,"turns":6.0},{"damage":12.0,"enemies":"3 Cultists","floor":22.0,"turns":4.0},{"damage":25.0,"enemies":"Slavers","floor":23.0,"turns":6.0},{"damage":24.0,"enemies":"Masked Bandits","floor":28.0,"turns":3.0},{"damage":6.0,"enemies":"Shelled Parasite and Fungi","floor":31.0,"turns":4.0},{"damage":6.0,"enemies":"Collector","floor":33.0,"turns":2.0},{"damage":6.0,"enemies":"3 Darklings","floor":35.0,"turns":5.0},{"damage":14.0,"enemies":"2 Orb Walkers","floor":37.0,"turns":3.0},{"damage":6.0,"enemies":"Orb Walker","floor":38.0,"turns":3.0},{"damage":6.0,"enemies":"Transient","floor":39.0,"turns":6.0},{"damage":6.0,"enemies":"Giant Head","floor":40.0,"turns":4.0},{"damage":30.0,"enemies":"Nemesis","floor":42.0,"turns":5.0},{"damage":6.0,"enemies":"Giant Head","floor":45.0,"turns":4.0},{"damage":6.0,"enemies":"Reptomancer","floor":48.0,"turns":1.0},{"damage":38,"enemies":"Awakened One","floor":50,"turns":6},{"damage":6,"enemies":"Donu and Deca","floor":51,"turns":5},{"damage":12,"enemies":"Shield and Spear","floor":55,"turns":3},{"damage":39,"enemies":"The Heart","floor":56,"turns":7}],"seed_played":"7506913726141923687","potions_obtained":[{"floor":4.0,"key":"Dexterity Potion"},{"floor":8.0,"key":"SteroidPotion"},{"floor":10.0,"key":"Energy Potion"},{"floor":16.0,"key":"PowerPotion"},{"floor":18.0,"key":"AttackPotion"},{"floor":21.0,"key":"Dexterity Potion"},{"floor":23.0,"key":"AttackPotion"},{"floor":37.0,"key":"SteroidPotion"},{"floor":38.0,"key":"GamblersBrew"},{"floor":42.0,"key":"SkillPotion"},{"floor":55,"key":"Strength Potion"}],"is_trial":false,"path_per_floor":["M","?","$","M","M","R","E","M","T","E","R","E","M","M","R","B",null,"M","?","M","M","M","E","?","R","T","$","?","?","?","M","R","B",null,"M","$","?","M","M","E","R","E","T","R","E","$","?","E","R","B","B",null,"R","$","E","B",null],"character_chosen":"IRONCLAD","items_purchased":["Carnage","OrangePellets","Burning Pact","True Grit","Energy Potion","Offering"],"campfire_rested":0,"item_purchase_floors":[3,27,27,27,46,54],"current_hp_per_floor":[72,64,64,69,73,73,40,40,40,32,32,32,26,35,35,17,70,57,57,63,59,56,37,37,37,37,37,23,23,23,27,27,27,81,81,81,73,77,77,77,77,59,59,59,61,61,61,63,63,85,87,105,105,105,101,81],"gold":157,"neow_bonus":"RANDOM_COMMON_RELIC","is_prod":false,"is_daily":false,"chose_seed":true,"campfire_upgraded":8,"win_rate":0,"timestamp":1554040436,"path_taken":["M","?","$","?","M","R","E","M","T","E","R","E","?","M","R","BOSS","M","?","M","M","M","E","?","R","T","$","?","?","?","?","R","BOSS","M","$","?","M","M","E","R","E","T","R","E","$","?","E","R","BOSS","BOSS","R","$","E","BOSS"],"build_version":"2019-01-23","purchased_purges":4,"victory":true,"max_hp_per_floor":[82,82,82,82,82,82,82,82,82,82,82,82,82,85,85,88,88,88,88,88,88,91,91,91,91,91,91,95,95,95,99,99,99,99,99,99,99,103,103,103,103,107,107,107,107,107,107,107,107,111,111,111,111,111,111,111],"card_choices":[{"not_picked":["Wild Strike","Thunderclap","Hemokinesis"],"picked":"SKIP","floor":1.0},{"not_picked":["Clash","Sever Soul"],"picked":"Flex","floor":4.0},{"not_picked":["Infernal Blade","Heavy Blade"],"picked":"Fiend Fire","floor":5.0},{"not_picked":["Disarm","Flame Barrier"],"picked":"Armaments","floor":7.0},{"not_picked":["Heavy Blade","Perfected Strike"],"picked":"Shrug It Off","floor":8.0},{"not_picked":["Sentinel","Armaments"],"picked":"Feel No Pain","floor":10.0},{"not_picked":["Dropkick","Twin Strike","Sentinel"],"picked":"SKIP","floor":12.0},{"not_picked":["Heavy Blade","Anger"],"picked":"Feed","floor":13.0},{"not_picked":["Flame Barrier","Heavy Blade","Clash"],"picked":"SKIP","floor":14.0},{"not_picked":["Fiend Fire","Demon Form"],"picked":"Offering","floor":16.0},{"not_picked":["Disarm","Flex","Uppercut"],"picked":"SKIP","floor":18.0},{"not_picked":["Sword Boomerang","Blood for Blood"],"picked":"Rampage","floor":20.0},{"not_picked":["Bloodletting","Sever Soul"],"picked":"Evolve","floor":21.0},{"not_picked":["Wild Strike","Pummel","Heavy Blade"],"picked":"SKIP","floor":22.0},{"not_picked":["Wild Strike","Pummel","Heavy Blade"],"picked":"SKIP","floor":22.0},{"not_picked":["Warcry","Uppercut"],"picked":"Double Tap","floor":23.0},{"not_picked":["Intimidate","Warcry","Havoc"],"picked":"SKIP","floor":31.0},{"not_picked":["Offering","Immolate"],"picked":"Dark Embrace","floor":33.0},{"not_picked":["Inflame","Flex","Perfected Strike+1"],"picked":"SKIP","floor":35.0},{"not_picked":["Anger","Cleave"],"picked":"Seeing Red","floor":37.0},{"not_picked":["Hemokinesis","Anger","Battle Trance"],"picked":"SKIP","floor":38.0},{"not_picked":["Twin Strike","Dual Wield","Perfected Strike"],"picked":"SKIP","floor":38.0},{"not_picked":["Thunderclap","Reckless Charge"],"picked":"Second Wind","floor":39.0},{"not_picked":["Infernal Blade","Metallicize+1","Wild Strike"],"picked":"SKIP","floor":39.0},{"not_picked":["Anger","Headbutt","Warcry"],"picked":"SKIP","floor":40.0},{"not_picked":["Whirlwind","Flex","Iron Wave"],"picked":"SKIP","floor":42.0},{"not_picked":["Wild Strike","Heavy Blade+1"],"picked":"Reaper","floor":45.0},{"not_picked":["Cleave","Infernal Blade","Thunderclap"],"picked":"SKIP","floor":48.0},{"not_picked":["Twin Strike","Clash"],"picked":"Power Through","floor":55}],"player_experience":1401810,"relics_obtained":[{"floor":7.0,"key":"Pen Nib"},{"floor":10.0,"key":"War Paint"},{"floor":12.0,"key":"Potion Belt"},{"floor":23.0,"key":"Bag of Preparation"},{"floor":26.0,"key":"Oddly Smooth Stone"},{"floor":28.0,"key":"Red Mask"},{"floor":37.0,"key":"Prayer Wheel"},{"floor":40.0,"key":"Blood Vial"},{"floor":43.0,"key":"Anchor"},{"floor":45.0,"key":"Orichalcum"},{"floor":48.0,"key":"Omamori"},{"floor":55,"key":"Sundial"}],"event_choices":[{"damage_healed":0.0,"max_hp_gain":0.0,"max_hp_loss":0.0,"gold_gain":50.0,"event_name":"FaceTrader","player_choice":"Touch","floor":2.0,"gold_loss":0.0,"damage_taken":8.0},{"damage_healed":0.0,"max_hp_gain":0.0,"max_hp_loss":0.0,"gold_gain":0.0,"event_name":"Vampires","player_choice":"Ignored","floor":19.0,"gold_loss":0.0,"damage_taken":0.0},{"damage_healed":0.0,"max_hp_gain":0.0,"max_hp_loss":0.0,"gold_gain":0.0,"event_name":"Cursed Tome","player_choice":"Ignored","floor":24.0,"gold_loss":0.0,"damage_taken":0.0},{"damage_healed":0.0,"max_hp_gain":0.0,"max_hp_loss":0.0,"gold_gain":0.0,"event_name":"Masked Bandits","player_choice":"Fought Bandits","floor":28.0,"gold_loss":0.0,"damage_taken":0.0},{"damage_healed":0.0,"max_hp_gain":0.0,"max_hp_loss":0.0,"gold_gain":0.0,"event_name":"The Library","player_choice":"Read","floor":29.0,"gold_loss":0.0,"damage_taken":0.0,"cards_obtained":["Seeing Red"]},{"cards_removed":["Strike_R"],"damage_healed":0.0,"max_hp_gain":0.0,"max_hp_loss":0.0,"gold_gain":0.0,"event_name":"Back to Basics","player_choice":"Elegance","floor":30.0,"gold_loss":0.0,"damage_taken":0.0},{"damage_healed":0.0,"max_hp_gain":0.0,"max_hp_loss":0.0,"gold_gain":0.0,"event_name":"Mysterious Sphere","player_choice":"Fight","floor":37.0,"gold_loss":0.0,"damage_taken":0.0},{"damage_healed":0.0,"max_hp_gain":0.0,"max_hp_loss":0.0,"gold_gain":222.0,"event_name":"Tomb of Lord Red Mask","player_choice":"Wore Mask","floor":47.0,"gold_loss":0.0,"damage_taken":0.0}],"is_beta":false,"boss_relics":[{"not_picked":["Velvet Choker","Empty Cage"],"picked":"Runic Dome"},{"not_picked":["Sozu","Calling Bell"],"picked":"Runic Pyramid"}],"items_purged_floors":[3,27,36,46],"is_endless":false,"potions_floor_spawned":[4,8,10,16,18,21,23,37,38,42,48,55],"ascension_level":20}