{"gold_per_floor":[111,36,55,55,75,75,106,5,75,75,93,2,27,46,46,46],"floor_reached":16,"playtime":433,"items_purged":["Strike_R"],"score":270,"play_id":"f2a0ec82-974c-4861-bd63-da9ad1bf1399","local_time":"20190402145958","is_ascension_mode":true,"campfire_choices":[{"data":"Bash","floor":6.0,"key":"SMITH"},{"data":"Body Slam","floor":10.0,"key":"SMITH"},{"data":"Pommel Strike","floor":15.0,"key":"SMITH"}],"neow_cost":"NONE","seed_source_timestamp":18469327972384,"circlet_count":0,"master_deck":["AscendersBane","Strike_R","Strike_R","Defend_R","Defend_R","Defend_R","Defend_R","Bash+1","Wild Strike","Pommel Strike+1","Body Slam+1","Barricade","Flash of Steel+1","Iron Wave+1"],"special_seed":0,"relics":["Coffee Dripper","Orichalcum","Molten Egg 2","Red Skull"],"potions_floor_usage":[16],"damage_taken":[{"damage":2.0,"enemies":"2 Louse","floor":1.0,"turns":3.0},{"damage":2.0,"enemies":"Jaw Worm","floor":3.0,"turns":4.0},{"damage":2.0,"enemies":"Cultist","floor":5.0,"turns":4.0},{"damage":31.0,"enemies":"Gremlin Nob","floor":7.0,"turns":4.0},{"damage":0.0,"enemies":"Large Slime","floor":11.0,"turns":3.0},{"damage":0.0,"enemies":"Lagavulin","floor":13.0,"turns":5.0},{"damage":3.0,"enemies":"Lots of Slimes","floor":14.0,"turns":4.0},{"damage":22,"enemies":"Slime Boss","floor":16,"turns":3}],"seed_played":"-5869493499844100033","potions_obtained":[{"floor":7.0,"key":"GamblersBrew"},{"floor":14.0,"key":"EssenceOfSteel"}],"is_trial":false,"path_per_floor":["M","?","M","?","M","R","E","$","T","R","M","$","E","M","R","B"],"character_chosen":"IRONCLAD","items_purchased":["Body Slam","Flash of Steel+1"],"campfire_rested":0,"item_purchase_floors":[8,12],"current_hp_per_floor":[66,66,64,57,55,55,24,24,24,24,24,24,24,21,21,0],"gold":46,"neow_bonus":"BOSS_RELIC","is_prod":false,"is_daily":false,"chose_seed":false,"campfire_upgraded":3,"win_rate":0,"timestamp":1554188398,"path_taken":["M","?","M","?","M","R","E","$","T","R","M","?","E","M","R","BOSS"],"build_version":"2019-01-23","purchased_purges":1,"victory":false,"max_hp_per_floor":[75,75,75,75,75,75,75,75,75,75,75,75,75,75,75,75],"card_choices":[{"not_picked":["Perfected Strike","Pommel Strike","Fire Breathing"],"picked":"SKIP","floor":1.0},{"not_picked":["Headbutt","Warcry","Clothesline"],"picked":"SKIP","floor":3.0},{"not_picked":["Clash","Havoc"],"picked":"Wild Strike","floor":5.0},{"not_picked":["Twin Strike","Headbutt"],"picked":"Pommel Strike","floor":7.0},{"not_picked":["Blood for Blood+1","Corruption"],"picked":"Barricade","floor":11.0},{"not_picked":["Cleave+1","Iron Wave+1","Infernal Blade"],"picked":"SKIP","floor":13.0},{"not_picked":["Cleave+1","Infernal Blade"],"picked":"Iron Wave+1","floor":13.0},{"not_picked":["Havoc","Pummel+1","Uppercut+1"],"picked":"SKIP","floor":14.0}],"player_experience":1412771,"relics_obtained":[{"floor":7.0,"key":"Orichalcum"},{"floor":9.0,"key":"Molten Egg 2"},{"floor":13.0,"key":"Red Skull"}],"event_choices":[{"cards_removed":["Strike_R"],"damage_healed":0.0,"max_hp_gain":0.0,"max_hp_loss":0.0,"gold_gain":0.0,"event_name":"The Cleric","player_choice":"Card Removal","floor":2.0,"gold_loss":75.0,"damage_taken":0.0},{"cards_removed":["Strike_R"],"damage_healed":0.0,"max_hp_gain":0.0,"max_hp_loss":0.0,"gold_gain":0.0,"event_name":"Golden Wing","player_choice":"Card Removal","floor":4.0,"gold_loss":0.0,"damage_taken":7.0}],"is_beta":false,"boss_relics":[],"items_purged_floors":[8],"is_endless":false,"potions_floor_spawned":[7,14],"killed_by":"Slime Boss","ascension_level":20}