{"gold_per_floor":[117,117,117,137,137,170,31,31,58,74,93,126,126,141,141,261,261,285,200,200,200,220,220,255,255,255,255,286,286,140,175,175,175],"floor_reached":33,"playtime":1702,"items_purged":[],"score":441,"play_id":"48d38f64-d618-4d99-9e96-5ce0389e5539","local_time":"20190509230826","is_ascension_mode":true,"campfire_choices":[{"floor":8,"key":"REST"},{"floor":13,"key":"RECALL"},{"data":"Zap","floor":15,"key":"SMITH"},{"data":"Fission","floor":23,"key":"SMITH"},{"data":"Sunder","floor":25,"key":"SMITH"},{"data":"Sunder","floor":29,"key":"SMITH"},{"data":"Sunder","floor":32,"key":"SMITH"}],"neow_cost":"NONE","seed_source_timestamp":434161203267800,"circlet_count":0,"master_deck":["Strike_B","Strike_B","Strike_B","Defend_B","Defend_B","Defend_B","Defend_B","Zap+1","Dualcast","BootSequence","BootSequence+1","Self Repair","Electrodynamics","Sunder+1","Cold Snap","Sunder+1","Rainbow","Glacier+1","Fission+1","Hologram+1","Conserve Battery","Sunder+1"],"relics":["Cracked Core","Oddly Smooth Stone","Golden Idol","Bronze Scales","Singing Bowl","Lantern","Anchor","Snecko Eye","War Paint","Smiling Mask","Thread and Needle","Nilry\u0027s Codex","Centennial Puzzle","Strawberry","Red Mask"],"potions_floor_usage":[6,12,28,31,33],"damage_taken":[{"damage":0,"enemies":"Small Slimes","floor":1,"turns":3},{"damage":0,"enemies":"2 Louse","floor":4,"turns":2},{"damage":30,"enemies":"3 Sentries","floor":6,"turns":12},{"damage":0,"enemies":"Cultist","floor":10,"turns":4},{"damage":2,"enemies":"3 Louse","floor":11,"turns":3},{"damage":0,"enemies":"Lagavulin","floor":12,"turns":7},{"damage":0,"enemies":"2 Fungi Beasts","floor":14,"turns":2},{"damage":11,"enemies":"The Guardian","floor":16,"turns":11},{"damage":0,"enemies":"3 Byrds","floor":18,"turns":2},{"damage":0,"enemies":"Chosen","floor":22,"turns":3},{"damage":9,"enemies":"Book of Stabbing","floor":24,"turns":6},{"damage":0,"enemies":"Gremlin Leader","floor":28,"turns":4},{"damage":0,"enemies":"Masked Bandits","floor":31,"turns":2},{"damage":78,"enemies":"Automaton","floor":33,"turns":6}],"seed_played":"5630484727415491335","potions_obtained":[{"floor":4,"key":"EssenceOfSteel"},{"floor":6,"key":"Poison Potion"},{"floor":12,"key":"Explosive Potion"},{"floor":14,"key":"Fire Potion"},{"floor":16,"key":"SpeedPotion"},{"floor":22,"key":"Swift Potion"}],"is_trial":false,"path_per_floor":["M","?","?","M","?","E","$","R","T","M","M","E","R","M","R","B",null,"M","?","?","$","M","R","E","R","T","?","E","R","$","?","R","B"],"character_chosen":"DEFECT","items_purchased":["Electrodynamics","Strawberry"],"campfire_rested":1,"item_purchase_floors":[7,30],"current_hp_per_floor":[68,68,56,56,49,19,19,39,39,46,51,60,60,67,67,63,69,69,69,69,69,69,69,60,60,60,44,53,53,60,67,67,0],"gold":175,"neow_bonus":"RANDOM_COMMON_RELIC","is_prod":false,"is_daily":false,"chose_seed":false,"campfire_upgraded":5,"win_rate":0,"timestamp":1557439706,"path_taken":["M","?","?","M","?","E","?","R","T","M","?","E","R","M","R","BOSS","M","?","?","$","?","R","E","R","T","?","E","R","$","?","R","BOSS"],"build_version":"2019-01-23","purchased_purges":0,"victory":false,"max_hp_per_floor":[75,69,69,69,69,69,69,69,69,69,69,71,71,71,71,71,71,71,71,71,71,71,71,71,71,71,71,73,73,80,80,80,80],"card_choices":[{"not_picked":["Conserve Battery","Compile Driver"],"picked":"BootSequence","floor":1},{"not_picked":["Sweeping Beam","Go for the Eyes"],"picked":"BootSequence","floor":4},{"not_picked":["Loop","Static Discharge"],"picked":"Self Repair","floor":6},{"not_picked":["Rebound","Gash"],"picked":"Sunder","floor":10},{"not_picked":["Reprogram","Leap"],"picked":"Cold Snap","floor":11},{"not_picked":["Cold Snap","Force Field","Hello World"],"picked":"Singing Bowl","floor":12},{"not_picked":["Rebound","Auto Shields"],"picked":"Sunder","floor":14},{"not_picked":["Amplify","Hyperbeam"],"picked":"Rainbow","floor":16},{"not_picked":["Redo","Stack"],"picked":"Glacier","floor":18},{"not_picked":["Chill","Double Energy"],"picked":"Hologram+1","floor":22},{"not_picked":["Electrodynamics","Rip and Tear+1"],"picked":"Conserve Battery","floor":24},{"not_picked":["Barrage","Scrape","Go for the Eyes"],"picked":"Singing Bowl","floor":28},{"not_picked":["Aggregate","Coolheaded+1"],"picked":"Sunder","floor":31}],"player_experience":507871,"relics_obtained":[{"floor":6,"key":"Singing Bowl"},{"floor":9,"key":"Lantern"},{"floor":12,"key":"Anchor"},{"floor":24,"key":"Smiling Mask"},{"floor":26,"key":"Thread and Needle"},{"floor":27,"key":"Nilry\u0027s Codex"},{"floor":28,"key":"Centennial Puzzle"},{"floor":31,"key":"Red Mask"}],"event_choices":[{"damage_healed":0,"gold_gain":0,"player_choice":"Lose Max HP","damage_taken":0,"relics_obtained":["Golden Idol"],"max_hp_gain":0,"max_hp_loss":6,"event_name":"Golden Idol","floor":2,"gold_loss":0},{"damage_healed":0,"gold_gain":0,"player_choice":"Success","damage_taken":12,"relics_obtained":["Bronze Scales"],"max_hp_gain":0,"max_hp_loss":0,"event_name":"Scrap Ooze","floor":3,"gold_loss":0},{"cards_removed":["Strike_B"],"damage_healed":0,"gold_gain":0,"player_choice":"Card Removal","damage_taken":7,"max_hp_gain":0,"max_hp_loss":0,"event_name":"Golden Wing","floor":5,"gold_loss":0},{"damage_healed":0,"gold_gain":0,"player_choice":"Obtained Relic","damage_taken":0,"relics_obtained":["War Paint"],"max_hp_gain":0,"max_hp_loss":0,"event_name":"Addict","floor":19,"gold_loss":85},{"damage_healed":0,"gold_gain":0,"player_choice":"1 cards matched","damage_taken":0,"max_hp_gain":0,"max_hp_loss":0,"event_name":"Match and Keep!","floor":20,"gold_loss":0,"cards_obtained":["Fission"]},{"damage_healed":0,"gold_gain":0,"player_choice":"Obtained Book","damage_taken":16,"max_hp_gain":0,"max_hp_loss":0,"event_name":"Cursed Tome","floor":27,"gold_loss":0},{"damage_healed":0,"gold_gain":0,"player_choice":"Fought Bandits","damage_taken":0,"max_hp_gain":0,"max_hp_loss":0,"event_name":"Masked Bandits","floor":31,"gold_loss":0}],"is_beta":false,"boss_relics":[{"not_picked":["Fusion Hammer","Runic Dome"],"picked":"Snecko Eye"}],"items_purged_floors":[],"is_endless":false,"potions_floor_spawned":[4,6,12,14,16,22],"killed_by":"Automaton","ascension_level":6}