{"gold_per_floor":[112,125,137,22,97,129,129,158,158,158,158,158,176,101,101,199,199,220,220,240,256,10,10,34,34],"floor_reached":25,"playtime":770,"items_purged":["Strike_G"],"score":422,"play_id":"e03e6de5-fd04-4e70-a09f-09b6dd1b7cff","local_time":"20190515023353","is_ascension_mode":true,"campfire_choices":[{"floor":7,"key":"REST"},{"floor":10,"key":"REST"},{"data":"Catalyst","floor":12,"key":"SMITH"},{"data":"Deadly Poison","floor":15,"key":"SMITH"},{"data":"Noxious Fumes","floor":23,"key":"SMITH"}],"neow_cost":"NONE","seed_source_timestamp":224722665004308,"circlet_count":0,"master_deck":["AscendersBane","Defend_G","Defend_G","Defend_G","Defend_G","Defend_G","Strike_G","Strike_G","Strike_G","Strike_G","Survivor","Neutralize","Flying Knee","Dash","Deadly Poison+1","Catalyst+1","Poisoned Stab","Backflip","Noxious Fumes+1","Backflip"],"relics":["Ring of the Snake","Boot","Blue Candle","Golden Idol","Philosopher\u0027s Stone","ClockworkSouvenir"],"potions_floor_usage":[3,6,8,8,16,20,21,25],"damage_taken":[{"damage":1,"enemies":"Cultist","floor":1,"turns":4},{"damage":3,"enemies":"Jaw Worm","floor":2,"turns":4},{"damage":0,"enemies":"Small Slimes","floor":3,"turns":4},{"damage":20,"enemies":"3 Sentries","floor":6,"turns":9},{"damage":24,"enemies":"Gremlin Nob","floor":8,"turns":4},{"damage":1,"enemies":"Looter","floor":13,"turns":3},{"damage":39,"enemies":"Slime Boss","floor":16,"turns":13},{"damage":30,"enemies":"3 Byrds","floor":18,"turns":7},{"damage":16,"enemies":"Chosen","floor":20,"turns":4},{"damage":11,"enemies":"Centurion and Healer","floor":21,"turns":6},{"damage":9,"enemies":"Snecko","floor":24,"turns":5},{"damage":45,"enemies":"Gremlin Leader","floor":25,"turns":7}],"seed_played":"-114886917694524727","potions_obtained":[{"floor":0,"key":"AttackPotion"},{"floor":0,"key":"Fruit Juice"},{"floor":3,"key":"GamblersBrew"},{"floor":6,"key":"Weak Potion"},{"floor":8,"key":"Poison Potion"},{"floor":13,"key":"Ancient Potion"},{"floor":18,"key":"GamblersBrew"},{"floor":21,"key":"Fruit Juice"}],"is_trial":false,"path_per_floor":["M","M","M","$","?","E","R","E","T","R","?","R","M","$","R","B",null,"M","?","M","M","$","R","M","E"],"character_chosen":"THE_SILENT","items_purchased":["Deadly Poison","Catalyst","ClockworkSouvenir","Backflip"],"campfire_rested":2,"item_purchase_floors":[4,4,22,22],"current_hp_per_floor":[58,55,60,60,49,29,50,26,26,47,47,47,46,46,46,7,50,20,74,58,52,52,52,43,0],"gold":34,"neow_bonus":"THREE_SMALL_POTIONS","is_prod":false,"is_daily":false,"chose_seed":false,"campfire_upgraded":3,"win_rate":0,"timestamp":1557898433,"path_taken":["M","M","M","?","?","E","R","E","T","R","?","R","M","$","R","BOSS","M","?","M","M","$","R","?","E"],"build_version":"2019-01-23","purchased_purges":1,"victory":false,"max_hp_per_floor":[66,66,71,71,71,71,71,71,71,71,64,64,64,64,64,64,64,64,74,74,79,79,79,79,79],"card_choices":[{"not_picked":["Calculated Gamble","Prepared"],"picked":"Flying Knee","floor":1},{"not_picked":["Flechettes","Terror"],"picked":"Dash","floor":2},{"not_picked":["Eviscerate","Sucker Punch","Flying Knee"],"picked":"SKIP","floor":3},{"not_picked":["Prepared","Phantasmal Killer","Blade Dance"],"picked":"SKIP","floor":6},{"not_picked":["Masterful Stab","Bane"],"picked":"Poisoned Stab","floor":8},{"not_picked":["Dagger Throw","Infinite Blades"],"picked":"Backflip","floor":13},{"not_picked":["A Thousand Cuts","Unload"],"picked":"Wraith Form v2","floor":16},{"not_picked":["Acrobatics","Finisher","Flechettes"],"picked":"SKIP","floor":18},{"not_picked":["Predator","Sucker Punch"],"picked":"Noxious Fumes","floor":20},{"not_picked":["Sucker Punch","Bane","Calculated Gamble"],"picked":"SKIP","floor":21},{"not_picked":["Masterful Stab","Endless Agony","Flechettes+1"],"picked":"SKIP","floor":24}],"player_experience":2328475,"relics_obtained":[{"floor":6,"key":"Boot"},{"floor":8,"key":"Blue Candle"}],"event_choices":[{"damage_healed":0,"gold_gain":75,"player_choice":"Gather Gold","damage_taken":11,"max_hp_gain":0,"max_hp_loss":0,"event_name":"World of Goop","floor":5,"gold_loss":0},{"damage_healed":0,"gold_gain":0,"player_choice":"Lose Max HP","damage_taken":0,"relics_obtained":["Golden Idol"],"max_hp_gain":0,"max_hp_loss":7,"event_name":"Golden Idol","floor":11,"gold_loss":0},{"cards_removed":["Wraith Form v2"],"damage_healed":44,"gold_gain":0,"player_choice":"Offered Rare","damage_taken":0,"max_hp_gain":10,"max_hp_loss":0,"event_name":"Bonfire Elementals","floor":19,"gold_loss":0}],"is_beta":false,"boss_relics":[{"not_picked":["Busted Crown","Pandora\u0027s Box"],"picked":"Philosopher\u0027s Stone"}],"items_purged_floors":[14],"is_endless":false,"potions_floor_spawned":[3,6,8,13,18,21],"killed_by":"Gremlin Leader","ascension_level":20}