{"gold_per_floor":[218,229,155,174,189,189,71,88,88,88,122,122,154,174,174,250,250,267,281,10,10,10,10,42,42,67,6,6],"floor_reached":28,"playtime":1103,"items_purged":["Strike_R"],"score":492,"play_id":"74f24e67-f692-48ed-8630-fbd1a5f750fc","local_time":"20190507144324","is_ascension_mode":true,"campfire_choices":[{"data":"Combust","floor":6,"key":"SMITH"},{"data":"Bash","floor":10,"key":"SMITH"},{"floor":12,"key":"REST"},{"data":"Flame Barrier","floor":15,"key":"SMITH"},{"floor":23,"key":"REST"},{"floor":25,"key":"REST"}],"neow_cost":"NONE","seed_source_timestamp":172800497423381,"circlet_count":0,"master_deck":["AscendersBane","Strike_R","Strike_R","Strike_R","Strike_R","Defend_R","Defend_R","Defend_R","Defend_R","Bash+1","Combust+1","Thunderclap","True Grit","Flame Barrier+1","Battle Trance","Sword Boomerang","Headbutt","Juggernaut+1","True Grit","Shrug It Off","Shrug It Off","Armaments","Rampage","Disarm","Inflame+1","Corruption+1","Rupture+1","Rupture+1","Decay","Iron Wave+1","Feel No Pain+1"],"relics":["Burning Blood","Frozen Egg 2","The Courier","Paper Frog","Orrery","Nilry\u0027s Codex","Anchor","Blood Vial"],"potions_floor_usage":[16,16],"damage_taken":[{"damage":3,"enemies":"Small Slimes","floor":1,"turns":3},{"damage":12,"enemies":"Cultist","floor":2,"turns":4},{"damage":0,"enemies":"2 Louse","floor":4,"turns":2},{"damage":12,"enemies":"2 Fungi Beasts","floor":5,"turns":3},{"damage":6,"enemies":"Blue Slaver","floor":8,"turns":4},{"damage":42,"enemies":"Lagavulin","floor":11,"turns":8},{"damage":24,"enemies":"3 Sentries","floor":13,"turns":6},{"damage":3,"enemies":"3 Louse","floor":14,"turns":2},{"damage":24,"enemies":"Hexaghost","floor":16,"turns":6},{"damage":13,"enemies":"Shell Parasite","floor":18,"turns":10},{"damage":21,"enemies":"Chosen","floor":19,"turns":5},{"damage":36,"enemies":"Book of Stabbing","floor":24,"turns":5},{"damage":37,"enemies":"Slavers","floor":28,"turns":3}],"seed_played":"4291702945349476091","potions_obtained":[{"floor":1,"key":"SteroidPotion"},{"floor":2,"key":"Ancient Potion"},{"floor":19,"key":"FearPotion"}],"is_trial":false,"path_per_floor":["M","M","?","M","M","R","$","M","T","R","E","R","E","M","R","B",null,"M","M","$","?","?","R","E","R","T","$","E"],"character_chosen":"IRONCLAD","items_purchased":["Battle Trance","Disarm","Inflame+1","Corruption+1","Rupture+1","Rupture+1","Feel No Pain+1"],"campfire_rested":3,"item_purchase_floors":[7,20,20,20,20,20,27],"current_hp_per_floor":[71,65,65,71,65,65,65,65,65,65,29,51,33,36,36,18,61,54,39,39,18,18,40,10,32,32,32,0],"gold":6,"neow_bonus":"HUNDRED_GOLD","is_prod":false,"is_daily":false,"chose_seed":false,"campfire_upgraded":3,"win_rate":0,"timestamp":1557251004,"path_taken":["M","M","?","M","M","R","?","M","T","R","E","R","E","M","R","BOSS","M","M","?","?","?","R","E","R","T","$","E"],"build_version":"2019-01-23","purchased_purges":1,"victory":false,"max_hp_per_floor":[75,75,75,75,75,75,75,75,75,75,75,75,75,75,75,75,75,75,75,75,75,75,75,75,75,75,75,75],"card_choices":[{"not_picked":["Metallicize","Entrench"],"picked":"Combust","floor":1},{"not_picked":["Heavy Blade","Havoc"],"picked":"Thunderclap","floor":2},{"not_picked":["Dropkick","Clash"],"picked":"True Grit","floor":4},{"not_picked":["Uppercut","Combust+1"],"picked":"Flame Barrier","floor":5},{"not_picked":["True Grit","Evolve+1"],"picked":"Sword Boomerang","floor":8},{"not_picked":["Clash","Heavy Blade"],"picked":"Headbutt","floor":11},{"not_picked":["Sword Boomerang","Reckless Charge","Double Tap"],"picked":"SKIP","floor":13},{"not_picked":["Wild Strike","Flex","Havoc"],"picked":"SKIP","floor":14},{"not_picked":["Barricade+1","Demon Form+1"],"picked":"Juggernaut+1","floor":16},{"not_picked":["Cleave","Iron Wave"],"picked":"True Grit","floor":17},{"not_picked":["Wild Strike","Pommel Strike"],"picked":"Shrug It Off","floor":17},{"not_picked":["True Grit","Thunderclap"],"picked":"Shrug It Off","floor":17},{"not_picked":["Rage","Havoc"],"picked":"Armaments","floor":17},{"not_picked":["Berserk+1","Armaments","Rampage"],"picked":"SKIP","floor":18},{"not_picked":["Berserk+1","Armaments"],"picked":"Rampage","floor":18},{"not_picked":["Perfected Strike","Headbutt+1","Pommel Strike"],"picked":"SKIP","floor":19},{"not_picked":["Pommel Strike","Evolve+1"],"picked":"Iron Wave+1","floor":24}],"player_experience":2274542,"relics_obtained":[{"floor":11,"key":"The Courier"},{"floor":13,"key":"Paper Frog"},{"floor":21,"key":"Nilry\u0027s Codex"},{"floor":24,"key":"Anchor"},{"floor":26,"key":"Blood Vial"}],"event_choices":[{"damage_healed":0,"gold_gain":0,"player_choice":"Paid Gold","damage_taken":0,"relics_obtained":["Frozen Egg 2"],"max_hp_gain":0,"max_hp_loss":0,"event_name":"WeMeetAgain","floor":3,"gold_loss":74},{"damage_healed":0,"gold_gain":0,"player_choice":"Obtained Book","damage_taken":21,"max_hp_gain":0,"max_hp_loss":0,"event_name":"Cursed Tome","floor":21,"gold_loss":0},{"damage_healed":0,"gold_gain":0,"player_choice":"Smashed Altar","damage_taken":0,"max_hp_gain":0,"max_hp_loss":0,"event_name":"Forgotten Altar","floor":22,"gold_loss":0,"cards_obtained":["Decay"]}],"is_beta":false,"boss_relics":[{"not_picked":["Empty Cage","Runic Dome"],"picked":"Orrery"}],"items_purged_floors":[7],"is_endless":false,"potions_floor_spawned":[1,2,8,13,19],"killed_by":"Slavers","ascension_level":20}