{"gold_per_floor":[119,119,119,138,11,11,44,44,44,77,77,96,96,140,140,259,259,279,279,279,304,304,347,347,347,347,368,368,393,411,15,15,15],"floor_reached":33,"playtime":877,"items_purged":["Defend_R"],"score":367,"play_id":"fef5e5bb-c057-43f8-aa79-6813b972aa59","local_time":"20190421125740","is_ascension_mode":true,"campfire_choices":[{"data":"Armaments","floor":6,"key":"SMITH"},{"data":"Perfected Strike","floor":8,"key":"SMITH"},{"floor":11,"key":"REST"},{"floor":15,"key":"REST"},{"floor":24,"key":"REST"},{"data":"Double Tap","floor":28,"key":"SMITH"},{"data":"Perfected Strike","floor":32,"key":"SMITH"}],"neow_cost":"NONE","seed_source_timestamp":95863858399493,"circlet_count":0,"master_deck":["Strike_R","Strike_R","Strike_R","Strike_R","Strike_R","Defend_R+1","Defend_R+1","Defend_R","Bash","Armaments+1","Perfected Strike+1","Headbutt","Twin Strike","Pommel Strike","Double Tap+1","Twin Strike","Writhe","Shame","Perfected Strike+1","Chrysalis"],"relics":["Burning Blood","Golden Idol","Du-Vu Doll","Peace Pipe","Sundial","War Paint","Cursed Key","Pen Nib","Enchiridion","Self Forming Clay","Ornamental Fan","Medical Kit"],"potions_floor_usage":[16,30],"damage_taken":[{"damage":1,"enemies":"Small Slimes","floor":1,"turns":4},{"damage":16,"enemies":"Jaw Worm","floor":4,"turns":4},{"damage":35,"enemies":"3 Sentries","floor":7,"turns":10},{"damage":16,"enemies":"Gremlin Nob","floor":10,"turns":3},{"damage":1,"enemies":"2 Louse","floor":12,"turns":2},{"damage":40,"enemies":"Lagavulin","floor":14,"turns":6},{"damage":51,"enemies":"Slime Boss","floor":16,"turns":7},{"damage":18,"enemies":"3 Byrds","floor":18,"turns":5},{"damage":17,"enemies":"Shell Parasite","floor":21,"turns":4},{"damage":29,"enemies":"Book of Stabbing","floor":23,"turns":4},{"damage":14,"enemies":"Centurion and Healer","floor":27,"turns":4},{"damage":2,"enemies":"Sentry and Sphere","floor":29,"turns":3},{"damage":0,"enemies":"Snecko","floor":30,"turns":3},{"damage":60,"enemies":"Collector","floor":33,"turns":3}],"seed_played":"-548818064459030262","potions_obtained":[{"floor":1,"key":"Regen Potion"},{"floor":14,"key":"Strength Potion"},{"floor":23,"key":"Block Potion"},{"floor":27,"key":"FearPotion"},{"floor":29,"key":"Swift Potion"}],"is_trial":false,"path_per_floor":["M","?","?","M","$","R","E","R","T","E","R","M","$","E","R","B",null,"M","?","$","M","?","E","R","$","T","M","R","M","M","$","R","B"],"character_chosen":"IRONCLAD","items_purchased":["Perfected Strike","Chrysalis","Medical Kit"],"campfire_rested":3,"item_purchase_floors":[5,31,31],"current_hp_per_floor":[88,88,81,71,71,71,42,42,42,32,58,63,63,29,55,25,88,76,76,76,65,49,26,52,52,52,44,44,48,54,54,54,0],"gold":15,"neow_bonus":"TEN_PERCENT_HP_BONUS","is_prod":false,"is_daily":false,"chose_seed":false,"campfire_upgraded":4,"win_rate":0,"timestamp":1555869460,"path_taken":["M","?","?","M","$","R","E","R","T","E","R","M","?","E","R","BOSS","M","?","$","M","?","E","R","?","T","?","R","M","M","$","R","BOSS"],"build_version":"2019-04-20","purchased_purges":1,"victory":false,"max_hp_per_floor":[88,88,88,88,88,88,88,88,88,88,88,88,88,88,88,88,88,88,88,88,88,88,88,88,88,88,88,88,88,88,88,88,88],"card_choices":[{"not_picked":["Burning Pact","Warcry","True Grit"],"picked":"SKIP","floor":1},{"not_picked":["Iron Wave","Brutality"],"picked":"Armaments","floor":4},{"not_picked":["Flame Barrier","Wild Strike"],"picked":"Headbutt","floor":7},{"not_picked":["Exhume","Anger"],"picked":"Twin Strike","floor":10},{"not_picked":["Warcry","Sword Boomerang","Thunderclap"],"picked":"SKIP","floor":12},{"not_picked":["Wild Strike","Heavy Blade"],"picked":"Pommel Strike","floor":14},{"not_picked":["Juggernaut","Barricade"],"picked":"Double Tap","floor":16},{"not_picked":["Havoc+1","Rupture"],"picked":"Twin Strike","floor":18},{"not_picked":["Iron Wave+1","Rage+1","Whirlwind"],"picked":"SKIP","floor":21},{"not_picked":["True Grit","Searing Blow","Metallicize"],"picked":"SKIP","floor":23},{"not_picked":["Fire Breathing","Havoc","Bloodletting"],"picked":"SKIP","floor":27},{"not_picked":["Power Through","Sword Boomerang","Intimidate"],"picked":"SKIP","floor":29},{"not_picked":["Entrench","Burning Pact"],"picked":"Perfected Strike","floor":30}],"player_experience":270462,"relics_obtained":[{"floor":7,"key":"Du-Vu Doll"},{"floor":9,"key":"Peace Pipe"},{"floor":10,"key":"Sundial"},{"floor":14,"key":"War Paint"},{"floor":22,"key":"Enchiridion"},{"floor":23,"key":"Self Forming Clay"},{"floor":26,"key":"Ornamental Fan"}],"event_choices":[{"damage_healed":0,"gold_gain":0,"player_choice":"Take Wound","damage_taken":0,"relics_obtained":["Golden Idol"],"max_hp_gain":0,"max_hp_loss":0,"event_name":"Golden Idol","floor":2,"gold_loss":0,"cards_obtained":["Injury"]},{"cards_removed":["Injury"],"damage_healed":0,"gold_gain":0,"player_choice":"Card Removal","damage_taken":7,"max_hp_gain":0,"max_hp_loss":0,"event_name":"Golden Wing","floor":3,"gold_loss":0},{"damage_healed":0,"gold_gain":0,"player_choice":"Opened","damage_taken":0,"relics_obtained":["Pen Nib"],"max_hp_gain":0,"max_hp_loss":0,"event_name":"The Mausoleum","floor":19,"gold_loss":0,"cards_obtained":["Writhe"]},{"damage_healed":0,"gold_gain":0,"player_choice":"Obtained Book","damage_taken":16,"max_hp_gain":0,"max_hp_loss":0,"event_name":"Cursed Tome","floor":22,"gold_loss":0}],"is_beta":true,"boss_relics":[{"not_picked":["White Beast Statue","Runic Cube"],"picked":"Cursed Key"}],"items_purged_floors":[5],"is_endless":false,"potions_floor_spawned":[1,14,23,27,29],"killed_by":"Collector","ascension_level":4}