{"path_per_floor":["M","?","?","?","M","R","E","R","T","E","M","$","T","M","R","B",null,"M","M","M","?","M"],"character_chosen":"IRONCLAD","items_purchased":[],"gold_per_floor":[115,115,115,115,129,129,162,162,162,203,226,151,228,244,244,375,375,389,405,423,423,446],"floor_reached":23,"campfire_rested":0,"playtime":1654,"current_hp_per_floor":[80,73,53,53,59,59,65,65,65,52,58,58,58,63,63,37,80,80,76,80,80,45],"items_purged":["Strike_R"],"gold":446,"score":226,"play_id":"daf1b19c-708a-44e0-8034-95ef41866564","is_prod":false,"is_daily":false,"is_ascension_mode":false,"campfire_upgraded":3,"path_taken":["M","?","?","?","M","R","E","R","T","E","?","?","?","M","R","BOSS","M","M","?","?","M","E"],"build_version":"2018-02-15-BETA1","purchased_purges":1,"victory":false,"master_deck":["Strike_R","Strike_R","Strike_R","Defend_R","Defend_R","Defend_R","Bash+1","Armaments+1","Cleave","True Grit+1","Shrug It Off","Headbutt+1","Reaper+1","True Grit+1","Headbutt+1","Pommel Strike+1","Sentinel"],"max_hp_per_floor":[80,80,80,80,80,80,80,80,80,80,80,80,80,80,80,80,80,80,80,80,80,80],"relics":["Burning Blood","NeowsBlessing","Golden Idol","Vajra","Pantograph","Molten Egg 2","Darkstone Periapt","Question Card"],"card_choices":[{"not_picked":["Perfected Strike","Warcry"],"picked":"Armaments"},{"not_picked":["Rupture","Reckless Charge"],"picked":"Cleave"},{"not_picked":["Pummel","Body Slam"],"picked":"True Grit"},{"not_picked":["Reckless Charge","Sentinel"],"picked":"Shrug It Off"},{"not_picked":["True Grit","Flex"],"picked":"Headbutt"},{"not_picked":["Exhume","Bludgeon"],"picked":"Reaper"},{"not_picked":["Clothesline","Bloodletting","Thunderclap"],"picked":"True Grit"},{"not_picked":["Blood for Blood","Wild Strike","Uppercut"],"picked":"Headbutt"},{"not_picked":["Ghostly Armor","Sword Boomerang","Thunderclap"],"picked":"Pommel Strike"},{"not_picked":["Shrug It Off","Wild Strike","Burning Pact"],"picked":"Sentinel"}],"player_experience":93788,"potions_floor_usage":[10,22,22],"damage_taken":[{"damage":0,"enemies":"Jaw Worm","floor":1,"turns":1},{"damage":0,"enemies":"Small Slimes","floor":5,"turns":1},{"damage":0,"enemies":"Lagavulin","floor":7,"turns":1},{"damage":19,"enemies":"3 Sentries","floor":10,"turns":7},{"damage":0,"enemies":"2 Louse","floor":11,"turns":2},{"damage":1,"enemies":"Large Slime","floor":14,"turns":7},{"damage":49,"enemies":"The Guardian","floor":16,"turns":13},{"damage":1,"enemies":"Chosen","floor":18,"turns":6},{"damage":11,"enemies":"Shell Parasite","floor":19,"turns":15},{"damage":1,"enemies":"Centurion and Healer","floor":20,"turns":6},{"damage":41,"enemies":"Cultist and Chosen","floor":22,"turns":8},{"damage":53,"enemies":"Book of Stabbing","floor":23,"turns":6}],"event_choices":[{"event_name":"Golden Wing","player_choice":"Card Removal","floor":2,"damage_taken":0},{"event_name":"Golden Idol","player_choice":"Take Damage","floor":3,"damage_taken":0},{"event_name":"Liars Game","player_choice":"disagreed","floor":4,"damage_taken":0},{"event_name":"Bonfire Elementals","player_choice":"BASIC","floor":21,"damage_taken":0}],"boss_relics":[{"not_picked":["Ectoplasm","Runic Pyramid"],"picked":"Question Card"}],"potions_floor_spawned":[5,7,14,18],"seed_played":"-7235619728344248089","killed_by":"Book of Stabbing","ascension_level":0,"is_trial":false}