{"gold_per_floor":[117,117,127,127,127,166,166,186,256,256,272,310,334,347,347,475,475,498,597,613,613],"floor_reached":21,"playtime":1350,"items_purged":[],"score":220,"play_id":"c52eda8b-740d-4760-9636-d7bd4aacc3df","local_time":"20190515192909","is_ascension_mode":true,"campfire_choices":[{"data":"Echo Form","floor":7.0,"key":"SMITH"},{"data":"Coolheaded","floor":10.0,"key":"SMITH"},{"data":"Zap","floor":15,"key":"SMITH"}],"neow_cost":"NONE","seed_source_timestamp":27779392439346,"circlet_count":0,"master_deck":["Strike_B","Strike_B","Defend_B","Defend_B","Zap+1","Dualcast","Echo Form+1","Conserve Battery","Coolheaded+1","Stack","Undo","Go for the Eyes","Cold Snap","Genetic Algorithm","Creative AI","Multi-Cast+1","Fission+1","Steam Power+1","Recycle"],"special_seed":0,"relics":["Cracked Core","Golden Idol","Shuriken","Bag of Marbles","Turnip","Astrolabe"],"potions_floor_usage":[12],"damage_taken":[{"damage":7.0,"enemies":"Jaw Worm","floor":1.0,"turns":4.0},{"damage":0.0,"enemies":"Cultist","floor":3.0,"turns":3.0},{"damage":9.0,"enemies":"Lagavulin","floor":6.0,"turns":9.0},{"damage":4.0,"enemies":"2 Louse","floor":8.0,"turns":2.0},{"damage":0.0,"enemies":"Exordium Wildlife","floor":11.0,"turns":3.0},{"damage":16,"enemies":"3 Sentries","floor":12,"turns":9},{"damage":12,"enemies":"3 Louse","floor":13,"turns":6},{"damage":2,"enemies":"Large Slime","floor":14,"turns":4},{"damage":10,"enemies":"The Guardian","floor":16,"turns":13},{"damage":37,"enemies":"Shell Parasite","floor":18,"turns":11},{"damage":24,"enemies":"3 Byrds","floor":20,"turns":6},{"damage":10,"enemies":"Colosseum Slavers","floor":21,"turns":1}],"seed_played":"-7100007563833530656","potions_obtained":[{"floor":3.0,"key":"Dexterity Potion"},{"floor":8.0,"key":"Regen Potion"},{"floor":13,"key":"Ancient Potion"},{"floor":14,"key":"Strength Potion"}],"is_trial":false,"path_per_floor":["M","?","M","?","T","E","R","M","T","R","M","E","M","M","R","B",null,"M","?","M","?"],"character_chosen":"DEFECT","items_purchased":[],"campfire_rested":0,"item_purchase_floors":[],"current_hp_per_floor":[68,68,68,68,68,59,59,55,55,55,55,54,42,40,40,30,69,32,32,8,0],"gold":613,"neow_bonus":"ONE_RANDOM_RARE_CARD","is_prod":false,"is_daily":false,"chose_seed":false,"campfire_upgraded":3,"win_rate":0,"timestamp":1557962949,"path_taken":["M","?","?","?","?","E","R","M","T","R","M","E","M","M","R","BOSS","M","?","M","?"],"build_version":"2019-01-23","purchased_purges":0,"victory":false,"max_hp_per_floor":[75,75,75,69,69,69,69,69,69,69,69,69,69,69,69,69,69,69,69,69,69],"card_choices":[{"not_picked":["Go for the Eyes","Streamline"],"picked":"Conserve Battery","floor":1.0},{"not_picked":["Turbo","Leap"],"picked":"Coolheaded","floor":3.0},{"not_picked":["All For One","Go for the Eyes"],"picked":"Stack","floor":6.0},{"not_picked":["Steam","Sweeping Beam"],"picked":"Undo","floor":8.0},{"not_picked":["Steam Power","Leap","Turbo"],"picked":"SKIP","floor":11.0},{"not_picked":["Gash","Steam Power"],"picked":"Go for the Eyes","floor":12},{"not_picked":["BootSequence","Beam Cell"],"picked":"Cold Snap","floor":13},{"not_picked":["Rip and Tear","Reprogram"],"picked":"Genetic Algorithm","floor":14},{"not_picked":["Reboot","Electrodynamics"],"picked":"Creative AI","floor":16},{"not_picked":["Genetic Algorithm","Steam","Streamline"],"picked":"SKIP","floor":18},{"not_picked":["Gash","Stack"],"picked":"Recycle","floor":20}],"player_experience":249430,"relics_obtained":[{"floor":5.0,"key":"Shuriken"},{"floor":6.0,"key":"Bag of Marbles"},{"floor":12,"key":"Turnip"}],"event_choices":[{"cards_removed":["Defend_B"],"damage_healed":0.0,"max_hp_gain":0.0,"max_hp_loss":0.0,"gold_gain":0.0,"event_name":"Bonfire Elementals","player_choice":"Offered Basic","floor":2.0,"gold_loss":0.0,"damage_taken":0.0},{"damage_healed":0.0,"max_hp_gain":0.0,"max_hp_loss":6.0,"gold_gain":0.0,"event_name":"Golden Idol","player_choice":"Lose Max HP","floor":4.0,"gold_loss":0.0,"damage_taken":0.0,"relics_obtained":["Golden Idol"]},{"damage_healed":0,"gold_gain":99,"player_choice":"Stole From Cult","damage_taken":0,"max_hp_gain":0,"max_hp_loss":0,"event_name":"Nest","floor":19,"gold_loss":0},{"damage_healed":0,"gold_gain":0,"player_choice":"Fight","damage_taken":0,"max_hp_gain":0,"max_hp_loss":0,"event_name":"Colosseum","floor":21,"gold_loss":0}],"is_beta":false,"boss_relics":[{"not_picked":["Pandora\u0027s Box","Runic Pyramid"],"picked":"Astrolabe"}],"items_purged_floors":[],"is_endless":false,"potions_floor_spawned":[3,8,13,14],"killed_by":"Colosseum Slavers","ascension_level":3}