{"gold_per_floor":[109,109,128,128,138,138,165,165,165,190,190,208,237,256,256,358,358,371,371,152,175,190,190,207,241,268,268,116,116,150,165,165,165],"floor_reached":33,"playtime":1753,"items_purged":["Strike_R"],"score":542,"play_id":"9a325460-0c55-4a0d-a46d-af4274cb785e","local_time":"20181230160151","is_ascension_mode":true,"campfire_choices":[{"data":"Armaments","floor":6,"key":"SMITH"},{"data":"Flex","floor":8,"key":"SMITH"},{"data":"Inflame","floor":11,"key":"SMITH"},{"data":"Iron Wave","floor":15,"key":"SMITH"},{"data":"Feed","floor":23,"key":"SMITH"},{"data":"Juggernaut","floor":27,"key":"SMITH"},{"data":"Disarm","floor":32,"key":"SMITH"}],"neow_cost":"NONE","seed_source_timestamp":792725220107032,"circlet_count":0,"master_deck":["AscendersBane","Strike_R","Strike_R","Strike_R","Defend_R","Defend_R","Defend_R","Defend_R","Bash+1","Shrug It Off","Armaments+1","Flex+1","Inflame+1","Feed+1","Iron Wave+1","Juggernaut+1","Iron Wave","Feed","True Grit+1","Infernal Blade","Sentinel","Madness","Disarm+1"],"relics":["Burning Blood","Torii","Centennial Puzzle","Thread and Needle","Ginger","Peace Pipe","Busted Crown","Oddly Smooth Stone","Bag of Preparation","Mango","Dream Catcher","Boot"],"potions_floor_usage":[13,24,25,33,33],"damage_taken":[{"damage":8,"enemies":"Small Slimes","floor":1,"turns":4},{"damage":1,"enemies":"Cultist","floor":3,"turns":4},{"damage":1,"enemies":"Jaw Worm","floor":5,"turns":4},{"damage":32,"enemies":"Gremlin Nob","floor":7,"turns":5},{"damage":2,"enemies":"Lagavulin","floor":10,"turns":8},{"damage":1,"enemies":"Exordium Thugs","floor":12,"turns":6},{"damage":36,"enemies":"Gremlin Nob","floor":13,"turns":5},{"damage":1,"enemies":"Blue Slaver","floor":14,"turns":4},{"damage":16,"enemies":"Slime Boss","floor":16,"turns":9},{"damage":12,"enemies":"2 Thieves","floor":18,"turns":4},{"damage":0,"enemies":"3 Byrds","floor":22,"turns":4},{"damage":1,"enemies":"Snake Plant","floor":24,"turns":4},{"damage":26,"enemies":"Slavers","floor":25,"turns":8},{"damage":0,"enemies":"Book of Stabbing","floor":30,"turns":5},{"damage":9,"enemies":"Sentry and Sphere","floor":31,"turns":5},{"damage":82,"enemies":"Automaton","floor":33,"turns":10}],"seed_played":"-2191585519103850509","potions_obtained":[{"floor":3,"key":"FairyPotion"},{"floor":10,"key":"Regen Potion"},{"floor":12,"key":"SpeedPotion"},{"floor":16,"key":"AttackPotion"},{"floor":22,"key":"Dexterity Potion"},{"floor":24,"key":"SpeedPotion"},{"floor":31,"key":"AttackPotion"}],"is_trial":false,"path_per_floor":["M","?","M","?","M","R","E","R","T","E","R","M","E","M","R","B",null,"M","?","$","T","M","R","M","E","T","R","$","?","E","M","R","B"],"character_chosen":"IRONCLAD","items_purchased":["Oddly Smooth Stone","Sentinel","Madness"],"campfire_rested":0,"item_purchase_floors":[20,28,28],"current_hp_per_floor":[70,63,68,68,73,73,47,47,47,51,51,56,40,48,48,42,76,70,70,70,70,80,80,89,87,87,87,87,64,70,67,67,0],"gold":165,"neow_bonus":"UPGRADE_CARD","is_prod":false,"is_daily":false,"chose_seed":false,"campfire_upgraded":7,"win_rate":0,"timestamp":1546203711,"path_taken":["M","?","M","?","M","R","E","R","T","E","R","?","E","M","R","BOSS","M","?","$","?","M","R","M","E","T","R","?","?","E","M","R","BOSS"],"build_version":"2018-12-20","purchased_purges":1,"victory":false,"max_hp_per_floor":[80,80,80,80,80,80,80,80,80,80,80,80,80,83,83,87,87,87,87,87,87,91,91,95,113,113,113,113,118,118,118,118,118],"card_choices":[{"not_picked":["Sword Boomerang","Clothesline"],"picked":"Shrug It Off","floor":1},{"not_picked":["Wild Strike","Evolve"],"picked":"Armaments","floor":3},{"not_picked":["Reckless Charge","Havoc","Perfected Strike"],"picked":"SKIP","floor":5},{"not_picked":["Rampage","Brutality"],"picked":"Flex","floor":7},{"not_picked":["Twin Strike","Cleave"],"picked":"Inflame","floor":10},{"not_picked":["Blood for Blood","Warcry","Havoc"],"picked":"SKIP","floor":12},{"not_picked":["Cleave","Pommel Strike"],"picked":"Feed","floor":13},{"not_picked":["Armaments","Thunderclap"],"picked":"Iron Wave","floor":14},{"not_picked":["Brutality","Bludgeon"],"picked":"Juggernaut","floor":16},{"not_picked":[],"picked":"Iron Wave","floor":18},{"not_picked":["Havoc"],"picked":"SKIP","floor":22},{"not_picked":[],"picked":"True Grit+1","floor":24},{"not_picked":[],"picked":"Infernal Blade","floor":25},{"not_picked":["Feed"],"picked":"SKIP","floor":30},{"not_picked":[],"picked":"Disarm","floor":31}],"player_experience":202624,"relics_obtained":[{"floor":7,"key":"Centennial Puzzle"},{"floor":9,"key":"Thread and Needle"},{"floor":10,"key":"Ginger"},{"floor":13,"key":"Peace Pipe"},{"floor":21,"key":"Bag of Preparation"},{"floor":25,"key":"Mango"},{"floor":26,"key":"Dream Catcher"},{"floor":30,"key":"Boot"}],"event_choices":[{"damage_healed":0,"gold_gain":0,"player_choice":"Success","damage_taken":7,"relics_obtained":["Torii"],"max_hp_gain":0,"max_hp_loss":0,"event_name":"Scrap Ooze","floor":2,"gold_loss":0},{"cards_removed":["Strike_R"],"damage_healed":0,"gold_gain":0,"player_choice":"Offered Basic","damage_taken":0,"max_hp_gain":0,"max_hp_loss":0,"event_name":"Bonfire Elementals","floor":4,"gold_loss":0},{"damage_healed":0,"gold_gain":0,"player_choice":"Copied","damage_taken":0,"max_hp_gain":0,"max_hp_loss":0,"event_name":"Duplicator","floor":19,"gold_loss":0,"cards_obtained":["Feed"]},{"damage_healed":0,"gold_gain":0,"player_choice":"Shed Blood","damage_taken":28,"max_hp_gain":5,"max_hp_loss":0,"event_name":"Forgotten Altar","floor":29,"gold_loss":0}],"is_beta":false,"boss_relics":[{"not_picked":["Snecko Eye","Black Star"],"picked":"Busted Crown"}],"items_purged_floors":[20],"is_endless":false,"potions_floor_spawned":[3,10,12,16,22,24,31],"killed_by":"Automaton","ascension_level":10}