{"gold_per_floor":[110,110,33,33,43,43,72,86,135,135,34,34,34,44,44,121,121,135,35,35,45,63,63,63,82,158,33,33,49,49,75,75,147,147,166,266,266,280,280,312,312,312,335,335,355,387,398,415,415,415,415,415,415,45,80,80],"floor_reached":57,"playtime":2361,"items_purged":["Strike_R","Rampage","Clothesline","True Grit+1"],"score":3291,"play_id":"3480639b-2edf-42a0-830a-7dbebea0de1b","local_time":"20190429235327","is_ascension_mode":true,"campfire_choices":[{"data":"Feel No Pain","floor":6.0,"key":"SMITH"},{"data":"Dark Embrace","floor":10.0,"key":"SMITH"},{"data":"Armaments","floor":15.0,"key":"SMITH"},{"data":"Offering","floor":24.0,"key":"SMITH"},{"data":"Burning Pact","floor":32.0,"key":"SMITH"},{"data":"Barricade","floor":41.0,"key":"SMITH"},{"data":"True Grit","floor":44.0,"key":"SMITH"},{"floor":49,"key":"RECALL"},{"data":"Evolve","floor":53,"key":"SMITH"}],"neow_cost":"NONE","seed_source_timestamp":395067610867291,"circlet_count":0,"master_deck":["AscendersBane","Body Slam+1","Feel No Pain+1","Dark Embrace+1","Burning Pact+1","Flex","Barricade+1","Offering+1","Evolve+1","Warcry","True Grit+1","Necronomicurse","Offering+1","Second Wind","Limit Break","Pommel Strike+1","Limit Break+1","Feel No Pain+1","Sentinel","Exhume"],"special_seed":0,"relics":["Burning Blood","NeowsBlessing","Art of War","Happy Flower","Pandora\u0027s Box","Necronomicon","Blue Candle","Astrolabe","Du-Vu Doll","Bag of Preparation","Potion Belt","Self Forming Clay","Pocketwatch"],"potions_floor_usage":[56,56],"damage_taken":[{"damage":0.0,"enemies":"Cultist","floor":1.0,"turns":1.0},{"damage":0.0,"enemies":"Small Slimes","floor":5.0,"turns":1.0},{"damage":0.0,"enemies":"Gremlin Nob","floor":7.0,"turns":1.0},{"damage":12.0,"enemies":"Jaw Worm","floor":8.0,"turns":3.0},{"damage":7.0,"enemies":"2 Fungi Beasts","floor":14.0,"turns":4.0},{"damage":39.0,"enemies":"The Guardian","floor":16.0,"turns":16.0},{"damage":6.0,"enemies":"Chosen","floor":18.0,"turns":5.0},{"damage":3.0,"enemies":"2 Thieves","floor":21.0,"turns":1.0},{"damage":30.0,"enemies":"Shelled Parasite and Fungi","floor":22.0,"turns":2.0},{"damage":6.0,"enemies":"3 Cultists","floor":25.0,"turns":2.0},{"damage":6.0,"enemies":"Centurion and Healer","floor":29.0,"turns":4.0},{"damage":19.0,"enemies":"Collector","floor":33.0,"turns":1.0},{"damage":10.0,"enemies":"3 Darklings","floor":35.0,"turns":2.0},{"damage":6.0,"enemies":"Mind Bloom Boss Battle","floor":36.0,"turns":3.0},{"damage":6.0,"enemies":"3 Shapes","floor":38.0,"turns":5.0},{"damage":7.0,"enemies":"Giant Head","floor":40.0,"turns":5.0},{"damage":6.0,"enemies":"3 Darklings","floor":45.0,"turns":2.0},{"damage":13,"enemies":"Nemesis","floor":46,"turns":3},{"damage":6,"enemies":"Spire Growth","floor":47,"turns":3},{"damage":6,"enemies":"Sphere and 2 Shapes","floor":48,"turns":2},{"damage":12,"enemies":"Donu and Deca","floor":50,"turns":2},{"damage":10,"enemies":"Awakened One","floor":51,"turns":3},{"damage":6,"enemies":"Shield and Spear","floor":55,"turns":2},{"damage":36,"enemies":"The Heart","floor":56,"turns":4}],"seed_played":"-8702042557592731332","potions_obtained":[{"floor":1.0,"key":"SkillPotion"},{"floor":2.0,"key":"Fruit Juice"},{"floor":2.0,"key":"AttackPotion"},{"floor":18.0,"key":"SkillPotion"},{"floor":22.0,"key":"Poison Potion"},{"floor":25.0,"key":"EssenceOfSteel"},{"floor":29.0,"key":"SteroidPotion"},{"floor":38.0,"key":"Swift Potion"},{"floor":45,"key":"PowerPotion"},{"floor":47,"key":"BloodPotion"},{"floor":48,"key":"FairyPotion"}],"is_trial":false,"path_per_floor":["M","?","$","?","M","R","E","M","T","R","$","?","$","M","R","B",null,"M","$","?","M","M","?","R","M","T","$","?","M","?","T","R","B",null,"M","?","?","M","?","E","R","?","T","R","M","E","M","M","R","B","B",null,"R","$","E","B",null],"character_chosen":"IRONCLAD","items_purchased":["Feel No Pain","Armaments","Exhume","PowerPotion"],"campfire_rested":0,"item_purchase_floors":[3,11,54,54],"current_hp_per_floor":[74,79,79,79,80,80,80,74,74,74,74,79,79,78,78,45,75,75,75,54,57,33,33,33,33,33,33,33,33,33,33,33,20,69,65,65,65,65,65,64,64,64,64,64,64,57,57,57,57,51,47,76,76,76,76,46],"gold":80,"neow_bonus":"THREE_ENEMY_KILL","is_prod":false,"is_daily":false,"chose_seed":false,"campfire_upgraded":8,"win_rate":0,"timestamp":1556553207,"path_taken":["M","?","?","?","?","R","E","M","T","R","?","?","$","M","R","BOSS","M","$","?","M","M","?","R","M","T","$","?","?","?","?","R","BOSS","M","?","?","M","?","E","R","?","T","R","M","E","M","M","R","BOSS","BOSS","R","$","E","BOSS"],"build_version":"2019-01-23","purchased_purges":4,"victory":true,"max_hp_per_floor":[75,80,80,80,80,80,80,80,80,80,80,85,85,85,85,85,85,85,85,85,85,85,85,85,85,85,85,85,85,85,85,85,85,85,85,85,85,85,85,85,85,85,85,85,85,85,85,85,85,85,85,85,85,85,85,85],"card_choices":[{"not_picked":["Sever Soul","Bloodletting"],"picked":"Body Slam","floor":1.0},{"not_picked":["Twin Strike","Rage","Spot Weakness"],"picked":"SKIP","floor":5.0},{"not_picked":["Twin Strike","Rage","Spot Weakness"],"picked":"SKIP","floor":5.0},{"not_picked":["Clothesline","Anger"],"picked":"Dark Embrace","floor":7.0},{"not_picked":["Intimidate","Twin Strike"],"picked":"Burning Pact","floor":8.0},{"not_picked":["Hemokinesis","Corruption"],"picked":"Flex","floor":14.0},{"not_picked":["Double Tap","Reaper"],"picked":"Barricade","floor":16.0},{"not_picked":["Armaments+1","Rampage","Thunderclap"],"picked":"SKIP","floor":18.0},{"not_picked":["Anger","Cleave","Clothesline"],"picked":"SKIP","floor":21.0},{"not_picked":["Iron Wave","Berserk","Havoc"],"picked":"SKIP","floor":22.0},{"not_picked":["True Grit","Perfected Strike","Blood for Blood"],"picked":"SKIP","floor":25.0},{"not_picked":["True Grit+1","Iron Wave","Burning Pact"],"picked":"SKIP","floor":29.0},{"not_picked":["Immolate","Berserk"],"picked":"Limit Break","floor":33.0},{"not_picked":["Dropkick","Evolve","Uppercut"],"picked":"SKIP","floor":35.0},{"not_picked":["Armaments+1","Blood for Blood"],"picked":"Feel No Pain+1","floor":38.0},{"not_picked":["Flex+1","Dark Embrace","True Grit"],"picked":"SKIP","floor":40.0},{"not_picked":["Dropkick","Armaments","Rampage"],"picked":"SKIP","floor":45},{"not_picked":["Sword Boomerang","Fire Breathing","Hemokinesis+1"],"picked":"SKIP","floor":46},{"not_picked":["Clash","Armaments","Twin Strike"],"picked":"SKIP","floor":47},{"not_picked":["Perfected Strike","Anger"],"picked":"Sentinel","floor":48},{"not_picked":["Anger","Evolve+1","Power Through"],"picked":"SKIP","floor":55},{"not_picked":["Anger","Evolve+1","Power Through"],"picked":"SKIP","floor":55},{"not_picked":["Anger","Evolve+1","Power Through"],"picked":"SKIP","floor":55}],"player_experience":1775145,"relics_obtained":[{"floor":7.0,"key":"Art of War"},{"floor":9.0,"key":"Happy Flower"},{"floor":20.0,"key":"Necronomicon"},{"floor":26.0,"key":"Blue Candle"},{"floor":36.0,"key":"Du-Vu Doll"},{"floor":40.0,"key":"Bag of Preparation"},{"floor":43.0,"key":"Potion Belt"},{"floor":46,"key":"Self Forming Clay"},{"floor":55,"key":"Pocketwatch"}],"event_choices":[{"damage_healed":0.0,"max_hp_gain":0.0,"max_hp_loss":0.0,"gold_gain":0.0,"event_name":"Lab","player_choice":"Got Potions","floor":2.0,"gold_loss":0.0,"damage_taken":0.0},{"damage_healed":0.0,"max_hp_gain":0.0,"max_hp_loss":0.0,"gold_gain":0.0,"event_name":"Upgrade Shrine","player_choice":"Upgraded","floor":4.0,"gold_loss":0.0,"damage_taken":0.0,"cards_upgraded":["Body Slam"]},{"damage_healed":0.0,"max_hp_gain":5.0,"max_hp_loss":0.0,"gold_gain":0.0,"event_name":"Big Fish","player_choice":"Donut","floor":12.0,"gold_loss":0.0,"damage_taken":0.0},{"damage_healed":0.0,"max_hp_gain":0.0,"max_hp_loss":0.0,"gold_gain":0.0,"event_name":"Cursed Tome","player_choice":"Obtained Book","floor":20.0,"gold_loss":0.0,"damage_taken":21.0},{"damage_healed":0.0,"max_hp_gain":0.0,"max_hp_loss":0.0,"gold_gain":0.0,"event_name":"The Mausoleum","player_choice":"Ignored","floor":23.0,"gold_loss":0.0,"damage_taken":0.0},{"damage_healed":0.0,"max_hp_gain":0.0,"max_hp_loss":0.0,"gold_gain":0.0,"event_name":"Duplicator","player_choice":"Copied","floor":28.0,"gold_loss":0.0,"damage_taken":0.0,"cards_obtained":["Offering"]},{"damage_healed":0.0,"max_hp_gain":0.0,"max_hp_loss":0.0,"gold_gain":0.0,"event_name":"The Library","player_choice":"Read","floor":30.0,"gold_loss":0.0,"damage_taken":0.0,"cards_obtained":["Second Wind"]},{"damage_healed":0.0,"max_hp_gain":0.0,"max_hp_loss":0.0,"gold_gain":0.0,"event_name":"MindBloom","player_choice":"Fight","floor":36.0,"gold_loss":0.0,"damage_taken":0.0},{"damage_healed":0.0,"max_hp_gain":0.0,"max_hp_loss":0.0,"gold_gain":0.0,"event_name":"Tomb of Lord Red Mask","player_choice":"Ignored","floor":37.0,"gold_loss":0.0,"damage_taken":0.0},{"cards_removed":["Armaments"],"damage_healed":0.0,"max_hp_gain":0.0,"max_hp_loss":0.0,"gold_gain":0.0,"event_name":"Falling","player_choice":"Removed Skill","floor":39.0,"gold_loss":0.0,"damage_taken":0.0},{"damage_healed":0.0,"max_hp_gain":0.0,"max_hp_loss":0.0,"gold_gain":0.0,"event_name":"SensoryStone","player_choice":"Memory 1","floor":42.0,"gold_loss":0.0,"damage_taken":0.0}],"is_beta":false,"boss_relics":[{"not_picked":["Lizard Tail","Runic Cube"],"picked":"Pandora\u0027s Box"},{"not_picked":["Black Blood","Orrery"],"picked":"Astrolabe"}],"items_purged_floors":[11,19,27,54],"is_endless":false,"potions_floor_spawned":[1,5,14,18,22,25,29,38,45,47,48,55],"ascension_level":20}