{"gold_per_floor":[110,129,11,27,27,61,61,90,142,242,242,253,24,24,24,119,119,133,152,64,80,80,80,99,99,125,125,157,157,60,60],"floor_reached":31,"playtime":1349,"items_purged":["Strike_B","Strike_B","Defend_B","Defragment+1"],"score":300,"play_id":"7784f458-637f-4e4d-a99d-06650423d5f6","local_time":"20190330161543","is_ascension_mode":true,"campfire_choices":[{"data":"Hologram","floor":7,"key":"SMITH"},{"data":"Streamline","floor":11,"key":"SMITH"},{"data":"Secret Weapon","floor":15,"key":"SMITH"},{"data":"Zap","floor":23,"key":"SMITH"},{"data":"Dualcast","floor":25,"key":"SMITH"}],"neow_cost":"NONE","seed_source_timestamp":199318792205037,"circlet_count":0,"master_deck":["Strike_B","Strike_B","Defend_B+1","Defend_B","Defend_B","Zap+1","Dualcast+1","Hologram+1","Streamline+1","White Noise","Hologram+1","FTL","Secret Weapon+1","Machine Learning","Rebound","FTL","Seek","Go for the Eyes"],"relics":["Cracked Core","Smiling Mask","Question Card","Oddly Smooth Stone","War Paint","Nuclear Battery","Potion Belt","Blood Vial","MutagenicStrength"],"potions_floor_usage":[8,16,28,28,28,28,28],"damage_taken":[{"damage":0,"enemies":"Small Slimes","floor":1,"turns":3},{"damage":2,"enemies":"Jaw Worm","floor":2,"turns":4},{"damage":1,"enemies":"Cultist","floor":4,"turns":3},{"damage":40,"enemies":"Gremlin Nob","floor":6,"turns":6},{"damage":5,"enemies":"Lagavulin","floor":8,"turns":6},{"damage":5,"enemies":"Red Slaver","floor":12,"turns":2},{"damage":5,"enemies":"Hexaghost","floor":16,"turns":9},{"damage":6,"enemies":"3 Byrds","floor":18,"turns":3},{"damage":0,"enemies":"Chosen","floor":19,"turns":3},{"damage":25,"enemies":"Centurion and Healer","floor":21,"turns":5},{"damage":14,"enemies":"3 Cultists","floor":24,"turns":4},{"damage":34,"enemies":"Slavers","floor":28,"turns":4},{"damage":18,"enemies":"Sentry and Sphere","floor":31,"turns":3}],"seed_played":"-8819930148414999587","potions_obtained":[{"floor":1,"key":"EntropicBrew"},{"floor":2,"key":"SkillPotion"},{"floor":4,"key":"Fruit Juice"},{"floor":16,"key":"FearPotion"},{"floor":18,"key":"FocusPotion"},{"floor":21,"key":"AttackPotion"},{"floor":28,"key":"Swift Potion"}],"is_trial":false,"path_per_floor":["M","M","$","M","?","E","R","E","T","?","R","M","$","?","R","B",null,"M","M","$","M","?","R","M","R","T","?","E","?","$","M"],"character_chosen":"DEFECT","items_purchased":["White Noise","Secret Weapon","FTL","Go for the Eyes"],"campfire_rested":0,"item_purchase_floors":[3,13,20,30],"current_hp_per_floor":[75,73,73,72,77,37,37,37,37,37,37,32,32,32,32,27,85,79,79,79,54,54,54,40,40,40,40,6,6,6,0],"gold":60,"neow_bonus":"RANDOM_COMMON_RELIC","is_prod":false,"is_daily":false,"chose_seed":false,"campfire_upgraded":5,"win_rate":0,"timestamp":1553980543,"path_taken":["M","M","$","M","?","E","R","E","T","?","R","?","?","?","R","BOSS","M","M","$","M","?","R","M","R","T","?","E","?","?","M"],"build_version":"2019-03-15","purchased_purges":4,"victory":false,"max_hp_per_floor":[75,75,75,75,80,80,80,85,85,85,85,85,85,85,85,85,85,85,85,85,85,85,85,85,85,85,85,85,85,85,85],"card_choices":[{"not_picked":["Force Field","Compile Driver"],"picked":"Hologram","floor":1},{"not_picked":["Chill","Aggregate"],"picked":"Streamline","floor":2},{"not_picked":["Rebound","Redo"],"picked":"Hologram","floor":4},{"not_picked":["Go for the Eyes","Core Surge","Skim"],"picked":"SKIP","floor":6},{"not_picked":["Streamline","Sunder","Sweeping Beam","Static Discharge"],"picked":"SKIP","floor":8},{"not_picked":["Lockon","Gash","Fusion"],"picked":"FTL","floor":12},{"not_picked":["Thunder Strike","Rainbow","Electrodynamics"],"picked":"Machine Learning","floor":16},{"not_picked":["Capacitor","Steam Power","Conserve Battery+1"],"picked":"Rebound","floor":18},{"not_picked":["Cold Snap","Barrage","Redo+1"],"picked":"Beam Cell","floor":19},{"not_picked":["Turbo+1","Redo","Beam Cell"],"picked":"Defragment+1","floor":21},{"not_picked":["Gash","Compile Driver+1","Cold Snap+1"],"picked":"Seek","floor":24},{"not_picked":["Conserve Battery","Turbo","Melter","Defragment"],"picked":"SKIP","floor":28}],"player_experience":260920,"relics_obtained":[{"floor":6,"key":"Question Card"},{"floor":8,"key":"Oddly Smooth Stone"},{"floor":9,"key":"War Paint"},{"floor":26,"key":"Potion Belt"},{"floor":28,"key":"Blood Vial"}],"event_choices":[{"damage_healed":0,"gold_gain":0,"player_choice":"Donut","damage_taken":0,"max_hp_gain":5,"max_hp_loss":0,"event_name":"Big Fish","floor":5,"gold_loss":0},{"damage_healed":0,"gold_gain":100,"player_choice":"Pray","damage_taken":0,"max_hp_gain":0,"max_hp_loss":0,"event_name":"Golden Shrine","floor":10,"gold_loss":0},{"damage_healed":0,"gold_gain":0,"player_choice":"Leave","damage_taken":0,"max_hp_gain":0,"max_hp_loss":0,"event_name":"The Cleric","floor":14,"gold_loss":0},{"damage_healed":0,"gold_gain":0,"player_choice":"Ignored","damage_taken":0,"max_hp_gain":0,"max_hp_loss":0,"event_name":"Vampires","floor":22,"gold_loss":0},{"cards_removed":["Beam Cell"],"damage_healed":0,"gold_gain":0,"player_choice":"Elegance","damage_taken":0,"max_hp_gain":0,"max_hp_loss":0,"event_name":"Back to Basics","floor":27,"gold_loss":0},{"damage_healed":0,"gold_gain":0,"player_choice":"Inject Mutagens","damage_taken":0,"relics_obtained":["MutagenicStrength"],"max_hp_gain":0,"max_hp_loss":0,"event_name":"Drug Dealer","floor":29,"gold_loss":0}],"is_beta":true,"boss_relics":[{"not_picked":["White Beast Statue","Inserter"],"picked":"Nuclear Battery"}],"items_purged_floors":[3,13,20,30],"is_endless":false,"potions_floor_spawned":[1,2,4,16,18,21,28],"killed_by":"Sentry and Sphere","ascension_level":3}