{"gold_per_floor":[18,18,18,32,52,52,52,52,52,76,114,135,135,159,159,252,252,277,298,0,25,25],"floor_reached":22,"playtime":892,"items_purged":[],"score":372,"play_id":"0cb66e95-7d2e-457d-9eb8-bc4661f4bc6b","local_time":"20190503192717","is_ascension_mode":true,"campfire_choices":[{"data":"Body Slam","floor":6.0,"key":"SMITH"},{"data":"Entrench","floor":13.0,"key":"SMITH"},{"data":"Bash","floor":15.0,"key":"SMITH"}],"neow_cost":"NO_GOLD","seed_source_timestamp":725513791633275,"circlet_count":0,"master_deck":["AscendersBane","Strike_R","Strike_R","Defend_R","Defend_R","Defend_R","Bash+1","Feel No Pain","Dropkick","Body Slam+1","Entrench+1","Feed","Second Wind","Ghostly Armor","Exhume","Dual Wield","Feel No Pain+1"],"special_seed":0,"relics":["Burning Blood","Golden Idol","Matryoshka","Pen Nib","Bag of Preparation","Regal Pillow","Coffee Dripper"],"potions_floor_usage":[22],"damage_taken":[{"damage":8.0,"enemies":"Cultist","floor":1.0,"turns":5.0},{"damage":8.0,"enemies":"2 Louse","floor":4.0,"turns":4.0},{"damage":8.0,"enemies":"Small Slimes","floor":5.0,"turns":5.0},{"damage":14.0,"enemies":"Gremlin Nob","floor":11.0,"turns":3.0},{"damage":4.0,"enemies":"Looter","floor":12.0,"turns":4.0},{"damage":9.0,"enemies":"Large Slime","floor":14.0,"turns":3.0},{"damage":22.0,"enemies":"Hexaghost","floor":16.0,"turns":9.0},{"damage":54.0,"enemies":"3 Byrds","floor":18.0,"turns":7.0},{"damage":6.0,"enemies":"Chosen","floor":19.0,"turns":6.0},{"damage":11.0,"enemies":"Centurion and Healer","floor":21.0,"turns":7.0},{"damage":19,"enemies":"3 Cultists","floor":22,"turns":4}],"seed_played":"1928085448303574574","potions_obtained":[{"floor":1.0,"key":"SkillPotion"},{"floor":11.0,"key":"Swift Potion"},{"floor":12.0,"key":"Weak Potion"},{"floor":16.0,"key":"SneckoOil"},{"floor":21.0,"key":"EssenceOfSteel"}],"is_trial":false,"path_per_floor":["M","?","?","M","M","R","?","?","T","T","E","M","R","M","R","B",null,"M","M","?","M","M"],"character_chosen":"IRONCLAD","items_purchased":[],"campfire_rested":0,"item_purchase_floors":[],"current_hp_per_floor":[66,66,59,57,55,55,55,55,55,55,47,49,49,49,49,33,62,14,17,17,12,0],"gold":25,"neow_bonus":"REMOVE_TWO","is_prod":false,"is_daily":false,"chose_seed":false,"campfire_upgraded":3,"win_rate":0,"timestamp":1556882837,"path_taken":["M","?","?","M","M","R","?","?","T","?","E","?","R","M","R","BOSS","M","?","?","M","M"],"build_version":"2019-01-23","purchased_purges":0,"victory":false,"max_hp_per_floor":[75,68,68,68,68,68,68,68,68,68,68,68,68,71,71,71,71,71,74,74,74,77],"card_choices":[{"not_picked":["Pommel Strike","Wild Strike"],"picked":"Feel No Pain","floor":1.0},{"not_picked":["Rupture","Anger"],"picked":"Dropkick","floor":4.0},{"not_picked":["Seeing Red","Pommel Strike"],"picked":"Body Slam","floor":5.0},{"not_picked":["Headbutt","Havoc"],"picked":"Feed","floor":11.0},{"not_picked":["Metallicize","Blood for Blood"],"picked":"Second Wind","floor":12.0},{"not_picked":["Spot Weakness","Body Slam"],"picked":"Ghostly Armor","floor":14.0},{"not_picked":["Limit Break","Demon Form"],"picked":"Exhume","floor":16.0},{"not_picked":["Heavy Blade","Warcry"],"picked":"Dual Wield","floor":18.0},{"not_picked":["Second Wind","Clothesline","Uppercut+1"],"picked":"SKIP","floor":19.0},{"not_picked":["Limit Break","Body Slam"],"picked":"Feel No Pain+1","floor":21.0}],"player_experience":1831283,"relics_obtained":[{"floor":9.0,"key":"Matryoshka"},{"floor":10.0,"key":"Pen Nib"},{"floor":10.0,"key":"Bag of Preparation"},{"floor":11.0,"key":"Regal Pillow"}],"event_choices":[{"damage_healed":0.0,"max_hp_gain":0.0,"max_hp_loss":7.0,"gold_gain":0.0,"event_name":"Golden Idol","player_choice":"Lose Max HP","floor":2.0,"gold_loss":0.0,"damage_taken":0.0,"relics_obtained":["Golden Idol"]},{"cards_removed":["Defend_R"],"damage_healed":0.0,"max_hp_gain":0.0,"max_hp_loss":0.0,"gold_gain":0.0,"event_name":"Golden Wing","player_choice":"Card Removal","floor":3.0,"gold_loss":0.0,"damage_taken":7.0},{"damage_healed":0.0,"max_hp_gain":0.0,"max_hp_loss":0.0,"gold_gain":0.0,"event_name":"The Cleric","player_choice":"Leave","floor":7.0,"gold_loss":0.0,"damage_taken":0.0},{"damage_healed":0.0,"max_hp_gain":0.0,"max_hp_loss":0.0,"gold_gain":0.0,"cards_transformed":["Strike_R"],"event_name":"Living Wall","player_choice":"Change","floor":8.0,"gold_loss":0.0,"damage_taken":0.0,"cards_obtained":["Entrench"]},{"damage_healed":0.0,"max_hp_gain":0.0,"max_hp_loss":0.0,"gold_gain":0.0,"event_name":"Masked Bandits","player_choice":"Paid Fearfully","floor":20.0,"gold_loss":298.0,"damage_taken":0.0}],"is_beta":false,"boss_relics":[{"not_picked":["Snecko Eye","Mark of Pain"],"picked":"Coffee Dripper"}],"items_purged_floors":[],"is_endless":false,"potions_floor_spawned":[1,11,12,16,21],"killed_by":"3 Cultists","ascension_level":20}