{"gold_per_floor":[109,109,109,123,123,153,153,166,189,189,202,217,217,242,242,315,315,315],"floor_reached":18,"playtime":488,"items_purged":[],"score":390,"play_id":"f54af95f-4bf5-4f5e-a3be-f0d68489e3b0","local_time":"20190224160447","is_ascension_mode":true,"campfire_choices":[{"data":"Bash","floor":7.0,"key":"SMITH"},{"data":"Burning Pact","floor":10.0,"key":"SMITH"},{"data":"Disarm","floor":15,"key":"SMITH"}],"neow_cost":"NONE","seed_source_timestamp":322751709495970,"circlet_count":0,"master_deck":["AscendersBane","Strike_R","Strike_R","Strike_R","Strike_R","Defend_R","Defend_R","Defend_R","Defend_R","Bash+1","Carnage+1","Body Slam+1","Disarm+1","Burning Pact+1","Immolate"],"special_seed":0,"relics":["Burning Blood","NeowsBlessing","Dream Catcher","Centennial Puzzle","Letter Opener","Runic Dome"],"potions_floor_usage":[16,16],"damage_taken":[{"damage":0.0,"enemies":"2 Louse","floor":1.0,"turns":1.0},{"damage":0.0,"enemies":"Small Slimes","floor":4.0,"turns":1.0},{"damage":0.0,"enemies":"Lagavulin","floor":6.0,"turns":1.0},{"damage":1.0,"enemies":"Cultist","floor":8.0,"turns":3.0},{"damage":11.0,"enemies":"Looter","floor":11.0,"turns":2.0},{"damage":16,"enemies":"Gremlin Gang","floor":12,"turns":8},{"damage":25,"enemies":"3 Sentries","floor":14,"turns":8},{"damage":39,"enemies":"Hexaghost","floor":16,"turns":11},{"damage":1,"enemies":"3 Byrds","floor":18,"turns":2}],"seed_played":"-5409680582215088272","potions_obtained":[{"floor":1.0,"key":"BloodPotion"},{"floor":4.0,"key":"GamblersBrew"},{"floor":11.0,"key":"Energy Potion"}],"is_trial":false,"path_per_floor":["M","?","?","M","?","E","R","M","T","R","M","M","?","E","R","B",null,"M"],"character_chosen":"IRONCLAD","items_purchased":[],"campfire_rested":0,"item_purchase_floors":[],"current_hp_per_floor":[74,79,79,80,80,80,80,80,80,80,75,65,65,46,46,13,63,62],"gold":315,"neow_bonus":"THREE_ENEMY_KILL","is_prod":false,"is_daily":false,"chose_seed":false,"campfire_upgraded":3,"win_rate":0,"timestamp":1550995487,"path_taken":["M","?","?","?","?","E","R","M","T","R","?","M","?","E","R","BOSS","M"],"build_version":"2019-01-23","purchased_purges":0,"victory":false,"max_hp_per_floor":[75,80,80,80,80,80,80,80,80,80,80,80,80,80,80,80,80,80],"card_choices":[{"not_picked":["Shockwave","Disarm"],"picked":"Carnage","floor":1.0},{"not_picked":["Pommel Strike","Fire Breathing"],"picked":"Body Slam","floor":4.0},{"not_picked":["Fire Breathing","Cleave"],"picked":"Disarm","floor":6.0},{"not_picked":["Wild Strike","Carnage"],"picked":"Burning Pact","floor":8.0},{"not_picked":["Anger","Twin Strike","Armaments"],"picked":"SKIP","floor":11.0},{"not_picked":["Dark Embrace","Warcry","Dual Wield"],"picked":"SKIP","floor":12},{"not_picked":["Havoc","Fire Breathing","Sentinel"],"picked":"SKIP","floor":14},{"not_picked":["Reaper","Dark Embrace"],"picked":"Immolate","floor":16}],"player_experience":1041848,"relics_obtained":[{"floor":6.0,"key":"Dream Catcher"},{"floor":9.0,"key":"Centennial Puzzle"},{"floor":14,"key":"Letter Opener"}],"event_choices":[{"damage_healed":0.0,"max_hp_gain":5.0,"max_hp_loss":0.0,"gold_gain":0.0,"event_name":"Big Fish","player_choice":"Donut","floor":2.0,"gold_loss":0.0,"damage_taken":0.0},{"damage_healed":0.0,"max_hp_gain":0.0,"max_hp_loss":0.0,"gold_gain":0.0,"event_name":"Accursed Blacksmith","player_choice":"Forge","floor":3.0,"gold_loss":0.0,"damage_taken":0.0,"cards_upgraded":["Carnage"]},{"damage_healed":0.0,"max_hp_gain":0.0,"max_hp_loss":0.0,"gold_gain":0.0,"event_name":"Upgrade Shrine","player_choice":"Upgraded","floor":5.0,"gold_loss":0.0,"damage_taken":0.0,"cards_upgraded":["Body Slam"]},{"cards_removed":["Strike_R"],"damage_healed":0,"gold_gain":0,"player_choice":"Purged","damage_taken":0,"max_hp_gain":0,"max_hp_loss":0,"event_name":"Purifier","floor":13,"gold_loss":0}],"is_beta":false,"boss_relics":[{"not_picked":["Calling Bell","Fusion Hammer"],"picked":"Runic Dome"}],"items_purged_floors":[],"is_endless":false,"potions_floor_spawned":[1,4,11,12],"killed_by":"3 Byrds","ascension_level":20}