{"gold_per_floor":[110,110,110,185,63,102,102,145,170,90,103,141,164,188,188,317,317,341,354,373,40,40],"floor_reached":22,"playtime":1160,"items_purged":["Strike_R","Defend_R"],"score":292,"play_id":"2a5afe4d-730b-4064-a505-ca5fd401493f","local_time":"20190301211517","is_ascension_mode":true,"campfire_choices":[{"data":"Iron Wave","floor":7,"key":"SMITH"},{"data":"Bash","floor":15,"key":"SMITH"}],"neow_cost":"NONE","seed_source_timestamp":130022706507061,"circlet_count":0,"master_deck":["Strike_R","Strike_R","Strike_R","Strike_R","Defend_R","Defend_R","Defend_R","Bash+1","Disarm","Iron Wave+1","Warcry","Warcry","Pommel Strike","Disarm","Clothesline","Offering","Flame Barrier","Clothesline","Armaments","Cleave","Clash+1","Clash"],"relics":["Burning Blood","NeowsBlessing","Golden Idol","PreservedInsect","The Courier","Lantern","Meat on the Bone","Orrery","Oddly Smooth Stone","Frozen Egg 2"],"potions_floor_usage":[16,16],"damage_taken":[{"damage":0,"enemies":"Cultist","floor":1,"turns":1},{"damage":0,"enemies":"Lagavulin","floor":6,"turns":3},{"damage":0,"enemies":"Gremlin Nob","floor":8,"turns":1},{"damage":10,"enemies":"Small Slimes","floor":11,"turns":4},{"damage":38,"enemies":"3 Sentries","floor":12,"turns":10},{"damage":0,"enemies":"Jaw Worm","floor":13,"turns":4},{"damage":11,"enemies":"Looter","floor":14,"turns":4},{"damage":42,"enemies":"Slime Boss","floor":16,"turns":10},{"damage":26,"enemies":"Spheric Guardian","floor":18,"turns":7},{"damage":23,"enemies":"Shell Parasite","floor":19,"turns":12},{"damage":45,"enemies":"Cultist and Chosen","floor":20,"turns":8},{"damage":34,"enemies":"Sentry and Sphere","floor":22,"turns":5}],"seed_played":"1721112099157184283","potions_obtained":[{"floor":1,"key":"EssenceOfSteel"},{"floor":11,"key":"Fire Potion"},{"floor":14,"key":"Block Potion"},{"floor":16,"key":"Regen Potion"},{"floor":18,"key":"PowerPotion"}],"is_trial":false,"path_per_floor":["M","?","?","?","$","E","R","E","T","$","M","E","M","M","R","B",null,"M","M","M","$","M"],"character_chosen":"IRONCLAD","items_purchased":["Iron Wave","Oddly Smooth Stone","Frozen Egg 2"],"campfire_rested":0,"item_purchase_floors":[5,21,21],"current_hp_per_floor":[80,85,64,53,53,59,59,65,65,65,61,29,47,54,54,30,85,65,60,33,33,0],"gold":40,"neow_bonus":"THREE_ENEMY_KILL","is_prod":false,"is_daily":false,"chose_seed":false,"campfire_upgraded":2,"win_rate":0,"timestamp":1551496517,"path_taken":["M","?","?","?","?","E","R","E","T","?","M","E","M","?","R","BOSS","M","M","M","$","?"],"build_version":"2019-02-06","purchased_purges":2,"victory":false,"max_hp_per_floor":[80,85,85,85,85,85,85,85,85,85,85,85,85,85,85,85,85,85,85,85,85,85],"card_choices":[{"not_picked":["Ghostly Armor","Cleave"],"picked":"Disarm","floor":1},{"not_picked":["Flex","Anger","Bloodletting"],"picked":"SKIP","floor":6},{"not_picked":["Cleave","Sentinel"],"picked":"Warcry","floor":8},{"not_picked":["Rupture","Sword Boomerang"],"picked":"Warcry","floor":11},{"not_picked":["Rage","Havoc"],"picked":"Pommel Strike","floor":12},{"not_picked":["Iron Wave","Headbutt"],"picked":"Disarm","floor":13},{"not_picked":["Hemokinesis","Reckless Charge"],"picked":"Clothesline","floor":14},{"not_picked":["Demon Form","Fiend Fire"],"picked":"Offering","floor":16},{"not_picked":["Twin Strike","Metallicize"],"picked":"Flame Barrier","floor":17},{"not_picked":["Wild Strike","Havoc"],"picked":"Clothesline","floor":17},{"not_picked":["Shockwave","Power Through"],"picked":"Armaments","floor":17},{"not_picked":["Ghostly Armor","Corruption"],"picked":"Cleave","floor":17},{"not_picked":["Power Through","Rage","Havoc"],"picked":"SKIP","floor":18},{"not_picked":["Perfected Strike","Thunderclap"],"picked":"Clash+1","floor":19},{"not_picked":["Warcry","Thunderclap+1"],"picked":"Clash","floor":20}],"player_experience":254203,"relics_obtained":[{"floor":6,"key":"PreservedInsect"},{"floor":8,"key":"The Courier"},{"floor":9,"key":"Lantern"},{"floor":12,"key":"Meat on the Bone"}],"event_choices":[{"damage_healed":0,"gold_gain":0,"player_choice":"Donut","damage_taken":0,"max_hp_gain":5,"max_hp_loss":0,"event_name":"Big Fish","floor":2,"gold_loss":0},{"damage_healed":0,"gold_gain":0,"player_choice":"Take Damage","damage_taken":21,"relics_obtained":["Golden Idol"],"max_hp_gain":0,"max_hp_loss":0,"event_name":"Golden Idol","floor":3,"gold_loss":0},{"damage_healed":0,"gold_gain":75,"player_choice":"Gather Gold","damage_taken":11,"max_hp_gain":0,"max_hp_loss":0,"event_name":"World of Goop","floor":4,"gold_loss":0}],"is_beta":true,"boss_relics":[{"not_picked":["Runic Cube","Fusion Hammer"],"picked":"Orrery"}],"items_purged_floors":[5,10],"is_endless":false,"potions_floor_spawned":[1,11,14,16,18,20],"killed_by":"Sentry and Sphere","ascension_level":3}