{"gold_per_floor":[110,110,5,15,15,15,32,65,88,88,122,137,7,35,35,114,114,133,152,152,152,21,21,36,61,88,107,107,107,107,647,647,718,718,736,748,271,1270,1287,1287,1315,968,968,968,968,996,996,1031,1031,1031,1031,1031,1031,194,223,223],"floor_reached":57,"playtime":4734,"items_purged":["Strike_R","Bludgeon+1","Normality","Iron Wave+1"],"score":3294,"play_id":"00184029-046d-45d5-859a-42970604d1f4","local_time":"20190303193132","is_ascension_mode":true,"campfire_choices":[{"data":"Bludgeon","floor":6.0,"key":"SMITH"},{"data":"Entrench","floor":10.0,"key":"SMITH"},{"data":"Barricade","floor":15.0,"key":"SMITH"},{"data":"True Grit","floor":23.0,"key":"SMITH"},{"data":"Dark Embrace","floor":28.0,"key":"SMITH"},{"data":"Power Through","floor":30.0,"key":"SMITH"},{"data":"Feel No Pain","floor":32.0,"key":"SMITH"},{"data":"Impatience","floor":40.0,"key":"SMITH"},{"data":"Battle Trance","floor":45.0,"key":"SMITH"},{"floor":49.0,"key":"RECALL"},{"data":"Exhume","floor":53.0,"key":"SMITH"}],"neow_cost":"PERCENT_DAMAGE","seed_source_timestamp":198056646588963,"circlet_count":0,"master_deck":["AscendersBane","Defend_R","Defend_R","Bash","Feel No Pain+1","Finesse","Entrench+1","Power Through+1","Battle Trance+1","Barricade+1","Offering+1","Inflame+1","Evolve+1","True Grit+1","Feel No Pain","Shrug It Off","Dark Embrace+1","Exhume+1","Pommel Strike+1","Impatience+1","The Bomb","Berserk"],"special_seed":0,"relics":["Burning Blood","Omamori","Lantern","Bottled Tornado","Meat on the Bone","Astrolabe","Thread and Needle","Mercury Hourglass","Cursed Key","Mummified Hand","Bottled Lightning","Strange Spoon","Oddly Smooth Stone","StoneCalendar","Ornamental Fan","Bronze Scales","Dodecahedron"],"potions_floor_usage":[56,56],"damage_taken":[{"damage":4.0,"enemies":"Small Slimes","floor":1.0,"turns":6.0},{"damage":4.0,"enemies":"Cultist","floor":4.0,"turns":4.0},{"damage":10.0,"enemies":"2 Louse","floor":7.0,"turns":4.0},{"damage":15.0,"enemies":"3 Sentries","floor":8.0,"turns":8.0},{"damage":21.0,"enemies":"Gremlin Nob","floor":11.0,"turns":4.0},{"damage":0.0,"enemies":"2 Fungi Beasts","floor":12.0,"turns":2.0},{"damage":1.0,"enemies":"3 Sentries","floor":14.0,"turns":7.0},{"damage":0.0,"enemies":"Slime Boss","floor":16.0,"turns":22.0},{"damage":18.0,"enemies":"3 Byrds","floor":18.0,"turns":9.0},{"damage":6.0,"enemies":"Shell Parasite","floor":19.0,"turns":9.0},{"damage":6.0,"enemies":"Snake Plant","floor":24.0,"turns":8.0},{"damage":6.0,"enemies":"Gremlin Leader","floor":25.0,"turns":13.0},{"damage":6.0,"enemies":"Snecko","floor":27.0,"turns":10.0},{"damage":6.0,"enemies":"Champ","floor":33.0,"turns":25.0},{"damage":7.0,"enemies":"Orb Walker","floor":35.0,"turns":4.0},{"damage":33.0,"enemies":"3 Darklings","floor":36.0,"turns":8.0},{"damage":13.0,"enemies":"Writhing Mass","floor":39.0,"turns":19.0},{"damage":14.0,"enemies":"Nemesis","floor":41.0,"turns":13.0},{"damage":6.0,"enemies":"Giant Head","floor":46.0,"turns":12.0},{"damage":6.0,"enemies":"Nemesis","floor":48.0,"turns":15.0},{"damage":6.0,"enemies":"Donu and Deca","floor":50.0,"turns":23.0},{"damage":12.0,"enemies":"Time Eater","floor":51.0,"turns":31.0},{"damage":6.0,"enemies":"Shield and Spear","floor":55.0,"turns":9.0},{"damage":43,"enemies":"The Heart","floor":56,"turns":12}],"seed_played":"2975189545015889719","potions_obtained":[{"floor":8.0,"key":"SneckoOil"},{"floor":11.0,"key":"Energy Potion"},{"floor":14.0,"key":"FearPotion"},{"floor":24.0,"key":"Explosive Potion"},{"floor":46.0,"key":"SkillPotion"},{"floor":48.0,"key":"Regen Potion"}],"is_trial":false,"path_per_floor":["M","?","$","M","?","R","M","E","T","R","E","M","$","E","R","B",null,"M","M","?","?","$","R","M","E","T","M","R","?","R","?","R","B",null,"M","M","$","?","M","R","E","$","T","?","R","E","?","E","R","B","B",null,"R","$","E","B",null],"character_chosen":"IRONCLAD","items_purchased":["Finesse","Energy Potion","True Grit","Feel No Pain","Impatience","Mummified Hand","Strange Spoon","Ornamental Fan","Bronze Scales","The Bomb","AttackPotion"],"campfire_rested":0,"item_purchase_floors":[3,13,22,22,37,37,42,54,54,54,54],"current_hp_per_floor":[52,52,52,54,54,54,50,41,41,41,26,32,32,37,37,55,70,58,58,58,58,58,58,58,58,58,58,58,58,58,9,9,21,62,61,46,46,46,51,51,55,55,55,55,55,55,55,55,55,70,64,69,69,69,69,44],"gold":223,"neow_bonus":"REMOVE_TWO","is_prod":false,"is_daily":false,"chose_seed":false,"campfire_upgraded":10,"win_rate":0,"timestamp":1551612692,"path_taken":["M","?","?","M","?","R","M","E","T","R","E","?","$","E","R","BOSS","M","M","?","?","$","R","M","E","T","?","R","?","R","?","R","BOSS","M","?","$","?","M","R","E","$","T","?","R","E","?","E","R","BOSS","BOSS","R","$","E","BOSS"],"build_version":"2019-01-23","purchased_purges":4,"victory":true,"max_hp_per_floor":[75,75,75,75,75,75,75,75,75,75,75,75,75,75,75,75,75,75,75,75,75,75,75,75,75,75,75,75,75,75,75,75,75,75,75,75,75,75,75,75,75,75,75,71,71,71,71,71,71,71,71,71,71,71,71,71],"card_choices":[{"not_picked":["Sword Boomerang","Pommel Strike"],"picked":"Feel No Pain","floor":1.0},{"not_picked":["Heavy Blade","Clash"],"picked":"Entrench","floor":4.0},{"not_picked":["Combust","Thunderclap","Wild Strike"],"picked":"SKIP","floor":7.0},{"not_picked":["Battle Trance","Brutality"],"picked":"Power Through","floor":8.0},{"not_picked":["True Grit","Twin Strike"],"picked":"Battle Trance","floor":11.0},{"not_picked":["Thunderclap","Heavy Blade","Warcry"],"picked":"SKIP","floor":12.0},{"not_picked":["Body Slam","Offering"],"picked":"Barricade","floor":14.0},{"not_picked":["Anger","Heavy Blade","Havoc"],"picked":"SKIP","floor":18.0},{"not_picked":["True Grit","Sword Boomerang"],"picked":"Evolve","floor":19.0},{"not_picked":["Warcry","Sentinel"],"picked":"Shrug It Off","floor":24.0},{"not_picked":["Clothesline","Power Through"],"picked":"Dark Embrace","floor":25.0},{"not_picked":["Carnage","Twin Strike","Heavy Blade"],"picked":"SKIP","floor":27.0},{"not_picked":["Brutality","Berserk"],"picked":"Exhume","floor":33.0},{"not_picked":["Cleave+1","Clothesline","Battle Trance"],"picked":"SKIP","floor":35.0},{"not_picked":["Perfected Strike","Clothesline+1"],"picked":"Pommel Strike+1","floor":36.0},{"not_picked":["Searing Blow","Flex","Power Through"],"picked":"SKIP","floor":39.0},{"not_picked":["Headbutt","Shockwave+1","Brutality"],"picked":"SKIP","floor":41.0},{"not_picked":["Iron Wave","Thunderclap","Havoc+1"],"picked":"SKIP","floor":46.0},{"not_picked":["Havoc","Corruption","Bludgeon"],"picked":"SKIP","floor":48.0},{"not_picked":["Perfected Strike","Fire Breathing"],"picked":"Berserk","floor":55.0}],"player_experience":1140718,"relics_obtained":[{"floor":8.0,"key":"Omamori"},{"floor":9.0,"key":"Lantern"},{"floor":11.0,"key":"Bottled Tornado"},{"floor":14.0,"key":"Meat on the Bone"},{"floor":25.0,"key":"Thread and Needle"},{"floor":41.0,"key":"Bottled Lightning"},{"floor":46.0,"key":"Oddly Smooth Stone"},{"floor":48.0,"key":"StoneCalendar"},{"floor":55.0,"key":"Dodecahedron"}],"event_choices":[{"cards_removed":["Defend_R"],"damage_healed":0.0,"max_hp_gain":0.0,"max_hp_loss":0.0,"gold_gain":0.0,"event_name":"Bonfire Elementals","player_choice":"Offered Basic","floor":2.0,"gold_loss":0.0,"damage_taken":0.0},{"damage_healed":0.0,"max_hp_gain":0.0,"max_hp_loss":0.0,"gold_gain":0.0,"event_name":"Match and Keep!","player_choice":"1 cards matched","floor":5.0,"gold_loss":0.0,"damage_taken":0.0,"cards_obtained":["Bludgeon"]},{"damage_healed":0.0,"max_hp_gain":0.0,"max_hp_loss":0.0,"gold_gain":0.0,"event_name":"Cursed Tome","player_choice":"Ignored","floor":20.0,"gold_loss":0.0,"damage_taken":0.0},{"damage_healed":0.0,"max_hp_gain":0.0,"max_hp_loss":0.0,"gold_gain":0.0,"event_name":"Accursed Blacksmith","player_choice":"Forge","floor":21.0,"gold_loss":0.0,"damage_taken":0.0,"cards_upgraded":["Evolve"]},{"damage_healed":0.0,"max_hp_gain":0.0,"max_hp_loss":0.0,"gold_gain":0.0,"event_name":"The Mausoleum","player_choice":"Opened","floor":29.0,"gold_loss":0.0,"damage_taken":0.0,"relics_obtained":["Mercury Hourglass"],"cards_obtained":["Writhe"]},{"damage_healed":0.0,"max_hp_gain":0.0,"max_hp_loss":0.0,"gold_gain":540.0,"event_name":"Knowing Skull","player_choice":"GOLD GOLD GOLD GOLD GOLD GOLD ","floor":31.0,"potions_obtained":[],"gold_loss":0.0,"damage_taken":49.0,"cards_obtained":[]},{"damage_healed":0.0,"max_hp_gain":0.0,"max_hp_loss":0.0,"gold_gain":540.0,"event_name":"Knowing Skull","player_choice":"GOLD GOLD GOLD GOLD GOLD GOLD ","floor":31.0,"potions_obtained":[],"gold_loss":0.0,"damage_taken":49.0,"cards_obtained":[]},{"damage_healed":0.0,"max_hp_gain":0.0,"max_hp_loss":0.0,"gold_gain":999.0,"event_name":"MindBloom","player_choice":"Gold","floor":38.0,"gold_loss":0.0,"damage_taken":0.0,"cards_obtained":["Normality","Normality"]},{"damage_healed":0.0,"max_hp_gain":0.0,"max_hp_loss":4.0,"gold_gain":0.0,"event_name":"Winding Halls","player_choice":"Max HP","floor":44.0,"gold_loss":0.0,"damage_taken":0.0},{"damage_healed":0.0,"max_hp_gain":0.0,"max_hp_loss":0.0,"gold_gain":0.0,"event_name":"Tomb of Lord Red Mask","player_choice":"Ignored","floor":47.0,"gold_loss":0.0,"damage_taken":0.0}],"is_beta":false,"boss_relics":[{"not_picked":["Runic Dome","Tiny House"],"picked":"Astrolabe"},{"not_picked":["Calling Bell","Pandora\u0027s Box"],"picked":"Cursed Key"}],"items_purged_floors":[13,37,42,54],"is_endless":false,"potions_floor_spawned":[8,11,14,24,46,48,55],"ascension_level":20}