{"path_per_floor":["M","M","$","M","M","E","?","M","T","T","M","?","R","M","R","B",null,"M","$","?","?","M"],"character_chosen":"IRONCLAD","items_purchased":["Flex","War Paint"],"gold_per_floor":[114,129,6,21,36,96,96,111,136,161,176,176,176,191,191,291,291,306,56,56,56,45,45],"floor_reached":23,"campfire_rested":1,"playtime":910,"current_hp_per_floor":[80,80,80,80,80,43,43,42,42,42,40,15,15,21,75,23,75,54,54,54,38,37,0],"items_purged":["Defend_R","Doubt"],"gold":45,"score":193,"play_id":"4e0809d0-b686-488a-a775-d31066919b16","local_time":"20180406154226","daily_mods":["Diverse","Binary","Night Terrors"],"is_prod":false,"is_daily":true,"is_ascension_mode":false,"campfire_upgraded":1,"timestamp":1523047346,"path_taken":["M","M","$","M","M","E","?","M","T","?","?","?","R","M","R","BOSS","M","$","?","?","M","M"],"build_version":"2018-04-04","purchased_purges":3,"victory":false,"master_deck":["Strike_R","Strike_R","Strike_R","Strike_R","Defend_R+1","Defend_R","Defend_R+1","Bash","Flex","Thunderclap","Armaments+1","Escape Plan","Night Terror","Decay","Clumsy","Necronomicurse","Power Through+1"],"max_hp_per_floor":[80,80,80,80,80,80,80,80,80,80,80,80,80,80,75,75,75,75,75,75,75,75,75],"relics":["Burning Blood","Tiny Chest","Orichalcum","Pen Nib","Happy Flower","Calling Bell","Oddly Smooth Stone","Shuriken","Letter Opener","War Paint","Necronomicon"],"card_choices":[{"not_picked":["Iron Wave"],"picked":"Thunderclap","floor":4},{"not_picked":["Quick Slash"],"picked":"Armaments","floor":8},{"not_picked":["Dropkick"],"picked":"Escape Plan","floor":14},{"not_picked":["Doppelganger"],"picked":"Night Terror","floor":16},{"not_picked":["Combust"],"picked":"Power Through","floor":22}],"player_experience":164491,"potions_floor_usage":[5,5],"damage_taken":[{"damage":6,"enemies":"Jaw Worm","floor":1,"turns":3},{"damage":6,"enemies":"Cultist","floor":2,"turns":3},{"damage":0,"enemies":"Small Slimes","floor":4,"turns":3},{"damage":6,"enemies":"3 Louse","floor":5,"turns":2},{"damage":43,"enemies":"3 Sentries","floor":6,"turns":9},{"damage":7,"enemies":"Exordium Wildlife","floor":8,"turns":4},{"damage":8,"enemies":"Gremlin Gang","floor":11,"turns":3},{"damage":0,"enemies":"3 Louse","floor":14,"turns":3},{"damage":58,"enemies":"The Guardian","floor":16,"turns":9},{"damage":27,"enemies":"Chosen","floor":18,"turns":5},{"damage":7,"enemies":"2 Thieves","floor":22,"turns":4},{"damage":47,"enemies":"Chosen and Byrds","floor":23,"turns":4}],"event_choices":[{"event_name":"Bonfire Elementals","player_choice":"BASIC","floor":7,"damage_taken":0},{"event_name":"Scrap Ooze","player_choice":"success","floor":12,"damage_taken":25},{"event_name":"The Woman in Blue","player_choice":"Bought 0 Potions","floor":20,"damage_taken":0},{"event_name":"Cursed Tome","player_choice":"Obtained Book","floor":21,"damage_taken":0}],"boss_relics":[{"not_picked":["Runic Pyramid","Lizard Tail"],"picked":"Calling Bell"}],"potions_floor_spawned":[2,4,11,18],"seed_played":"-7248569299204843606","killed_by":"Chosen and Byrds","ascension_level":0,"is_trial":false}