{"gold_per_floor":[114,114,114,129,129,161,161,195,195,206,238,238,252,270,270,373,373,385,405,421,172,192,222,222,257,257,257,289,301,315,315,315,415,415,431,448,448,109,109,109,136,136,212,246,257,257,275,302,302,302],"floor_reached":51,"playtime":2665,"items_purged":[],"score":1012,"play_id":"a0a1c9a0-4b9d-4771-ae1a-edad4748cd01","local_time":"20181206164349","is_ascension_mode":true,"campfire_choices":[{"data":"Decay","floor":7.0,"key":"PURGE"},{"data":"Rage","floor":12.0,"key":"SMITH"},{"data":"Spot Weakness","floor":15.0,"key":"SMITH"},{"floor":24.0,"key":"REST"},{"data":"Strike_R","floor":27.0,"key":"PURGE"},{"data":"Strike_R","floor":32.0,"key":"PURGE"},{"data":"Armaments+1","floor":40,"key":"PURGE"},{"data":"Strike_R","floor":42,"key":"PURGE"},{"data":"Clumsy","floor":46,"key":"PURGE"},{"data":"Strike_R","floor":49,"key":"PURGE"}],"neow_cost":"NONE","seed_source_timestamp":1833888655413759,"circlet_count":0,"master_deck":["Strike_R","Defend_R","Defend_R","Defend_R","Defend_R","Bash","Rage+1","Uppercut","Iron Wave","Flex","Spot Weakness+1","Thunderclap","Reaper","Headbutt","Thunderclap+1","Apotheosis","Pommel Strike","Dropkick","Shrug It Off","Sword Boomerang","Offering","Double Tap","Pommel Strike","Madness","Madness","Master of Strategy","Shockwave","Blind","Dark Shackles","Juggernaut","Battle Trance+1","Shrug It Off+1","Demon Form"],"special_seed":0,"relics":["Burning Blood","NeowsBlessing","Peace Pipe","Happy Flower","Gambling Chip","Magic Flower","Fusion Hammer","Ancient Tea Set","Anchor","Lantern","Letter Opener","MutagenicStrength","Cursed Key","Mango","Self Forming Clay","Toxic Egg 2","Omamori"],"potions_floor_usage":[50,50,50],"damage_taken":[{"damage":0.0,"enemies":"Small Slimes","floor":1.0,"turns":1.0},{"damage":0.0,"enemies":"2 Louse","floor":4.0,"turns":1.0},{"damage":0.0,"enemies":"Lagavulin","floor":6.0,"turns":1.0},{"damage":23.0,"enemies":"3 Sentries","floor":8.0,"turns":10.0},{"damage":0.0,"enemies":"Cultist","floor":10.0,"turns":3.0},{"damage":27.0,"enemies":"Lagavulin","floor":11.0,"turns":7.0},{"damage":1.0,"enemies":"Exordium Wildlife","floor":13.0,"turns":5.0},{"damage":5.0,"enemies":"3 Louse","floor":14.0,"turns":4.0},{"damage":49.0,"enemies":"Slime Boss","floor":16.0,"turns":11.0},{"damage":7.0,"enemies":"Chosen","floor":18.0,"turns":4.0},{"damage":22.0,"enemies":"Shell Parasite","floor":19.0,"turns":5.0},{"damage":12.0,"enemies":"Centurion and Healer","floor":20.0,"turns":6.0},{"damage":44.0,"enemies":"Snake Plant","floor":22.0,"turns":5.0},{"damage":34.0,"enemies":"Book of Stabbing","floor":23.0,"turns":4.0},{"damage":24.0,"enemies":"Gremlin Leader","floor":25.0,"turns":5.0},{"damage":15.0,"enemies":"Slavers","floor":28.0,"turns":4.0},{"damage":20.0,"enemies":"Snecko","floor":29.0,"turns":4.0},{"damage":15.0,"enemies":"Centurion and Healer","floor":30.0,"turns":5.0},{"damage":27.0,"enemies":"Champ","floor":33.0,"turns":6.0},{"damage":6,"enemies":"3 Darklings","floor":35,"turns":3},{"damage":10,"enemies":"3 Shapes","floor":36,"turns":2},{"damage":31,"enemies":"Giant Head","floor":41,"turns":7},{"damage":6,"enemies":"Nemesis","floor":44,"turns":1},{"damage":30,"enemies":"Maw","floor":45,"turns":6},{"damage":0,"enemies":"4 Shapes","floor":47,"turns":2},{"damage":42,"enemies":"Reptomancer","floor":48,"turns":4},{"damage":22,"enemies":"Awakened One","floor":50,"turns":6}],"seed_played":"511881539869189881","potions_obtained":[{"floor":4.0,"key":"Fire Potion"},{"floor":8.0,"key":"Swift Potion"},{"floor":13.0,"key":"Energy Potion"},{"floor":14.0,"key":"Strength Potion"},{"floor":29.0,"key":"Regen Potion"},{"floor":44,"key":"EssenceOfSteel"},{"floor":45,"key":"PowerPotion"}],"is_trial":false,"path_per_floor":["M","?","?","M","?","E","R","E","T","M","E","R","M","M","R","B",null,"M","M","M","$","M","E","R","E","T","R","E","M","M","?","R","B",null,"M","M","?","$","?","R","E","R","T","E","M","R","M","E","R","B",null],"character_chosen":"IRONCLAD","items_purchased":["Apotheosis","Pommel Strike","Master of Strategy","Shockwave","Blind"],"campfire_rested":1,"item_purchase_floors":[21,21,38,38,38],"current_hp_per_floor":[80,80,80,80,85,85,85,68,68,74,53,53,61,65,65,25,85,85,72,85,85,50,45,70,55,55,55,79,73,67,67,67,49,85,85,84,73,73,73,73,83,83,83,86,99,99,99,95,95,90],"gold":302,"neow_bonus":"THREE_ENEMY_KILL","is_prod":false,"is_daily":false,"chose_seed":false,"campfire_upgraded":2,"win_rate":0,"timestamp":1544132629,"path_taken":["M","?","?","?","?","E","R","E","T","M","E","R","M","M","R","BOSS","M","M","M","$","M","E","R","E","T","R","E","M","M","?","R","BOSS","M","M","?","$","?","R","E","R","T","E","M","R","M","E","R","BOSS"],"build_version":"2018-11-15","purchased_purges":0,"victory":true,"max_hp_per_floor":[80,80,80,80,85,85,85,85,85,85,85,85,85,85,85,85,85,85,85,85,85,85,85,85,85,85,85,85,85,85,85,85,85,85,85,85,85,85,85,85,99,99,99,99,99,99,99,99,99,99],"card_choices":[{"not_picked":["Combust","Wild Strike"],"picked":"Armaments","floor":1.0},{"not_picked":["Rampage","Body Slam"],"picked":"Rage","floor":4.0},{"not_picked":["Searing Blow","Armaments"],"picked":"Uppercut","floor":6.0},{"not_picked":["Warcry","Sword Boomerang"],"picked":"Iron Wave","floor":8.0},{"not_picked":["Power Through","Havoc","Burning Pact"],"picked":"SKIP","floor":10.0},{"not_picked":["Fiend Fire","Iron Wave"],"picked":"Flex","floor":11.0},{"not_picked":["Hemokinesis","Evolve"],"picked":"Spot Weakness","floor":13.0},{"not_picked":["Body Slam","Havoc"],"picked":"Thunderclap","floor":14.0},{"not_picked":["Juggernaut","Bludgeon"],"picked":"Reaper","floor":16.0},{"not_picked":["Clash","Armaments","Blood for Blood"],"picked":"SKIP","floor":18.0},{"not_picked":["Thunderclap","Pommel Strike"],"picked":"Headbutt","floor":19.0},{"not_picked":["Brutality","Wild Strike+1"],"picked":"Thunderclap+1","floor":20.0},{"not_picked":["Flex","Armaments"],"picked":"Dropkick","floor":22.0},{"not_picked":["Brutality","True Grit","Metallicize"],"picked":"SKIP","floor":23.0},{"not_picked":["Rage","Headbutt","Entrench"],"picked":"SKIP","floor":25.0},{"not_picked":["Havoc","Twin Strike+1"],"picked":"Shrug It Off","floor":28.0},{"not_picked":["Twin Strike","Anger"],"picked":"Sword Boomerang","floor":29.0},{"not_picked":["Perfected Strike","Uppercut"],"picked":"Offering","floor":30.0},{"not_picked":["Immolate","Bludgeon"],"picked":"Double Tap","floor":33.0},{"not_picked":["Twin Strike","Rage","Body Slam"],"picked":"SKIP","floor":35},{"not_picked":["Headbutt","Combust"],"picked":"Pommel Strike","floor":36},{"not_picked":["Dramatic Entrance","Swift Strike"],"picked":"Dark Shackles","floor":39},{"not_picked":["Armaments+1","Wild Strike","Body Slam+1"],"picked":"SKIP","floor":41},{"not_picked":["Warcry+1","Corruption+1"],"picked":"Juggernaut","floor":44},{"not_picked":["Iron Wave+1","Sword Boomerang+1"],"picked":"Battle Trance+1","floor":45},{"not_picked":["Intimidate+1","Perfected Strike+1"],"picked":"Shrug It Off+1","floor":47},{"not_picked":["Sentinel+1","Warcry+1"],"picked":"Demon Form","floor":48}],"player_experience":135683,"relics_obtained":[{"floor":6.0,"key":"Peace Pipe"},{"floor":8.0,"key":"Happy Flower"},{"floor":9.0,"key":"Gambling Chip"},{"floor":11.0,"key":"Magic Flower"},{"floor":23.0,"key":"Ancient Tea Set"},{"floor":25.0,"key":"Anchor"},{"floor":26.0,"key":"Lantern"},{"floor":28.0,"key":"Letter Opener"},{"floor":41,"key":"Mango"},{"floor":43,"key":"Self Forming Clay"},{"floor":44,"key":"Toxic Egg 2"},{"floor":48,"key":"Omamori"}],"event_choices":[{"damage_healed":0.0,"max_hp_gain":0.0,"max_hp_loss":0.0,"gold_gain":0.0,"event_name":"Living Wall","player_choice":"Grow","floor":2.0,"gold_loss":0.0,"damage_taken":0.0,"cards_upgraded":["Armaments"]},{"damage_healed":0.0,"max_hp_gain":0.0,"max_hp_loss":0.0,"gold_gain":0.0,"event_name":"Wheel of Change","player_choice":"Cursed","floor":3.0,"gold_loss":0.0,"damage_taken":0.0,"cards_obtained":["Decay"]},{"damage_healed":0.0,"max_hp_gain":5.0,"max_hp_loss":0.0,"gold_gain":0.0,"event_name":"Big Fish","player_choice":"Donut","floor":5.0,"gold_loss":0.0,"damage_taken":0.0},{"damage_healed":0.0,"max_hp_gain":0.0,"max_hp_loss":0.0,"gold_gain":0.0,"event_name":"Drug Dealer","player_choice":"Inject Mutagens","floor":31.0,"gold_loss":0.0,"damage_taken":0.0,"relics_obtained":["MutagenicStrength"]},{"damage_healed":0,"gold_gain":0,"player_choice":"Embrace Madness","damage_taken":11,"max_hp_gain":0,"max_hp_loss":0,"event_name":"Winding Halls","floor":37,"gold_loss":0,"cards_obtained":["Madness","Madness"]},{"damage_healed":0,"gold_gain":0,"player_choice":"Memory 1","damage_taken":0,"max_hp_gain":0,"max_hp_loss":0,"event_name":"SensoryStone","floor":39,"gold_loss":0}],"is_beta":false,"boss_relics":[{"not_picked":["Empty Cage","Snecko Eye"],"picked":"Fusion Hammer"},{"not_picked":["Runic Dome","Coffee Dripper"],"picked":"Cursed Key"}],"items_purged_floors":[],"is_endless":false,"potions_floor_spawned":[4,8,13,14,18,19,20,23,29,44,45,47],"ascension_level":3}