{"path_per_floor":["M","?","M","?","M","R","E","M","T","R","M","?","R","M","R","B",null,"M","$","?","M","?","E","R","M","T","R","T","R","M","$","R"],"character_chosen":"IRONCLAD","items_purchased":["Secret Weapon"],"gold_per_floor":[12,12,27,27,43,43,78,89,135,135,148,148,148,160,160,264,264,274,14,14,28,28,58,58,77,130,130,130,130,148,48,48,48],"floor_reached":33,"campfire_rested":3,"playtime":1458,"current_hp_per_floor":[80,80,80,80,80,80,61,53,53,53,54,54,54,37,61,9,80,56,56,56,54,54,16,40,30,37,37,37,37,22,22,48,0],"items_purged":["Strike_R","Strike_R"],"gold":48,"score":265,"play_id":"860bb64b-f1d4-4d7a-a548-a68b50eafdac","local_time":"20180326225902","is_prod":false,"is_daily":false,"is_ascension_mode":false,"campfire_upgraded":5,"timestamp":1522123142,"path_taken":["M","?","M","?","?","R","E","M","T","R","M","?","R","M","R","BOSS","M","$","?","M","?","E","R","M","T","R","?","R","M","?","R","BOSS"],"build_version":"2018-03-25","purchased_purges":2,"victory":false,"master_deck":["Strike_R","Strike_R","Strike_R","Defend_R","Defend_R","Defend_R+1","Bash+1","Double Tap+1","Shrug It Off+1","Rampage+1","Shrug It Off","Dropkick","Double Tap+1","Shrug It Off+1","Secret Weapon+1","Writhe","Warcry","Warcry"],"max_hp_per_floor":[80,80,80,80,80,80,80,80,80,80,80,80,80,80,80,80,80,80,80,80,80,80,80,80,80,87,87,87,87,87,87,87,87],"relics":["Burning Blood","War Paint","Black Star","Nloth\u0027s Gift","Prayer Wheel","Anchor","Bag of Preparation","Strawberry","Pen Nib"],"card_choices":[{"not_picked":["Feed","Demon Form"],"picked":"Double Tap","floor":0},{"not_picked":["Warcry","Metallicize"],"picked":"Shrug It Off","floor":1},{"not_picked":["Disarm","Metallicize"],"picked":"Rampage","floor":3},{"not_picked":["Fiend Fire","Armaments"],"picked":"Shrug It Off","floor":7},{"not_picked":["Searing Blow","Seeing Red"],"picked":"Dropkick","floor":14},{"not_picked":["Fiend Fire","Reaper"],"picked":"Double Tap","floor":16},{"not_picked":["Intimidate","Havoc"],"picked":"Shrug It Off","floor":18},{"not_picked":["Corruption","Second Wind"],"picked":"Warcry","floor":25},{"not_picked":["Pommel Strike","Iron Wave"],"picked":"Warcry","floor":26}],"player_experience":156483,"potions_floor_usage":[7,7,14,16,21,21,25],"damage_taken":[{"damage":3,"enemies":"Small Slimes","floor":1,"turns":3},{"damage":6,"enemies":"Jaw Worm","floor":3,"turns":4},{"damage":0,"enemies":"2 Louse","floor":5,"turns":3},{"damage":34,"enemies":"Lagavulin","floor":7,"turns":8},{"damage":14,"enemies":"Exordium Thugs","floor":8,"turns":7},{"damage":5,"enemies":"Blue Slaver","floor":11,"turns":4},{"damage":23,"enemies":"Lots of Slimes","floor":14,"turns":4},{"damage":58,"enemies":"The Guardian","floor":16,"turns":10},{"damage":30,"enemies":"Shell Parasite","floor":18,"turns":5},{"damage":8,"enemies":"Spheric Guardian","floor":21,"turns":6},{"damage":44,"enemies":"Book of Stabbing","floor":23,"turns":6},{"damage":16,"enemies":"Snake Plant","floor":25,"turns":4},{"damage":21,"enemies":"Snecko","floor":30,"turns":5},{"damage":57,"enemies":"Automaton","floor":33,"turns":10}],"event_choices":[{"event_name":"The Cleric","player_choice":"Leave","floor":2,"damage_taken":0},{"event_name":"Living Wall","player_choice":"Forget","floor":4,"damage_taken":0},{"event_name":"The Woman in Blue","player_choice":"Bought 0 Potions","floor":12,"damage_taken":0},{"event_name":"N\u0027loth","player_choice":"Traded a Blue Candle","floor":20,"damage_taken":0},{"event_name":"The Mausoleum","player_choice":"Yes","floor":22,"damage_taken":0}],"boss_relics":[{"not_picked":["Question Card","Velvet Choker"],"picked":"Black Star"}],"potions_floor_spawned":[3,5,11,14,16,18,23,25],"seed_played":"-4248556372089697053","killed_by":"Automaton","ascension_level":0,"is_trial":false}