{"gold_per_floor":[117,117,117,39,51,51,51,51,77,94,106,120,137,63,63,160,160,174,193,193,373,385,385,56,56,56,69,82,82,93,111,111,215,215,231,248,1,21,36,56,56,56,56,85,96,96,196,209,209,209],"floor_reached":51,"playtime":2573,"items_purged":[],"score":675,"play_id":"57fb86b3-b385-4dd4-a885-844f72aee41a","local_time":"20190516034427","is_ascension_mode":false,"campfire_choices":[{"data":"Defragment","floor":6,"key":"SMITH"},{"data":"Zap","floor":8,"key":"SMITH"},{"data":"Storm","floor":15,"key":"SMITH"},{"data":"Defragment","floor":23,"key":"SMITH"},{"data":"Dualcast","floor":25,"key":"SMITH"},{"data":"Electrodynamics","floor":29,"key":"SMITH"},{"data":"Biased Cognition","floor":32,"key":"SMITH"},{"data":"Amplify","floor":42,"key":"SMITH"},{"data":"Thunder Strike","floor":46,"key":"SMITH"},{"data":"Loop","floor":49,"key":"SMITH"}],"neow_cost":"PERCENT_DAMAGE","seed_source_timestamp":7194784813759,"circlet_count":0,"master_deck":["Strike_B","Strike_B","Strike_B","Strike_B","Defend_B","Defend_B","Defend_B","Defend_B","Zap+1","Dualcast+1","Defragment+1","Defragment+1","Coolheaded","Cold Snap","Electrodynamics+1","Recycle","Storm+1","Biased Cognition+1","Ball Lightning","Loop+1","Self Repair+1","Leap+1","Creative AI+1","Thunder Strike+1","Chaos+1","Defragment+1","Magnetism+1","Storm+1","Amplify+1","Ball Lightning","White Noise+1","Creative AI+1","Static Discharge+1"],"relics":["Cracked Core","Bird Faced Urn","Gremlin Horn","Anchor","Strawberry","Philosopher\u0027s Stone","Frozen Egg 2","Emotion Chip","Coffee Dripper","Singing Bowl","Bottled Tornado","Prayer Wheel"],"potions_floor_usage":[13,22,33,40,44,44,50,50,50],"damage_taken":[{"damage":0,"enemies":"Small Slimes","floor":1,"turns":3},{"damage":0,"enemies":"Jaw Worm","floor":5,"turns":3},{"damage":0,"enemies":"Cultist","floor":10,"turns":3},{"damage":0,"enemies":"Exordium Thugs","floor":11,"turns":4},{"damage":1,"enemies":"Large Slime","floor":12,"turns":3},{"damage":1,"enemies":"Lots of Slimes","floor":13,"turns":2},{"damage":13,"enemies":"Slime Boss","floor":16,"turns":7},{"damage":2,"enemies":"Spheric Guardian","floor":18,"turns":3},{"damage":12,"enemies":"2 Thieves","floor":19,"turns":2},{"damage":0,"enemies":"3 Cultists","floor":22,"turns":2},{"damage":17,"enemies":"Shelled Parasite and Fungi","floor":27,"turns":3},{"damage":0,"enemies":"Cultist and Chosen","floor":28,"turns":5},{"damage":16,"enemies":"Snecko","floor":30,"turns":3},{"damage":0,"enemies":"Centurion and Healer","floor":31,"turns":2},{"damage":23,"enemies":"Collector","floor":33,"turns":6},{"damage":1,"enemies":"Orb Walker","floor":35,"turns":2},{"damage":0,"enemies":"3 Shapes","floor":36,"turns":4},{"damage":9,"enemies":"Writhing Mass","floor":38,"turns":3},{"damage":2,"enemies":"4 Shapes","floor":39,"turns":3},{"damage":0,"enemies":"Transient","floor":40,"turns":5},{"damage":4,"enemies":"Giant Head","floor":44,"turns":2},{"damage":5,"enemies":"Sphere and 2 Shapes","floor":45,"turns":2},{"damage":24,"enemies":"Mind Bloom Boss Battle","floor":47,"turns":3},{"damage":0,"enemies":"3 Darklings","floor":48,"turns":1},{"damage":44,"enemies":"Time Eater","floor":50,"turns":4}],"seed_played":"-8223588164799957104","potions_obtained":[{"floor":1,"key":"PowerPotion"},{"floor":10,"key":"AttackPotion"},{"floor":16,"key":"GamblersBrew"},{"floor":19,"key":"LiquidBronze"},{"floor":27,"key":"Fire Potion"},{"floor":30,"key":"Regen Potion"},{"floor":35,"key":"SteroidPotion"},{"floor":36,"key":"Ancient Potion"},{"floor":40,"key":"SteroidPotion"},{"floor":44,"key":"FocusPotion"},{"floor":47,"key":"FocusPotion"}],"is_trial":false,"path_per_floor":["M","?","?","$","M","R","$","R","T","M","M","M","M","$","R","B",null,"M","M","?","?","M","R","$","R","T","M","M","R","M","M","R","B",null,"M","M","$","M","M","M","?","R","T","E","M","R","?","M","R","B",null],"character_chosen":"DEFECT","items_purchased":["Defragment","Storm","Frozen Egg 2","Self Repair+1","Magnetism+1","Storm+1"],"campfire_rested":0,"item_purchase_floors":[4,14,24,24,37,37],"current_hp_per_floor":[54,36,36,36,40,40,40,40,47,51,55,60,65,65,65,60,82,82,72,72,48,56,56,56,56,56,59,81,81,68,82,82,82,82,82,82,82,82,82,82,82,82,82,80,81,81,64,76,76,52],"gold":209,"neow_bonus":"ONE_RARE_RELIC","is_prod":false,"is_daily":false,"chose_seed":false,"campfire_upgraded":10,"win_rate":0,"timestamp":1557999867,"path_taken":["M","?","?","$","M","R","$","R","T","?","M","M","M","$","R","BOSS","M","M","?","?","M","R","$","R","T","M","M","R","?","M","R","BOSS","M","M","$","?","?","M","?","R","T","E","?","R","?","M","R","BOSS"],"build_version":"2019-01-23","purchased_purges":0,"victory":true,"max_hp_per_floor":[75,75,75,75,75,75,75,75,82,82,82,82,82,82,82,82,82,82,82,82,82,82,82,82,82,82,82,82,82,82,82,82,82,82,82,82,82,82,82,82,82,82,82,82,82,82,82,86,86,86],"card_choices":[{"not_picked":["Scrape","Chill"],"picked":"Defragment","floor":1},{"not_picked":["Skim","Leap"],"picked":"Coolheaded","floor":5},{"not_picked":["Conserve Battery","Stack"],"picked":"Cold Snap","floor":10},{"not_picked":["Ball Lightning","Sunder"],"picked":"Electrodynamics","floor":11},{"not_picked":["Auto Shields","Streamline","Rebound"],"picked":"SKIP","floor":12},{"not_picked":["Redo","Leap"],"picked":"Recycle","floor":13},{"not_picked":["Thunder Strike","Multi-Cast"],"picked":"Biased Cognition","floor":16},{"not_picked":["Conserve Battery+1","Cold Snap"],"picked":"Ball Lightning","floor":18},{"not_picked":["Streamline","Turbo","Chill"],"picked":"SKIP","floor":19},{"not_picked":["Hologram","Scrape+1"],"picked":"Loop","floor":22},{"not_picked":["Coolheaded","Streamline+1"],"picked":"Leap+1","floor":27},{"not_picked":["Steam Power","Redo","Rebound"],"picked":"SKIP","floor":28},{"not_picked":["Scrape","Redo","Genetic Algorithm"],"picked":"SKIP","floor":30},{"not_picked":["Beam Cell","Compile Driver"],"picked":"Creative AI+1","floor":31},{"not_picked":["All For One","Reboot"],"picked":"Thunder Strike","floor":33},{"not_picked":["Go for the Eyes","Force Field+1"],"picked":"Chaos+1","floor":35},{"not_picked":["Rebound+1","Stack+1"],"picked":"Defragment+1","floor":36},{"not_picked":["Compile Driver","Stack+1","Undo+1"],"picked":"SKIP","floor":38},{"not_picked":["Redo","Ball Lightning"],"picked":"Amplify","floor":39},{"not_picked":["Rebound","Cold Snap"],"picked":"Ball Lightning","floor":40},{"not_picked":["Static Discharge+1","Cold Snap+1"],"picked":"White Noise+1","floor":44},{"not_picked":["Gash+1","Skim"],"picked":"Creative AI+1","floor":45},{"not_picked":["Genetic Algorithm+1","Ball Lightning"],"picked":"Static Discharge+1","floor":47},{"not_picked":["Turbo","Steam+1","Auto Shields+1"],"picked":"Singing Bowl","floor":48},{"not_picked":["Turbo","Blizzard+1","Beam Cell+1"],"picked":"Singing Bowl","floor":48}],"player_experience":1417415,"relics_obtained":[{"floor":9,"key":"Strawberry"},{"floor":26,"key":"Emotion Chip"},{"floor":43,"key":"Singing Bowl"},{"floor":44,"key":"Bottled Tornado"},{"floor":47,"key":"Prayer Wheel"}],"event_choices":[{"damage_healed":0,"gold_gain":0,"player_choice":"Success","damage_taken":18,"relics_obtained":["Gremlin Horn"],"max_hp_gain":0,"max_hp_loss":0,"event_name":"Scrap Ooze","floor":2,"gold_loss":0},{"damage_healed":0,"gold_gain":0,"player_choice":"Gave Potion","damage_taken":0,"relics_obtained":["Anchor"],"max_hp_gain":0,"max_hp_loss":0,"event_name":"WeMeetAgain","floor":3,"gold_loss":0},{"damage_healed":0,"gold_gain":0,"player_choice":"Ignored","damage_taken":0,"max_hp_gain":0,"max_hp_loss":0,"event_name":"Ghosts","floor":20,"gold_loss":0},{"damage_healed":0,"gold_gain":180,"player_choice":"GOLD GOLD ","damage_taken":24,"max_hp_gain":0,"max_hp_loss":0,"event_name":"Knowing Skull","floor":21,"potions_obtained":[],"gold_loss":0,"cards_obtained":[]},{"damage_healed":0,"gold_gain":0,"player_choice":"Got Potions","damage_taken":0,"max_hp_gain":0,"max_hp_loss":0,"event_name":"Lab","floor":41,"gold_loss":0},{"damage_healed":0,"gold_gain":0,"player_choice":"Fight","damage_taken":0,"max_hp_gain":0,"max_hp_loss":0,"event_name":"MindBloom","floor":47,"gold_loss":0}],"is_beta":false,"boss_relics":[{"not_picked":["Snecko Eye","Astrolabe"],"picked":"Philosopher\u0027s Stone"},{"not_picked":["Velvet Choker","Nuclear Battery"],"picked":"Coffee Dripper"}],"items_purged_floors":[],"is_endless":false,"potions_floor_spawned":[1,10,16,19,27,30,35,36,40,44,47],"ascension_level":0}