{"gold_per_floor":[218,228,243,243,216,216,248,248,294,45,75,91,108,128,128,227,227,241,25,45,58,58,58,90,90,90,90,106,205,205,232,232,334,334,352,368,368,384,384,384,417,417,417,417,432,83,115,115,115,115],"floor_reached":51,"playtime":2157,"items_purged":["Strike_B"],"score":1002,"play_id":"de2d78e0-2ac9-4fc2-8627-38c531d21a9d","local_time":"20180802224339","is_ascension_mode":true,"campfire_choices":[{"data":"Go for the Eyes","floor":6,"key":"SMITH"},{"data":"Streamline","floor":8,"key":"SMITH"},{"data":"Defragment","floor":15,"key":"SMITH"},{"data":"Defragment","floor":23,"key":"SMITH"},{"data":"Capacitor","floor":25,"key":"SMITH"},{"floor":27,"key":"REST"},{"data":"Loop","floor":30,"key":"SMITH"},{"data":"Rainbow","floor":32,"key":"SMITH"},{"floor":40,"key":"REST"},{"floor":42,"key":"REST"},{"floor":49,"key":"REST"}],"neow_cost":"NONE","seed_source_timestamp":17278022464729,"circlet_count":0,"master_deck":["Strike_B+1","Strike_B+1","Defend_B+1","Defend_B+1","Defend_B+1","Defend_B+1","Zap+1","Dualcast+1","Streamline+1","Go for the Eyes+1","Glacier+1","Turbo+1","Conserve Battery+1","Ball Lightning+1","Rainbow+1","Loop+1","Defragment+1","Capacitor+1","Electrodynamics+1","Skim+1","Defragment+1","Stack+1","Blizzard+1","Conserve Battery+1","Stack+1","Creative AI+1","Loop+1","Auto Shields+1","Stack+1","Coolheaded+1","Fission+1"],"relics":["Cracked Core","Blood Vial","Bag of Marbles","Bronze Scales","Meat on the Bone","Snecko Eye","Lantern","Pen Nib","Art of War","War Paint","Cursed Key","Boot","Bag of Preparation","Regal Pillow","Mark of the Bloom"],"potions_floor_usage":[7,16,24,24,28,35,47,50],"damage_taken":[{"damage":2,"enemies":"2 Louse","floor":1,"turns":3},{"damage":3,"enemies":"Small Slimes","floor":2,"turns":3},{"damage":18,"enemies":"Jaw Worm","floor":3,"turns":4},{"damage":1,"enemies":"Lagavulin","floor":7,"turns":7},{"damage":0,"enemies":"3 Sentries","floor":11,"turns":5},{"damage":3,"enemies":"3 Louse","floor":12,"turns":2},{"damage":15,"enemies":"Gremlin Gang","floor":13,"turns":3},{"damage":9,"enemies":"Red Slaver","floor":14,"turns":2},{"damage":3,"enemies":"Hexaghost","floor":16,"turns":8},{"damage":0,"enemies":"Chosen","floor":18,"turns":4},{"damage":11,"enemies":"2 Thieves","floor":20,"turns":3},{"damage":23,"enemies":"Centurion and Healer","floor":21,"turns":4},{"damage":3,"enemies":"Book of Stabbing","floor":24,"turns":4},{"damage":15,"enemies":"Snake Plant","floor":28,"turns":3},{"damage":0,"enemies":"Gremlin Leader","floor":31,"turns":6},{"damage":2,"enemies":"Automaton","floor":33,"turns":10},{"damage":35,"enemies":"3 Darklings","floor":35,"turns":4},{"damage":10,"enemies":"3 Shapes","floor":36,"turns":2},{"damage":34,"enemies":"Maw","floor":38,"turns":8},{"damage":0,"enemies":"Nemesis","floor":41,"turns":7},{"damage":0,"enemies":"Flame Bruiser 2 Orb","floor":45,"turns":4},{"damage":18,"enemies":"2 Orb Walkers","floor":47,"turns":4},{"damage":0,"enemies":"Awakened One","floor":50,"turns":16}],"seed_played":"-7537057860276816945","potions_obtained":[{"floor":1,"key":"PowerPotion"},{"floor":2,"key":"FearPotion"},{"floor":14,"key":"EssenceOfSteel"},{"floor":16,"key":"Energy Potion"},{"floor":20,"key":"LiquidBronze"},{"floor":24,"key":"Ancient Potion"},{"floor":28,"key":"Block Potion"},{"floor":35,"key":"EssenceOfSteel"},{"floor":41,"key":"FearPotion"},{"floor":47,"key":"SteroidPotion"}],"is_trial":false,"path_per_floor":["M","M","M","?","?","R","E","R","T","$","E","M","M","M","R","B",null,"M","$","M","M","?","R","E","R","T","R","M","?","R","E","R","B",null,"M","M","?","M","?","R","E","R","T","?","M","$","E","?","R","B"],"character_chosen":"DEFECT","items_purchased":["Bronze Scales","Conserve Battery","Ball Lightning","Defragment","Lantern","Bag of Preparation","Fire Potion","Stack","Coolheaded"],"campfire_rested":4,"item_purchase_floors":[10,10,10,19,19,46,46,46,46],"current_hp_per_floor":[73,70,52,52,52,52,51,51,51,51,53,52,39,44,44,43,75,75,75,64,43,43,43,42,42,42,64,51,51,51,53,53,53,75,40,44,44,24,24,46,48,70,70,70,72,72,56,56,56,56],"gold":115,"neow_bonus":"HUNDRED_GOLD","is_prod":false,"is_daily":false,"chose_seed":false,"campfire_upgraded":7,"win_rate":0,"timestamp":1533260619,"path_taken":["M","M","M","?","?","R","E","R","T","$","E","M","?","M","R","BOSS","M","$","M","?","?","R","E","R","T","R","?","?","R","E","R","BOSS","M","M","?","M","?","R","E","R","T","?","M","$","E","?","R","BOSS"],"build_version":"2018-07-12","purchased_purges":1,"victory":true,"max_hp_per_floor":[75,75,75,75,75,75,75,75,75,75,75,75,75,75,75,75,75,75,75,75,75,75,75,75,75,75,75,75,75,75,75,75,75,75,75,75,75,75,75,75,75,75,75,75,75,75,75,75,75,75],"card_choices":[{"not_picked":["Sweeping Beam","Gash"],"picked":"Streamline","floor":1},{"not_picked":["Streamline","Compile Driver"],"picked":"Go for the Eyes","floor":2},{"not_picked":["Heatsinks","Scrape"],"picked":"Glacier","floor":3},{"not_picked":["Streamline","Gash"],"picked":"Turbo","floor":7},{"not_picked":["Cold Snap","Skim"],"picked":"Rainbow","floor":11},{"not_picked":["Conserve Battery","Turbo"],"picked":"Loop","floor":12},{"not_picked":["Redo","Rebound"],"picked":"Defragment","floor":13},{"not_picked":["Core Surge","Turbo"],"picked":"Capacitor","floor":14},{"not_picked":["Rainbow","Reboot"],"picked":"Electrodynamics","floor":16},{"not_picked":["Coolheaded","Heatsinks"],"picked":"Skim+1","floor":18},{"not_picked":["Ball Lightning","Stack","Compile Driver"],"picked":"SKIP","floor":20},{"not_picked":["Ball Lightning","Compile Driver"],"picked":"Stack","floor":20},{"not_picked":["Sweeping Beam","Rip and Tear"],"picked":"Blizzard","floor":21},{"not_picked":["FTL+1","Lockon","Reprogram"],"picked":"SKIP","floor":24},{"not_picked":["Redo","Chill"],"picked":"Conserve Battery","floor":28},{"not_picked":["Streamline","Steam Power"],"picked":"Stack","floor":31},{"not_picked":["Seek","Core Surge"],"picked":"Creative AI","floor":33},{"not_picked":["Skim+1","Scrape"],"picked":"Loop+1","floor":35},{"not_picked":["Redo+1","Steam","Go for the Eyes+1"],"picked":"SKIP","floor":36},{"not_picked":["Hologram","Steam"],"picked":"Auto Shields+1","floor":38},{"not_picked":["Steam+1","Consume","Compile Driver"],"picked":"SKIP","floor":41},{"not_picked":["Redo","Ball Lightning","Beam Cell+1"],"picked":"SKIP","floor":45},{"not_picked":["Turbo","Steam Power"],"picked":"Fission","floor":47}],"player_experience":428457,"relics_obtained":[{"floor":7,"key":"Blood Vial"},{"floor":9,"key":"Bag of Marbles"},{"floor":11,"key":"Meat on the Bone"},{"floor":24,"key":"Pen Nib"},{"floor":26,"key":"Art of War"},{"floor":31,"key":"War Paint"},{"floor":41,"key":"Boot"},{"floor":47,"key":"Regal Pillow"}],"event_choices":[{"event_name":"Living Wall","player_choice":"Grow","floor":4,"damage_taken":0},{"event_name":"World of Goop","player_choice":"Left","floor":5,"damage_taken":0},{"event_name":"Beggar","player_choice":"Ignored","floor":22,"damage_taken":0},{"event_name":"Nest","player_choice":"Stole From Cult","floor":29,"damage_taken":0},{"event_name":"SensoryStone","player_choice":"Memory 1","floor":37,"damage_taken":0},{"event_name":"Falling","player_choice":"Removed Attack","floor":39,"damage_taken":0},{"event_name":"Mysterious Sphere","player_choice":"Ignore","floor":44,"damage_taken":0},{"event_name":"MindBloom","player_choice":"Upgrade","floor":48,"damage_taken":0}],"boss_relics":[{"not_picked":["Calling Bell","Ectoplasm"],"picked":"Snecko Eye"},{"not_picked":["Runic Pyramid","Empty Cage"],"picked":"Cursed Key"}],"items_purged_floors":[46],"is_endless":false,"potions_floor_spawned":[1,2,14,16,20,21,24,28,35,41,47],"ascension_level":3}