{"gold_per_floor":[118,118,138,29,29,29,53,92,92,92,92,167,167,208,208,302,302,317,331,349,329,329],"floor_reached":22,"playtime":626,"items_purged":[],"score":484,"play_id":"6418fa50-8de1-4c22-a10a-50f9c43da77e","local_time":"20190507231551","is_ascension_mode":true,"campfire_choices":[{"data":"Barrage","floor":6.0,"key":"SMITH"},{"data":"Capacitor","floor":11,"key":"SMITH"},{"floor":15,"key":"REST"}],"neow_cost":"NONE","seed_source_timestamp":204001097952954,"circlet_count":0,"master_deck":["AscendersBane","Strike_B","Strike_B","Strike_B","Strike_B","Defend_B","Defend_B","Defend_B","Defend_B","Zap+1","Dualcast","Glacier+1","Gash","Barrage+1","Capacitor+1","Cold Snap","Consume","White Noise","Electrodynamics","Compile Driver"],"special_seed":0,"relics":["Cracked Core","Golden Idol","Cables","Vajra","Lantern","Centennial Puzzle","Sozu"],"potions_floor_usage":[8,14,20],"damage_taken":[{"damage":2.0,"enemies":"Jaw Worm","floor":1.0,"turns":3.0},{"damage":2.0,"enemies":"Small Slimes","floor":3.0,"turns":4.0},{"damage":0.0,"enemies":"Cultist","floor":7.0,"turns":3.0},{"damage":22,"enemies":"Gremlin Nob","floor":8,"turns":4},{"damage":13,"enemies":"3 Sentries","floor":12,"turns":6},{"damage":8,"enemies":"3 Sentries","floor":14,"turns":6},{"damage":0,"enemies":"Slime Boss","floor":16,"turns":8},{"damage":8,"enemies":"Shell Parasite","floor":18,"turns":4},{"damage":5,"enemies":"2 Thieves","floor":19,"turns":3},{"damage":20,"enemies":"Shelled Parasite and Fungi","floor":20,"turns":6},{"damage":24,"enemies":"Centurion and Healer","floor":22,"turns":2}],"seed_played":"-7803717917407120604","potions_obtained":[{"floor":1.0,"key":"FearPotion"},{"floor":12,"key":"SteroidPotion"},{"floor":14,"key":"Block Potion"}],"is_trial":false,"path_per_floor":["M","?","M","$","?","R","M","E","T","?","R","?","?","E","R","B",null,"M","M","M","?","M"],"character_chosen":"DEFECT","items_purchased":["Barrage","SteroidPotion"],"campfire_rested":1,"item_purchase_floors":[4,4],"current_hp_per_floor":[62,62,60,60,60,60,60,38,38,38,38,25,25,17,36,36,57,49,44,24,24,0],"gold":329,"neow_bonus":"UPGRADE_CARD","is_prod":false,"is_daily":false,"chose_seed":false,"campfire_upgraded":2,"win_rate":0,"timestamp":1557281751,"path_taken":["M","?","M","$","?","R","M","E","T","?","R","?","?","E","R","BOSS","M","M","M","?","?"],"build_version":"2019-01-23","purchased_purges":0,"victory":false,"max_hp_per_floor":[71,71,71,71,64,64,64,64,64,64,64,64,64,64,64,64,64,64,64,64,64,64],"card_choices":[{"not_picked":["Auto Shields","Chill"],"picked":"Glacier","floor":1.0},{"not_picked":["Conserve Battery","Go for the Eyes"],"picked":"Gash","floor":3.0},{"not_picked":["Redo","Conserve Battery"],"picked":"Capacitor","floor":7.0},{"not_picked":["Hologram","Undo"],"picked":"Cold Snap","floor":8},{"not_picked":["Rebound","Hologram"],"picked":"Consume","floor":12},{"not_picked":["Meteor Strike","Steam"],"picked":"White Noise","floor":14},{"not_picked":["Amplify","Echo Form"],"picked":"Electrodynamics","floor":16},{"not_picked":["Cold Snap","Go for the Eyes","Rebound"],"picked":"SKIP","floor":18},{"not_picked":["Tempest+1","Cold Snap"],"picked":"Compile Driver","floor":19},{"not_picked":["BootSequence","Sunder","Redo"],"picked":"SKIP","floor":20}],"player_experience":2285256,"relics_obtained":[{"floor":8,"key":"Cables"},{"floor":9,"key":"Vajra"},{"floor":12,"key":"Lantern"},{"floor":14,"key":"Centennial Puzzle"}],"event_choices":[{"damage_healed":0.0,"max_hp_gain":0.0,"max_hp_loss":0.0,"gold_gain":0.0,"event_name":"Living Wall","player_choice":"Grow","floor":2.0,"gold_loss":0.0,"damage_taken":0.0,"cards_upgraded":["Glacier"]},{"damage_healed":0.0,"max_hp_gain":0.0,"max_hp_loss":7.0,"gold_gain":0.0,"event_name":"Golden Idol","player_choice":"Lose Max HP","floor":5.0,"gold_loss":0.0,"damage_taken":0.0,"relics_obtained":["Golden Idol"]},{"damage_healed":0,"gold_gain":0,"player_choice":"Ignored","damage_taken":0,"max_hp_gain":0,"max_hp_loss":0,"event_name":"Liars Game","floor":10,"gold_loss":0},{"damage_healed":0,"gold_gain":0,"player_choice":"Searched \u00271\u0027 times","damage_taken":0,"max_hp_gain":0,"max_hp_loss":0,"event_name":"Dead Adventurer","floor":12,"gold_loss":0},{"damage_healed":0,"gold_gain":0,"player_choice":"Ignored","damage_taken":0,"max_hp_gain":0,"max_hp_loss":0,"event_name":"Shining Light","floor":13,"gold_loss":0},{"damage_healed":0,"gold_gain":0,"player_choice":"Bought 1 Potion","damage_taken":0,"max_hp_gain":0,"max_hp_loss":0,"event_name":"The Woman in Blue","floor":21,"gold_loss":0}],"is_beta":false,"boss_relics":[{"not_picked":["Busted Crown","FrozenCore"],"picked":"Sozu"}],"items_purged_floors":[],"is_endless":false,"potions_floor_spawned":[1,12,14],"killed_by":"Centurion and Healer","ascension_level":20}