{"gold_per_floor":[216,226,236,253,218,243,254,254,278,528,77,89,105,131,131,205,205,219,219,239,22,97,97,111,136,136,136,156,156,156,176,176,176],"floor_reached":33,"playtime":1195,"items_purged":["Regret","Regret"],"score":460,"play_id":"58bd372d-8357-47b1-a4c7-df7814efe5cf","local_time":"20180830095017","is_ascension_mode":true,"campfire_choices":[{"data":"Zap","floor":8,"key":"SMITH"},{"floor":15,"key":"REST"},{"data":"Capacitor","floor":23,"key":"SMITH"},{"floor":27,"key":"REST"},{"floor":30,"key":"REST"},{"floor":32,"key":"REST"}],"neow_cost":"NONE","seed_source_timestamp":164338580825755,"circlet_count":0,"master_deck":["Strike_B","Strike_B","Strike_B","Strike_B","Defend_B+1","Defend_B","Defend_B","Defend_B","Zap+1","Dualcast","AscendersBane","Conserve Battery","Cold Snap","Rip and Tear","Ball Lightning","Chill","Master of Strategy","Cold Snap","Genetic Algorithm+1","Capacitor+1","Barrage","All For One","Go for the Eyes","Blizzard","Defragment","Reinforced Body"],"relics":["Cracked Core","Potion Belt","Pen Nib","Art of War","Anchor","Cursed Key","Symbiotic Virus","War Paint","Nilry\u0027s Codex"],"potions_floor_usage":[14,16,25,33,33,33],"damage_taken":[{"damage":2,"enemies":"Small Slimes","floor":1,"turns":4},{"damage":7,"enemies":"Jaw Worm","floor":2,"turns":5},{"damage":0,"enemies":"Cultist","floor":3,"turns":3},{"damage":6,"enemies":"Looter","floor":4,"turns":3},{"damage":21,"enemies":"3 Sentries","floor":6,"turns":9},{"damage":0,"enemies":"Red Slaver","floor":7,"turns":3},{"damage":0,"enemies":"Exordium Wildlife","floor":12,"turns":5},{"damage":11,"enemies":"Gremlin Gang","floor":13,"turns":5},{"damage":24,"enemies":"Gremlin Nob","floor":14,"turns":4},{"damage":17,"enemies":"Slime Boss","floor":16,"turns":7},{"damage":0,"enemies":"2 Thieves","floor":18,"turns":3},{"damage":0,"enemies":"Spheric Guardian","floor":20,"turns":2},{"damage":4,"enemies":"Cultist and Chosen","floor":24,"turns":6},{"damage":28,"enemies":"Gremlin Leader","floor":25,"turns":8},{"damage":2,"enemies":"Snecko","floor":28,"turns":6},{"damage":31,"enemies":"3 Cultists","floor":31,"turns":4},{"damage":59,"enemies":"Champ","floor":33,"turns":10}],"seed_played":"-7492465803151374535","potions_obtained":[{"floor":1,"key":"Block Potion"},{"floor":3,"key":"Fire Potion"},{"floor":6,"key":"Ancient Potion"},{"floor":12,"key":"LiquidBronze"},{"floor":18,"key":"Strength Potion"}],"is_trial":false,"path_per_floor":["M","M","M","M","?","E","M","R","T","?","$","M","M","E","R","B",null,"M","T","M","$","?","R","M","E","T","R","M","?","R","M","R"],"character_chosen":"DEFECT","items_purchased":["Art of War","Master of Strategy","Cold Snap","Blizzard","Dexterity Potion"],"campfire_rested":4,"item_purchase_floors":[11,11,11,21,21],"current_hp_per_floor":[66,59,59,53,71,50,50,50,50,50,50,50,39,15,37,20,61,61,61,61,61,54,54,50,22,22,44,42,26,48,17,39,0],"gold":176,"neow_bonus":"HUNDRED_GOLD","is_prod":false,"is_daily":false,"chose_seed":false,"campfire_upgraded":2,"win_rate":0,"timestamp":1535633417,"path_taken":["M","M","M","M","?","E","M","R","T","?","$","?","M","E","R","BOSS","M","?","M","$","?","R","M","E","T","R","M","?","R","M","R","BOSS"],"build_version":"2018-07-12","purchased_purges":2,"victory":false,"max_hp_per_floor":[75,75,75,75,75,75,75,75,75,75,75,75,75,75,75,75,75,75,75,75,75,75,75,75,75,75,75,75,75,75,75,75,75],"card_choices":[{"not_picked":["Chill","Capacitor"],"picked":"Conserve Battery","floor":1},{"not_picked":["Hello World","Steam"],"picked":"Cold Snap","floor":2},{"not_picked":["Force Field","Barrage"],"picked":"Rip and Tear","floor":3},{"not_picked":["Heatsinks","Beam Cell","Sweeping Beam"],"picked":"SKIP","floor":4},{"not_picked":["Gash","Conserve Battery"],"picked":"Ball Lightning","floor":6},{"not_picked":["Streamline","Thunder Strike"],"picked":"Chill","floor":7},{"not_picked":["Sweeping Beam","Rebound"],"picked":"Genetic Algorithm","floor":12},{"not_picked":["Auto Shields","Barrage"],"picked":"Capacitor","floor":13},{"not_picked":["Conserve Battery","Coolheaded"],"picked":"Barrage","floor":14},{"not_picked":["Buffer","Reboot"],"picked":"All For One","floor":16},{"not_picked":["Steam","Ball Lightning"],"picked":"Go for the Eyes","floor":18},{"not_picked":["Barrage+1","Gash","Melter"],"picked":"SKIP","floor":20},{"not_picked":["Streamline","Ball Lightning"],"picked":"Defragment","floor":24},{"not_picked":["Gash","Sweeping Beam","Fusion"],"picked":"SKIP","floor":25},{"not_picked":["Fusion+1","Compile Driver","FTL"],"picked":"SKIP","floor":28},{"not_picked":["Skim","Redo"],"picked":"Reinforced Body","floor":31}],"player_experience":755775,"relics_obtained":[{"floor":6,"key":"Potion Belt"},{"floor":9,"key":"Pen Nib"},{"floor":14,"key":"Anchor"},{"floor":19,"key":"Symbiotic Virus"},{"floor":25,"key":"War Paint"},{"floor":29,"key":"Nilry\u0027s Codex"}],"event_choices":[{"event_name":"The Cleric","player_choice":"Healed","floor":5,"damage_taken":0},{"event_name":"Golden Shrine","player_choice":"Desecrate","floor":10,"damage_taken":0},{"event_name":"FaceTrader","player_choice":"Touch","floor":22,"damage_taken":0},{"event_name":"Cursed Tome","player_choice":"Obtained Book","floor":29,"damage_taken":0}],"boss_relics":[{"not_picked":["Nuclear Battery","Orrery"],"picked":"Cursed Key"}],"items_purged_floors":[11,21],"is_endless":false,"potions_floor_spawned":[1,3,6,12,13,18],"killed_by":"Champ","ascension_level":13}