{"gold_per_floor":[115,127,127,145,158,158,183,193,193,193,209,209,222,252,252,252],"floor_reached":16,"playtime":857,"items_purged":[],"score":165,"play_id":"b53ad0eb-5ce4-4ced-b3d1-b73e42e595c0","local_time":"20181221215923","is_ascension_mode":true,"campfire_choices":[{"data":"Spot Weakness","floor":6.0,"key":"SMITH"},{"data":"Flame Barrier","floor":10.0,"key":"SMITH"},{"data":"Havoc","floor":12.0,"key":"SMITH"},{"floor":15.0,"key":"REST"}],"neow_cost":"NONE","seed_source_timestamp":37132909984095,"circlet_count":0,"master_deck":["Strike_R","Strike_R","Strike_R","Strike_R","Strike_R","Defend_R","Defend_R","Defend_R","Defend_R","Bash+1","Spot Weakness+1","Anger","True Grit","Flame Barrier+1","Havoc+1","Wild Strike","Flex","Pommel Strike","Feed"],"special_seed":0,"relics":["Burning Blood","NlothsMask","Self Forming Clay","PreservedInsect"],"potions_floor_usage":[16],"damage_taken":[{"damage":2.0,"enemies":"Jaw Worm","floor":1.0,"turns":3.0},{"damage":6.0,"enemies":"Cultist","floor":2.0,"turns":3.0},{"damage":0.0,"enemies":"2 Louse","floor":4.0,"turns":2.0},{"damage":5.0,"enemies":"Looter","floor":5.0,"turns":3.0},{"damage":28.0,"enemies":"3 Sentries","floor":7.0,"turns":8.0},{"damage":7.0,"enemies":"Exordium Thugs","floor":8.0,"turns":5.0},{"damage":4.0,"enemies":"2 Fungi Beasts","floor":11.0,"turns":2.0},{"damage":7.0,"enemies":"Lots of Slimes","floor":13.0,"turns":6.0},{"damage":31.0,"enemies":"Gremlin Nob","floor":14.0,"turns":5.0},{"damage":75,"enemies":"The Guardian","floor":16,"turns":13}],"seed_played":"-4026714814639772327","potions_obtained":[{"floor":1.0,"key":"Regen Potion"},{"floor":4.0,"key":"Explosive Potion"},{"floor":5.0,"key":"Dexterity Potion"}],"is_trial":false,"path_per_floor":["M","M","?","M","M","R","E","M","T","R","M","R","M","E","R","B"],"character_chosen":"IRONCLAD","items_purchased":[],"campfire_rested":1,"item_purchase_floors":[],"current_hp_per_floor":[76,76,76,80,80,80,58,57,57,57,59,59,58,33,57,0],"gold":252,"neow_bonus":"UPGRADE_CARD","is_prod":false,"is_daily":false,"chose_seed":false,"campfire_upgraded":3,"win_rate":0,"timestamp":1545447563,"path_taken":["M","M","?","?","M","R","E","M","T","R","M","R","M","E","R","BOSS"],"build_version":"2018-12-20","purchased_purges":0,"victory":false,"max_hp_per_floor":[80,80,80,80,80,80,80,80,80,80,80,80,80,80,80,80],"card_choices":[{"not_picked":["Cleave","Whirlwind"],"picked":"Spot Weakness","floor":1.0},{"not_picked":["Twin Strike","Wild Strike"],"picked":"Anger","floor":2.0},{"not_picked":["Evolve","Spot Weakness"],"picked":"True Grit","floor":4.0},{"not_picked":["Headbutt","Disarm"],"picked":"Flame Barrier","floor":5.0},{"not_picked":["True Grit","Warcry"],"picked":"Havoc","floor":7.0},{"not_picked":["Bludgeon","Body Slam"],"picked":"Wild Strike","floor":8.0},{"not_picked":["Twin Strike","Body Slam"],"picked":"Flex","floor":11.0},{"not_picked":["Blood for Blood","Clash"],"picked":"Pommel Strike","floor":13.0},{"not_picked":["Inflame","Searing Blow"],"picked":"Feed","floor":14.0}],"player_experience":173516,"relics_obtained":[{"floor":7.0,"key":"Self Forming Clay"},{"floor":14.0,"key":"PreservedInsect"}],"event_choices":[{"damage_healed":0.0,"max_hp_gain":0.0,"max_hp_loss":0.0,"gold_gain":0.0,"event_name":"FaceTrader","player_choice":"Trade","floor":3.0,"gold_loss":0.0,"damage_taken":0.0,"relics_obtained":["NlothsMask"]}],"is_beta":false,"boss_relics":[],"items_purged_floors":[],"is_endless":false,"potions_floor_spawned":[1,4,5,8],"killed_by":"The Guardian","ascension_level":9}