{"path_per_floor":["M","M","M","?","$","R","E","R","T","R","?","?","?","?","R","B",null,"M","?","M","M","?","R","$","?","T","M","R","M","R","M","R","B",null,"M","?"],"character_chosen":"DEFECT","items_purchased":["Capacitor","Capacitor","Toxic Egg 2"],"gold_per_floor":[112,130,145,145,96,96,125,125,207,207,157,157,215,215,215,319,319,334,334,349,366,466,466,125,125,179,196,196,212,212,225,225,320,320,334,334,334],"floor_reached":37,"campfire_rested":2,"playtime":1602,"current_hp_per_floor":[75,69,66,66,66,66,55,55,55,55,55,55,39,39,39,25,75,70,70,30,3,3,25,25,25,25,11,11,11,11,1,38,14,75,27,27,0],"items_purged":["Strike_B"],"gold":334,"score":365,"play_id":"39688211-6e9e-4fce-b2ee-483e897ada42","local_time":"20180503211126","is_prod":false,"is_daily":false,"chose_seed":false,"is_ascension_mode":false,"campfire_upgraded":6,"timestamp":1525399886,"path_taken":["M","M","M","?","$","R","E","R","T","R","?","?","?","?","R","BOSS","M","?","M","M","?","R","$","?","T","M","R","?","R","M","R","BOSS","M","?","M"],"build_version":"2018-05-01v2","seed_source_timestamp":93203520848559,"purchased_purges":1,"victory":false,"master_deck":["Strike_B","Strike_B","Defend_B","Defend_B","Defend_B+1","Defend_B+1","Zap+1","Dualcast+1","Consume+1","Tempest+1","Capacitor+1","Tempest+1","Creative AI+1","Heatsinks+1","Capacitor","Melter+1","Capacitor+1","Aggregate+1","Creative AI+1","Rebound+1","Injury"],"max_hp_per_floor":[75,75,75,75,75,75,75,75,75,75,75,75,75,75,75,75,75,75,75,75,75,75,75,75,75,75,75,75,75,75,75,75,75,75,75,75,75],"relics":["Cracked Core","Art of War","War Paint","Nuclear Battery","Toxic Egg 2","Nloth\u0027s Gift","Regal Pillow","Velvet Choker"],"card_choices":[{"not_picked":["Axe Kick","Self Repair"],"picked":"Consume","floor":2},{"not_picked":["Cold Snap","Hologram"],"picked":"Tempest","floor":3},{"not_picked":["Fusion","Genetic Algorithm"],"picked":"Tempest","floor":7},{"not_picked":["Seek","Biased Cognition"],"picked":"Creative AI","floor":16},{"not_picked":["Beam Cell","Hologram"],"picked":"Heatsinks","floor":18},{"not_picked":["Barrage","Capacitor"],"picked":"Melter","floor":27},{"not_picked":["FTL","Ball Lightning"],"picked":"Capacitor","floor":29},{"not_picked":["Loop","Heatsinks"],"picked":"Aggregate","floor":31},{"not_picked":["Multi-Cast","Thunder Strike"],"picked":"Creative AI","floor":33},{"not_picked":["Stack","Axe Kick"],"picked":"Rebound","floor":35}],"player_experience":189639,"potions_floor_usage":[13,33,33,33],"damage_taken":[{"damage":0,"enemies":"Small Slimes","floor":1,"turns":4},{"damage":6,"enemies":"2 Louse","floor":2,"turns":3},{"damage":3,"enemies":"Jaw Worm","floor":3,"turns":5},{"damage":11,"enemies":"Lagavulin","floor":7,"turns":5},{"damage":16,"enemies":"Gremlin Nob","floor":13,"turns":3},{"damage":14,"enemies":"Hexaghost","floor":16,"turns":7},{"damage":5,"enemies":"Spheric Guardian","floor":18,"turns":3},{"damage":40,"enemies":"2 Thieves","floor":20,"turns":4},{"damage":27,"enemies":"Snake Plant","floor":21,"turns":4},{"damage":14,"enemies":"Cultist and Chosen","floor":27,"turns":6},{"damage":0,"enemies":"Sentry and Sphere","floor":29,"turns":3},{"damage":10,"enemies":"Snecko","floor":31,"turns":3},{"damage":24,"enemies":"Collector","floor":33,"turns":6},{"damage":48,"enemies":"Flame Bruiser 1 Orb","floor":35,"turns":5},{"damage":34,"enemies":"3 Darklings","floor":37,"turns":2}],"event_choices":[{"event_name":"Living Wall","player_choice":"Grow","floor":4,"damage_taken":0},{"event_name":"The Cleric","player_choice":"Card Removal","floor":11,"damage_taken":0},{"event_name":"Liars Game","player_choice":"disagreed","floor":12,"damage_taken":0},{"event_name":"Dead Adventurer","player_choice":"Searched \u00272\u0027 times","floor":13,"damage_taken":0},{"event_name":"Upgrade Shrine","player_choice":"Upgraded","floor":14,"damage_taken":0},{"event_name":"Drug Dealer","player_choice":"Ignored","floor":19,"damage_taken":0},{"event_name":"Golden Shrine","player_choice":"Pray","floor":22,"damage_taken":0},{"event_name":"N\u0027loth","player_choice":"Traded a Kunai","floor":25,"damage_taken":0},{"event_name":"Accursed Blacksmith","player_choice":"Forge","floor":36,"damage_taken":0}],"boss_relics":[{"not_picked":["Pandora\u0027s Box","Black Star"],"picked":"Nuclear Battery"},{"not_picked":["Lizard Tail","White Beast Statue"],"picked":"Velvet Choker"}],"potions_floor_spawned":[3,7,18,31,33],"seed_played":"-2591574996846088430","killed_by":"3 Darklings","ascension_level":0,"is_trial":false}