{"gold_per_floor":[109,124,140,140,163,190,207,232,255,255,283,299,299,313,313,416,416,391,401,401],"floor_reached":20,"playtime":1262,"items_purged":[],"score":225,"play_id":"452c8200-f933-4862-b506-7309348197ba","local_time":"20180802043115","is_ascension_mode":true,"campfire_choices":[{"floor":10.0,"key":"REST"},{"floor":13.0,"key":"REST"},{"data":"Blizzard","floor":15.0,"key":"SMITH"}],"neow_cost":"","seed_source_timestamp":0,"circlet_count":0,"master_deck":["Strike_B","Strike_B","Strike_B","Strike_B","Defend_B","Defend_B","Defend_B","Defend_B","Zap","Dualcast+1","Rebound","Coolheaded","Self Repair","Blizzard+1","Hologram+1","Chill+1","Redo+1","Coolheaded+1","Hologram+1","Echo Form","Hello World","Glacier+1","Loop","Chaos+1"],"special_seed":0,"relics":["Cracked Core","Ancient Tea Set","Toxic Egg 2","Sundial","Bag of Marbles","Dream Catcher","Orrery"],"potions_floor_usage":[],"damage_taken":[{"damage":3.0,"enemies":"2 Louse","floor":1.0,"turns":3.0},{"damage":0.0,"enemies":"Small Slimes","floor":2.0,"turns":3.0},{"damage":0.0,"enemies":"Cultist","floor":3.0,"turns":4.0},{"damage":23.0,"enemies":"Gremlin Nob","floor":6.0,"turns":4.0},{"damage":12.0,"enemies":"Exordium Thugs","floor":7.0,"turns":4.0},{"damage":47.0,"enemies":"Lagavulin","floor":8.0,"turns":7.0},{"damage":29.0,"enemies":"Gremlin Nob","floor":11.0,"turns":4.0},{"damage":0.0,"enemies":"Lots of Slimes","floor":12.0,"turns":1.0},{"damage":0.0,"enemies":"Gremlin Gang","floor":14.0,"turns":9.0},{"damage":14.0,"enemies":"Hexaghost","floor":16.0,"turns":11.0},{"damage":18.0,"enemies":"2 Thieves","floor":18.0,"turns":5.0},{"damage":21.0,"enemies":"Spheric Guardian","floor":19.0,"turns":10.0},{"damage":22,"enemies":"3 Cultists","floor":20,"turns":5}],"seed_played":"8207057038439549297","potions_obtained":[{"floor":1.0,"key":"Dexterity Potion"},{"floor":3.0,"key":"Strength Potion"},{"floor":6.0,"key":"AttackPotion"},{"floor":12.0,"key":"AttackPotion"},{"floor":14.0,"key":"Poison Potion"},{"floor":19.0,"key":"Fire Potion"}],"is_trial":false,"path_per_floor":["M","M","M","?","T","E","M","E","T","R","E","M","R","M","R","B",null,"M","M"],"character_chosen":"DEFECT","items_purchased":[],"campfire_rested":2,"item_purchase_floors":[],"current_hp_per_floor":[72,72,72,72,72,56,51,11,11,33,11,11,33,40,40,33,75,64,50,28],"gold":401,"neow_bonus":"","is_prod":false,"is_daily":false,"chose_seed":false,"campfire_upgraded":1,"win_rate":0,"timestamp":1533202275,"path_taken":["M","M","M","?","?","E","M","E","T","R","E","M","R","M","R","BOSS","M","?","?"],"build_version":"2018-08-01","purchased_purges":0,"victory":false,"max_hp_per_floor":[75,75,75,75,75,75,75,75,75,75,75,75,75,75,75,75,75,75,75,75],"card_choices":[{"not_picked":["Darkness","Recycle"],"picked":"Rebound","floor":1.0},{"not_picked":["Consume","Streamline"],"picked":"Coolheaded","floor":2.0},{"not_picked":["Hologram","Undo"],"picked":"Self Repair","floor":3.0},{"not_picked":["Beam Cell","Turbo"],"picked":"Blizzard","floor":6.0},{"not_picked":["Beam Cell","Barrage"],"picked":"Hologram+1","floor":7.0},{"not_picked":["Buffer","Compile Driver"],"picked":"Chill+1","floor":8.0},{"not_picked":["Beam Cell","Stack+1"],"picked":"Redo+1","floor":11.0},{"not_picked":["Undo+1","Hologram+1"],"picked":"Coolheaded+1","floor":12.0},{"not_picked":["Turbo+1","Heatsinks"],"picked":"Hologram+1","floor":13.0},{"not_picked":["Streamline","Steam Power+1","Stack+1"],"picked":"SKIP","floor":14.0},{"not_picked":["Hyperbeam","Meteor Strike"],"picked":"Echo Form","floor":16.0},{"not_picked":["Turbo+1","Stack+1"],"picked":"Hello World","floor":17.0},{"not_picked":["Aggregate+1","Defragment"],"picked":"Glacier+1","floor":17.0},{"not_picked":["Consume+1","Turbo+1"],"picked":"Loop","floor":17.0},{"not_picked":["Reinforced Body+1","Conserve Battery+1"],"picked":"Chaos+1","floor":18.0},{"not_picked":["Rebound+1","Hologram+1","Go for the Eyes"],"picked":"SKIP","floor":19.0}],"player_experience":235340,"relics_obtained":[{"floor":5.0,"key":"Ancient Tea Set"},{"floor":6.0,"key":"Toxic Egg 2"},{"floor":8.0,"key":"Sundial"},{"floor":9.0,"key":"Bag of Marbles"},{"floor":11.0,"key":"Dream Catcher"}],"event_choices":[{"event_name":"Living Wall","player_choice":"Grow","floor":4.0,"damage_taken":0.0}],"is_beta":true,"boss_relics":[{"not_picked":["Black Star","Runic Dome"],"picked":"Orrery"}],"items_purged_floors":[],"is_endless":false,"potions_floor_spawned":[1,3,6,12,14,19],"killed_by":"3 Cultists","ascension_level":3}