{"gold_per_floor":[212,212,137,137,162,196,210,210,210,210,110,141,141,141],"floor_reached":14,"playtime":483,"items_purged":["Defend_B","Strike_B"],"score":110,"play_id":"45f2456a-2c90-4691-952c-92caac379e41","local_time":"20180701231719","is_ascension_mode":true,"campfire_choices":[{"data":"Zap","floor":8,"key":"SMITH"},{"data":"Dualcast","floor":10,"key":"SMITH"},{"data":"1","floor":13,"key":"LIFT"}],"neow_cost":"NONE","seed_source_timestamp":426731119837187,"circlet_count":0,"master_deck":["Strike_B","Strike_B","Strike_B","Defend_B","Defend_B","Zap+1","Dualcast+1","Force Field","Melter","Turbo","Self Repair","Blizzard"],"relics":["Cracked Core","Golden Idol","Pear","Gambling Chip","Girya"],"potions_floor_usage":[6,14,14],"damage_taken":[{"damage":2,"enemies":"Jaw Worm","floor":1,"turns":4},{"damage":0,"enemies":"Cultist","floor":5,"turns":3},{"damage":18,"enemies":"Gremlin Nob","floor":6,"turns":3},{"damage":0,"enemies":"2 Louse","floor":7,"turns":2},{"damage":25,"enemies":"3 Sentries","floor":12,"turns":9},{"damage":43,"enemies":"Lagavulin","floor":14,"turns":5}],"seed_played":"3847146107791828777","potions_obtained":[{"floor":5,"key":"SteroidPotion"},{"floor":6,"key":"EssenceOfSteel"},{"floor":12,"key":"SkillPotion"}],"is_trial":false,"path_per_floor":["M","?","$","?","M","E","M","R","T","R","$","E","R"],"character_chosen":"DEFECT","items_purchased":[],"campfire_rested":0,"item_purchase_floors":[],"current_hp_per_floor":[73,73,73,55,55,47,47,47,47,47,47,29,29,0],"gold":141,"neow_bonus":"HUNDRED_GOLD","is_prod":false,"is_daily":false,"chose_seed":false,"campfire_upgraded":2,"win_rate":0,"timestamp":1530505039,"path_taken":["M","?","$","?","M","E","M","R","T","R","?","E","R","E"],"build_version":"2018-06-29","purchased_purges":2,"victory":false,"max_hp_per_floor":[75,75,75,75,75,85,85,85,85,85,85,85,85,85],"card_choices":[{"not_picked":["Steam","Compile Driver","Streamline"],"picked":"SKIP","floor":1},{"not_picked":["Cold Snap","Ball Lightning"],"picked":"Melter","floor":5},{"not_picked":["Double Energy","Melter"],"picked":"Turbo","floor":6},{"not_picked":["Coolheaded","Heatsinks"],"picked":"Self Repair","floor":7},{"not_picked":["Darkness","Leap"],"picked":"Blizzard","floor":12}],"player_experience":228700,"relics_obtained":[{"floor":6,"key":"Pear"},{"floor":9,"key":"Gambling Chip"},{"floor":12,"key":"Girya"}],"event_choices":[{"event_name":"Transmorgrifier","player_choice":"Transform","floor":2,"damage_taken":0},{"event_name":"Golden Idol","player_choice":"Take Damage","floor":4,"damage_taken":0}],"boss_relics":[],"items_purged_floors":[3,11],"is_endless":false,"potions_floor_spawned":[5,6,12],"killed_by":"Lagavulin","ascension_level":3}