{"gold_per_floor":[12,12,32,32,52,52,82,97,97,22,22,48,6,6,6,6],"floor_reached":16,"playtime":342,"items_purged":[],"score":196,"play_id":"6f178897-1b22-4bd2-b814-f3cb70efdcb7","local_time":"20190513201723","is_ascension_mode":true,"campfire_choices":[{"data":"Juggernaut","floor":6.0,"key":"SMITH"},{"data":"Armaments","floor":15,"key":"SMITH"}],"neow_cost":"NO_GOLD","seed_source_timestamp":1594452032139350,"circlet_count":0,"master_deck":["AscendersBane","Strike_R","Strike_R","Defend_R","Defend_R+1","Defend_R+1","Defend_R","Bash","Evolve","Impervious","Juggernaut+1","Armaments+1","Battle Trance"],"special_seed":0,"relics":["Burning Blood","Bag of Marbles","Pantograph","Golden Idol"],"potions_floor_usage":[16],"damage_taken":[{"damage":12.0,"enemies":"Cultist","floor":1.0,"turns":4.0},{"damage":7.0,"enemies":"2 Louse","floor":3.0,"turns":3.0},{"damage":0.0,"enemies":"Small Slimes","floor":5.0,"turns":5.0},{"damage":6.0,"enemies":"Looter","floor":8.0,"turns":4.0},{"damage":22,"enemies":"Lagavulin","floor":12,"turns":9},{"damage":54,"enemies":"Hexaghost","floor":16,"turns":10}],"seed_played":"-6969934825508119811","potions_obtained":[{"floor":1.0,"key":"Energy Potion"},{"floor":3.0,"key":"GamblersBrew"}],"is_trial":false,"path_per_floor":["M","?","M","?","M","R","?","M","T","?","$","E","$","?","R","B"],"character_chosen":"IRONCLAD","items_purchased":["Battle Trance"],"campfire_rested":0,"item_purchase_floors":[13],"current_hp_per_floor":[62,39,38,38,44,44,44,44,44,44,44,28,28,28,28,0],"gold":6,"neow_bonus":"REMOVE_TWO","is_prod":false,"is_daily":false,"chose_seed":false,"campfire_upgraded":2,"win_rate":0,"timestamp":1557749843,"path_taken":["M","?","M","?","M","R","?","M","T","?","?","E","$","?","R","BOSS"],"build_version":"2019-01-23","purchased_purges":0,"victory":false,"max_hp_per_floor":[75,75,75,75,75,75,75,75,75,75,75,75,75,68,68,68],"card_choices":[{"not_picked":["Perfected Strike","Inflame"],"picked":"Body Slam","floor":1.0},{"not_picked":["Warcry","Perfected Strike"],"picked":"Evolve","floor":3.0},{"not_picked":["Headbutt","Twin Strike"],"picked":"Juggernaut","floor":5.0},{"not_picked":["Sentinel","Combust"],"picked":"Armaments","floor":8.0},{"not_picked":["Sword Boomerang","Searing Blow","Clothesline"],"picked":"SKIP","floor":12}],"player_experience":1963449,"relics_obtained":[{"floor":9.0,"key":"Bag of Marbles"},{"floor":12,"key":"Pantograph"}],"event_choices":[{"damage_healed":0.0,"max_hp_gain":0.0,"max_hp_loss":0.0,"gold_gain":0.0,"event_name":"Shining Light","player_choice":"Entered Light","floor":2.0,"gold_loss":0.0,"damage_taken":23.0,"cards_upgraded":["Defend_R","Defend_R"]},{"damage_healed":0.0,"max_hp_gain":0.0,"max_hp_loss":0.0,"gold_gain":0.0,"cards_transformed":["Body Slam"],"event_name":"Living Wall","player_choice":"Change","floor":4.0,"gold_loss":0.0,"damage_taken":0.0,"cards_obtained":["Impervious"]},{"damage_healed":0.0,"max_hp_gain":0.0,"max_hp_loss":0.0,"gold_gain":30.0,"event_name":"Dead Adventurer","player_choice":"Searched \u00271\u0027 times","floor":7.0,"gold_loss":0.0,"damage_taken":0.0},{"cards_removed":["Strike_R"],"damage_healed":0.0,"max_hp_gain":0.0,"max_hp_loss":0.0,"gold_gain":0.0,"event_name":"The Cleric","player_choice":"Card Removal","floor":10.0,"gold_loss":75.0,"damage_taken":0.0},{"damage_healed":0,"gold_gain":0,"player_choice":"Lose Max HP","damage_taken":0,"relics_obtained":["Golden Idol"],"max_hp_gain":0,"max_hp_loss":7,"event_name":"Golden Idol","floor":14,"gold_loss":0}],"is_beta":false,"boss_relics":[],"items_purged_floors":[],"is_endless":false,"potions_floor_spawned":[1,3],"killed_by":"Hexaghost","ascension_level":20}