{"gold_per_floor":[110,110,67,67,81,116,116,148,174,174,201,211,211,231,231,303,303,317,367,377,87,87,115,115,135,215,215,215,78,7,7,7,7],"floor_reached":33,"playtime":1481,"items_purged":[],"score":758,"play_id":"cd488820-9532-421f-ae26-58a1b5232fee","local_time":"20190509164054","is_ascension_mode":true,"campfire_choices":[{"floor":7,"key":"REST"},{"data":"Predator","floor":10,"key":"SMITH"},{"data":"Dash","floor":15,"key":"SMITH"},{"data":"RitualDagger","floor":24,"key":"SMITH"},{"floor":32,"key":"REST"}],"neow_cost":"NONE","seed_source_timestamp":411130844833700,"circlet_count":0,"master_deck":["AscendersBane","Defend_G","Defend_G","Defend_G","Defend_G","Strike_G","Strike_G","Survivor","Neutralize+1","Backstab","Quick Slash","Dagger Spray","Predator+1","Dash+1","Well Laid Plans","Crippling Poison","After Image","Venomology+1","Night Terror+1","Eviscerate+1","Cloak And Dagger","PiercingWail","RitualDagger+1","Cloak And Dagger+1","Backstab","Footwork"],"relics":["Ring of the Snake","Anchor","Pen Nib","Kunai","Art of War","Paper Crane","Astrolabe","Juzu Bracelet","Tiny Chest","Dream Catcher","Darkstone Periapt","The Courier","Regal Pillow","Boot"],"potions_floor_usage":[8,8,11,16,18,20,20,23,23,25,33],"damage_taken":[{"damage":0,"enemies":"Jaw Worm","floor":1,"turns":5},{"damage":0,"enemies":"2 Louse","floor":5,"turns":2},{"damage":14,"enemies":"3 Sentries","floor":6,"turns":8},{"damage":0,"enemies":"Gremlin Nob","floor":8,"turns":3},{"damage":0,"enemies":"3 Sentries","floor":11,"turns":6},{"damage":0,"enemies":"Cultist","floor":12,"turns":2},{"damage":0,"enemies":"Blue Slaver","floor":14,"turns":2},{"damage":0,"enemies":"The Guardian","floor":16,"turns":10},{"damage":0,"enemies":"Chosen","floor":18,"turns":2},{"damage":0,"enemies":"Spheric Guardian","floor":20,"turns":3},{"damage":9,"enemies":"Slavers","floor":23,"turns":6},{"damage":1,"enemies":"Snake Plant","floor":25,"turns":6},{"damage":98,"enemies":"Collector","floor":33,"turns":8}],"seed_played":"-5862669246037197524","potions_obtained":[{"floor":1,"key":"FearPotion"},{"floor":6,"key":"SteroidPotion"},{"floor":8,"key":"Explosive Potion"},{"floor":11,"key":"GamblersBrew"},{"floor":13,"key":"FearPotion"},{"floor":16,"key":"FearPotion"},{"floor":20,"key":"Ancient Potion"},{"floor":23,"key":"GhostInAJar"}],"is_trial":false,"path_per_floor":["M","?","?","?","M","E","R","E","T","R","E","M","?","M","R","B",null,"M","?","M","$","?","E","R","M","T","?","T","$","$","?","R","B"],"character_chosen":"THE_SILENT","items_purchased":["Juzu Bracelet","Tiny Chest","Regal Pillow","Footwork"],"campfire_rested":2,"item_purchase_floors":[21,21,29,30],"current_hp_per_floor":[59,59,59,59,59,45,64,64,64,64,64,64,64,64,64,64,66,66,60,60,60,54,45,45,44,44,44,44,44,44,44,66,0],"gold":7,"neow_bonus":"RANDOM_COMMON_RELIC","is_prod":false,"is_daily":false,"chose_seed":false,"campfire_upgraded":3,"win_rate":0,"timestamp":1557416454,"path_taken":["M","?","?","?","M","E","R","E","T","R","E","?","?","?","R","BOSS","M","?","M","?","?","E","R","M","T","?","?","?","$","?","R","BOSS"],"build_version":"2019-01-23","purchased_purges":0,"victory":false,"max_hp_per_floor":[66,66,66,66,66,66,66,66,66,66,66,66,66,66,66,66,66,66,66,66,66,66,66,66,66,66,66,66,66,66,66,66,66],"card_choices":[{"not_picked":["Well Laid Plans","Sucker Punch"],"picked":"Backstab","floor":1},{"not_picked":["Expertise","Blade Dance"],"picked":"Dagger Spray","floor":5},{"not_picked":["Deflect","Underhanded Strike","Tactician"],"picked":"SKIP","floor":6},{"not_picked":["Wraith Form v2","Accuracy"],"picked":"Predator","floor":8},{"not_picked":["Backflip","Prepared"],"picked":"Dash","floor":11},{"not_picked":["Catalyst","Dagger Spray"],"picked":"Well Laid Plans","floor":12},{"not_picked":["Dagger Throw","Backflip"],"picked":"Crippling Poison","floor":14},{"not_picked":["Unload","Night Terror"],"picked":"After Image","floor":16},{"not_picked":["Setup","Accuracy"],"picked":"Cloak And Dagger","floor":18},{"not_picked":["Flechettes+1","Cloak And Dagger"],"picked":"PiercingWail","floor":20},{"not_picked":["Bane","Acrobatics"],"picked":"Cloak And Dagger+1","floor":23},{"not_picked":["Endless Agony","Bouncing Flask"],"picked":"Backstab","floor":25}],"player_experience":503484,"relics_obtained":[{"floor":6,"key":"Pen Nib"},{"floor":8,"key":"Kunai"},{"floor":9,"key":"Art of War"},{"floor":11,"key":"Paper Crane"},{"floor":23,"key":"Dream Catcher"},{"floor":26,"key":"Darkstone Periapt"},{"floor":28,"key":"The Courier"}],"event_choices":[{"damage_healed":0,"gold_gain":0,"player_choice":"Grow","damage_taken":0,"max_hp_gain":0,"max_hp_loss":0,"event_name":"Living Wall","floor":2,"gold_loss":0,"cards_upgraded":["Neutralize"]},{"damage_healed":0,"gold_gain":0,"player_choice":"Left Gold","damage_taken":0,"max_hp_gain":0,"max_hp_loss":0,"event_name":"World of Goop","floor":3,"gold_loss":43},{"damage_healed":0,"gold_gain":0,"cards_transformed":["Strike_G"],"player_choice":"Transformed","damage_taken":0,"max_hp_gain":0,"max_hp_loss":0,"event_name":"Transmorgrifier","floor":4,"gold_loss":0,"cards_obtained":["Quick Slash"]},{"damage_healed":0,"gold_gain":0,"player_choice":"Got Potions","damage_taken":0,"max_hp_gain":0,"max_hp_loss":0,"event_name":"Lab","floor":13,"gold_loss":0},{"damage_healed":0,"gold_gain":50,"player_choice":"Touch","damage_taken":6,"max_hp_gain":0,"max_hp_loss":0,"event_name":"FaceTrader","floor":19,"gold_loss":0},{"damage_healed":0,"gold_gain":0,"player_choice":"Joined the Cult","damage_taken":6,"max_hp_gain":0,"max_hp_loss":0,"event_name":"Nest","floor":22,"gold_loss":0,"cards_obtained":["RitualDagger"]},{"damage_healed":0,"gold_gain":0,"player_choice":"Ignored","damage_taken":0,"max_hp_gain":0,"max_hp_loss":0,"event_name":"Vampires","floor":27,"gold_loss":0},{"damage_healed":0,"gold_gain":0,"player_choice":"Gave Potion","damage_taken":0,"relics_obtained":["Boot"],"max_hp_gain":0,"max_hp_loss":0,"event_name":"WeMeetAgain","floor":31,"gold_loss":0}],"is_beta":false,"boss_relics":[{"not_picked":["Busted Crown","HoveringKite"],"picked":"Astrolabe"}],"items_purged_floors":[],"is_endless":false,"potions_floor_spawned":[1,6,8,11,16,20,23],"killed_by":"Collector","ascension_level":20}