{"gold_per_floor":[366,376,376,394,404,404,414,414,414,414,489,102,118,137,137,211,211,229,229],"floor_reached":19,"playtime":1210,"items_purged":["Strike_R"],"score":372,"play_id":"a62b62ef-91a3-44a7-b18b-831baa076e00","local_time":"20190430115902","is_ascension_mode":true,"campfire_choices":[{"data":"Armaments","floor":6.0,"key":"SMITH"},{"data":"Bash","floor":8.0,"key":"SMITH"},{"data":"Deep Breath","floor":15.0,"key":"SMITH"}],"neow_cost":"PERCENT_DAMAGE","seed_source_timestamp":440389108622003,"circlet_count":0,"master_deck":["AscendersBane","Strike_R","Strike_R","Defend_R","Defend_R","Defend_R","Defend_R","Bash+1","Flame Barrier","Armaments+1","Evolve","Dropkick","Deep Breath+1","True Grit","Body Slam","Barricade+1","Rage"],"special_seed":0,"relics":["Burning Blood","Frozen Egg 2","Omamori","White Beast Statue"],"potions_floor_usage":[19,19],"damage_taken":[{"damage":7.0,"enemies":"Small Slimes","floor":1.0,"turns":7.0},{"damage":13.0,"enemies":"Cultist","floor":2.0,"turns":5.0},{"damage":4.0,"enemies":"Jaw Worm","floor":4.0,"turns":6.0},{"damage":1.0,"enemies":"Blue Slaver","floor":5.0,"turns":9.0},{"damage":17.0,"enemies":"Exordium Wildlife","floor":7.0,"turns":6.0},{"damage":0.0,"enemies":"Large Slime","floor":13.0,"turns":6.0},{"damage":9.0,"enemies":"Red Slaver","floor":14.0,"turns":4.0},{"damage":15.0,"enemies":"The Guardian","floor":16.0,"turns":11.0},{"damage":1.0,"enemies":"3 Byrds","floor":18.0,"turns":3.0},{"damage":68,"enemies":"Masked Bandits","floor":19,"turns":5}],"seed_played":"100857188975778192","potions_obtained":[{"floor":1.0,"key":"Energy Potion"},{"floor":4.0,"key":"Poison Potion"},{"floor":16.0,"key":"Poison Potion"},{"floor":18.0,"key":"Explosive Potion"}],"is_trial":false,"path_per_floor":["M","M","?","M","M","R","M","R","T","?","?","$","M","M","R","B",null,"M","?"],"character_chosen":"IRONCLAD","items_purchased":["Deep Breath","True Grit","Omamori"],"campfire_rested":0,"item_purchase_floors":[12,12,12],"current_hp_per_floor":[49,42,42,44,49,49,38,38,38,31,20,20,26,23,23,14,60,65,0],"gold":229,"neow_bonus":"TWO_FIFTY_GOLD","is_prod":false,"is_daily":false,"chose_seed":false,"campfire_upgraded":3,"win_rate":0,"timestamp":1556596742,"path_taken":["M","M","?","?","M","R","?","R","T","?","?","?","?","M","R","BOSS","M","?"],"build_version":"2019-01-23","purchased_purges":1,"victory":false,"max_hp_per_floor":[75,75,75,75,75,75,75,75,75,75,75,75,75,75,75,75,75,75,75],"card_choices":[{"not_picked":["Corruption","Intimidate"],"picked":"Flame Barrier","floor":1.0},{"not_picked":["Twin Strike","Dual Wield","Clothesline"],"picked":"SKIP","floor":2.0},{"not_picked":["Hemokinesis","Cleave"],"picked":"Armaments","floor":4.0},{"not_picked":["Pummel","Pommel Strike"],"picked":"Evolve","floor":5.0},{"not_picked":["Clothesline","Searing Blow"],"picked":"Dropkick","floor":7.0},{"not_picked":["Disarm","Thunderclap"],"picked":"Body Slam","floor":13.0},{"not_picked":["Perfected Strike","Clash","True Grit"],"picked":"SKIP","floor":14.0},{"not_picked":["Juggernaut+1","Double Tap"],"picked":"Barricade+1","floor":16.0},{"not_picked":["Flex+1","Warcry"],"picked":"Rage","floor":18.0}],"player_experience":1779953,"relics_obtained":[{"floor":9.0,"key":"Frozen Egg 2"}],"event_choices":[{"cards_removed":["Strike_R"],"damage_healed":0.0,"max_hp_gain":0.0,"max_hp_loss":0.0,"gold_gain":0.0,"event_name":"Bonfire Elementals","player_choice":"Offered Basic","floor":3.0,"gold_loss":0.0,"damage_taken":0.0},{"cards_removed":["Strike_R"],"damage_healed":0.0,"max_hp_gain":0.0,"max_hp_loss":0.0,"gold_gain":0.0,"event_name":"Golden Wing","player_choice":"Card Removal","floor":10.0,"gold_loss":0.0,"damage_taken":7.0},{"damage_healed":0.0,"max_hp_gain":0.0,"max_hp_loss":0.0,"gold_gain":75.0,"event_name":"World of Goop","player_choice":"Gather Gold","floor":11.0,"gold_loss":0.0,"damage_taken":11.0},{"damage_healed":0,"gold_gain":0,"player_choice":"Fought Bandits","damage_taken":0,"max_hp_gain":0,"max_hp_loss":0,"event_name":"Masked Bandits","floor":19,"gold_loss":0}],"is_beta":false,"boss_relics":[{"not_picked":["Eternal Feather","Mark of Pain"],"picked":"White Beast Statue"}],"items_purged_floors":[12],"is_endless":false,"potions_floor_spawned":[1,4,5,16,18],"killed_by":"Masked Bandits","ascension_level":20}