{"gold_per_floor":[115,40,40,190,190,220,220,295,347,347,379,391,391,416,416,493,493,503,51,51,51,0],"floor_reached":22,"playtime":744,"items_purged":["Strike_R","Strike_R"],"score":492,"play_id":"b3b37690-4a51-49f6-bed6-eeb15be5b4ed","local_time":"20190409164343","is_ascension_mode":true,"campfire_choices":[{"data":"Second Wind","floor":7.0,"key":"SMITH"},{"floor":10.0,"key":"REST"},{"data":"Havoc","floor":13.0,"key":"SMITH"},{"data":"Bash","floor":15.0,"key":"SMITH"}],"neow_cost":"NONE","seed_source_timestamp":22147289930387,"circlet_count":0,"master_deck":["AscendersBane","Strike_R","Strike_R","Strike_R","Defend_R","Defend_R","Defend_R","Defend_R+1","Bash+1","Armaments+1","Doubt","Second Wind+1","Havoc+1","Pummel","Barricade","Pommel Strike+1","Feel No Pain","Decay"],"special_seed":0,"relics":["Burning Blood","NeowsBlessing","Incense Burner","Oddly Smooth Stone","Pen Nib","Sundial","Dodecahedron","Sozu","Gremlin Horn"],"potions_floor_usage":[],"damage_taken":[{"damage":0.0,"enemies":"2 Louse","floor":1.0,"turns":1.0},{"damage":0.0,"enemies":"Lagavulin","floor":6.0,"turns":1.0},{"damage":0.0,"enemies":"3 Sentries","floor":11.0,"turns":1.0},{"damage":9.0,"enemies":"Small Slimes","floor":12.0,"turns":7.0},{"damage":10.0,"enemies":"Lagavulin","floor":14.0,"turns":7.0},{"damage":17.0,"enemies":"Slime Boss","floor":16.0,"turns":13.0},{"damage":51,"enemies":"3 Byrds","floor":18,"turns":9},{"damage":19,"enemies":"2 Thieves","floor":22,"turns":2}],"seed_played":"8952655288691090961","potions_obtained":[{"floor":6.0,"key":"Strength Potion"},{"floor":11.0,"key":"PowerPotion"},{"floor":14.0,"key":"Energy Potion"}],"is_trial":false,"path_per_floor":["M","$","?","?","?","E","R","?","T","R","E","M","R","E","R","B",null,"M","$","?","$","M"],"character_chosen":"IRONCLAD","items_purchased":["Gremlin Horn","Feel No Pain"],"campfire_rested":1,"item_purchase_floors":[19,19],"current_hp_per_floor":[74,74,51,51,6,12,12,1,1,23,29,26,26,22,22,11,59,14,14,14,14,0],"gold":0,"neow_bonus":"THREE_ENEMY_KILL","is_prod":false,"is_daily":false,"chose_seed":false,"campfire_upgraded":3,"win_rate":0,"timestamp":1554799423,"path_taken":["M","$","?","?","?","E","R","?","T","R","E","M","R","E","R","BOSS","M","$","?","?","M"],"build_version":"2019-01-23","purchased_purges":2,"victory":false,"max_hp_per_floor":[75,75,75,75,75,75,75,75,75,75,75,75,75,75,75,75,75,75,75,75,75,75],"card_choices":[{"not_picked":["Perfected Strike","Body Slam"],"picked":"Armaments","floor":1.0},{"not_picked":["Evolve","Ghostly Armor"],"picked":"Second Wind","floor":6.0},{"not_picked":["Searing Blow","Armaments"],"picked":"Havoc","floor":11.0},{"not_picked":["Intimidate","Thunderclap","Wild Strike"],"picked":"SKIP","floor":12.0},{"not_picked":["Clash","Entrench"],"picked":"Pummel","floor":14.0},{"not_picked":["Reaper","Berserk"],"picked":"Barricade","floor":16.0},{"not_picked":["Flex","Cleave"],"picked":"Pommel Strike+1","floor":18}],"player_experience":1557664,"relics_obtained":[{"floor":6.0,"key":"Oddly Smooth Stone"},{"floor":9.0,"key":"Pen Nib"},{"floor":11.0,"key":"Sundial"},{"floor":14.0,"key":"Dodecahedron"}],"event_choices":[{"damage_healed":0.0,"max_hp_gain":0.0,"max_hp_loss":0.0,"gold_gain":0.0,"event_name":"Shining Light","player_choice":"Entered Light","floor":3.0,"gold_loss":0.0,"damage_taken":23.0,"cards_upgraded":["Defend_R","Armaments"]},{"damage_healed":0.0,"max_hp_gain":0.0,"max_hp_loss":0.0,"gold_gain":150.0,"event_name":"Liars Game","player_choice":"AGREE","floor":4.0,"gold_loss":0.0,"damage_taken":0.0,"cards_obtained":["Doubt"]},{"damage_healed":0.0,"max_hp_gain":0.0,"max_hp_loss":0.0,"gold_gain":0.0,"event_name":"Scrap Ooze","player_choice":"Success","floor":5.0,"gold_loss":0.0,"damage_taken":45.0,"relics_obtained":["Incense Burner"]},{"damage_healed":0.0,"max_hp_gain":0.0,"max_hp_loss":0.0,"gold_gain":75.0,"event_name":"World of Goop","player_choice":"Gather Gold","floor":8.0,"gold_loss":0.0,"damage_taken":11.0},{"damage_healed":0,"gold_gain":0,"player_choice":"Smashed Altar","damage_taken":0,"max_hp_gain":0,"max_hp_loss":0,"event_name":"Forgotten Altar","floor":20,"gold_loss":0,"cards_obtained":["Decay"]}],"is_beta":false,"boss_relics":[{"not_picked":["Black Blood","Snecko Eye"],"picked":"Sozu"}],"items_purged_floors":[2,19],"is_endless":false,"potions_floor_spawned":[6,11,12,14,18],"killed_by":"2 Thieves","ascension_level":20}