{"gold_per_floor":[209,209,229,250,250,250,283,304,327,363,363,363,7,27,27,118,118,139,160,140,155,190,190,56,56,56,100,100,143,143,143],"floor_reached":31,"playtime":1086,"items_purged":["Strike_B","Strike_B"],"score":562,"play_id":"d6d4a830-c35a-4c3b-8783-1fc37bfeb103","local_time":"20190502200958","is_ascension_mode":true,"campfire_choices":[{"data":"Zap","floor":6.0,"key":"SMITH"},{"floor":11.0,"key":"REST"},{"data":"Hologram","floor":15.0,"key":"SMITH"},{"floor":23,"key":"REST"},{"floor":25,"key":"REST"},{"data":"Buffer","floor":28,"key":"SMITH"}],"neow_cost":"NONE","seed_source_timestamp":83179337107067,"circlet_count":0,"master_deck":["AscendersBane","Strike_B","Defend_B","Defend_B","Defend_B","Defend_B","Zap+1","Dualcast","Ball Lightning","Hologram+1","Barrage","Cold Snap","Undo","Echo Form","Chill","Coolheaded","Buffer+1","Sweeping Beam","Genetic Algorithm+1","Conserve Battery","Biased Cognition","White Noise","Seek"],"special_seed":0,"relics":["Cracked Core","Golden Idol","Strawberry","Omamori","Bag of Preparation","Membership Card","Cursed Key","Red Mask","Pantograph","PreservedInsect","Orichalcum"],"potions_floor_usage":[16,22,29],"damage_taken":[{"damage":0.0,"enemies":"Small Slimes","floor":1.0,"turns":3.0},{"damage":7.0,"enemies":"Jaw Worm","floor":3.0,"turns":2.0},{"damage":0.0,"enemies":"2 Louse","floor":4.0,"turns":3.0},{"damage":20.0,"enemies":"Lagavulin","floor":7.0,"turns":7.0},{"damage":16.0,"enemies":"Large Slime","floor":8.0,"turns":5.0},{"damage":18.0,"enemies":"3 Sentries","floor":10.0,"turns":7.0},{"damage":0.0,"enemies":"Lots of Slimes","floor":14.0,"turns":5.0},{"damage":11,"enemies":"The Guardian","floor":16,"turns":11},{"damage":0,"enemies":"Chosen","floor":18,"turns":7},{"damage":21,"enemies":"Shell Parasite","floor":19,"turns":5},{"damage":1,"enemies":"Snecko","floor":21,"turns":9},{"damage":27,"enemies":"Masked Bandits","floor":22,"turns":4},{"damage":9,"enemies":"Gremlin Leader","floor":27,"turns":7},{"damage":24,"enemies":"Book of Stabbing","floor":29,"turns":7},{"damage":18,"enemies":"3 Cultists","floor":31,"turns":6}],"seed_played":"-2605283301949618433","potions_obtained":[{"floor":3.0,"key":"FearPotion"},{"floor":7.0,"key":"FearPotion"},{"floor":16,"key":"Block Potion"},{"floor":20,"key":"PowerPotion"},{"floor":22,"key":"Weak Potion"}],"is_trial":false,"path_per_floor":["M","?","M","M","?","R","E","M","T","E","R","?","$","M","R","B",null,"M","M","?","M","?","R","$","R","T","E","R","E","T","M"],"character_chosen":"DEFECT","items_purchased":["Membership Card","Echo Form","Chill","Biased Cognition"],"campfire_rested":3,"item_purchase_floors":[13,13,13,24],"current_hp_per_floor":[64,64,57,57,57,57,44,28,28,10,31,24,24,24,24,13,57,57,36,36,35,8,29,29,50,50,41,41,17,17,0],"gold":143,"neow_bonus":"HUNDRED_GOLD","is_prod":false,"is_daily":false,"chose_seed":false,"campfire_upgraded":3,"win_rate":0,"timestamp":1556838598,"path_taken":["M","?","M","M","?","R","E","M","T","E","R","?","$","M","R","BOSS","M","M","?","?","?","R","$","R","T","E","R","E","?","?"],"build_version":"2019-01-23","purchased_purges":2,"victory":false,"max_hp_per_floor":[71,64,64,64,64,64,71,71,71,71,71,71,71,71,71,71,71,71,71,71,71,71,71,71,71,71,71,71,71,71,71],"card_choices":[{"not_picked":["Redo","Force Field"],"picked":"Ball Lightning","floor":1.0},{"not_picked":["Leap","Streamline"],"picked":"Hologram","floor":3.0},{"not_picked":["Conserve Battery","Gash"],"picked":"Barrage","floor":4.0},{"not_picked":["Redo","Fusion","White Noise"],"picked":"SKIP","floor":7.0},{"not_picked":["Gash","Rebound"],"picked":"Cold Snap","floor":8.0},{"not_picked":["BootSequence","Sweeping Beam"],"picked":"Undo","floor":10.0},{"not_picked":["Go for the Eyes","Cold Snap"],"picked":"Coolheaded","floor":14.0},{"not_picked":["Reboot","Amplify"],"picked":"Buffer","floor":16},{"not_picked":["Stack+1","Rebound"],"picked":"Sweeping Beam","floor":18},{"not_picked":["Hologram","Cold Snap"],"picked":"Genetic Algorithm+1","floor":19},{"not_picked":["Turbo","Cold Snap","Aggregate"],"picked":"SKIP","floor":21},{"not_picked":["Streamline","Coolheaded"],"picked":"Conserve Battery","floor":22},{"not_picked":["Conserve Battery","Turbo"],"picked":"White Noise","floor":27},{"not_picked":["Beam Cell","Conserve Battery"],"picked":"Seek","floor":29}],"player_experience":2245920,"relics_obtained":[{"floor":7.0,"key":"Strawberry"},{"floor":9.0,"key":"Omamori"},{"floor":10.0,"key":"Bag of Preparation"},{"floor":22,"key":"Red Mask"},{"floor":26,"key":"Pantograph"},{"floor":27,"key":"PreservedInsect"},{"floor":29,"key":"Orichalcum"}],"event_choices":[{"damage_healed":0.0,"max_hp_gain":0.0,"max_hp_loss":7.0,"gold_gain":0.0,"event_name":"Golden Idol","player_choice":"Lose Max HP","floor":2.0,"gold_loss":0.0,"damage_taken":0.0,"relics_obtained":["Golden Idol"]},{"damage_healed":0.0,"max_hp_gain":0.0,"max_hp_loss":0.0,"gold_gain":0.0,"event_name":"Liars Game","player_choice":"Ignored","floor":5.0,"gold_loss":0.0,"damage_taken":0.0},{"cards_removed":["Strike_B"],"damage_healed":0.0,"max_hp_gain":0.0,"max_hp_loss":0.0,"gold_gain":0.0,"event_name":"Golden Wing","player_choice":"Card Removal","floor":12.0,"gold_loss":0.0,"damage_taken":7.0},{"damage_healed":0,"gold_gain":0,"player_choice":"Bought 1 Potion","damage_taken":0,"max_hp_gain":0,"max_hp_loss":0,"event_name":"The Woman in Blue","floor":20,"gold_loss":0},{"damage_healed":0,"gold_gain":0,"player_choice":"Fought Bandits","damage_taken":0,"max_hp_gain":0,"max_hp_loss":0,"event_name":"Masked Bandits","floor":22,"gold_loss":0}],"is_beta":false,"boss_relics":[{"not_picked":["Lizard Tail","FrozenCore"],"picked":"Cursed Key"}],"items_purged_floors":[13,24],"is_endless":false,"potions_floor_spawned":[3,7,16,22],"killed_by":"3 Cultists","ascension_level":20}