{"gold_per_floor":[116,116,116,133,133,161,161,176,257,270,280,339,46,46,46,46],"floor_reached":16,"playtime":649,"items_purged":[],"score":155,"play_id":"b1312d5f-baa1-4f5b-a0c4-01e6e1f10d58","local_time":"20190510201935","is_ascension_mode":true,"campfire_choices":[{"floor":7,"key":"REST"},{"floor":15,"key":"REST"}],"neow_cost":"PERCENT_DAMAGE","seed_source_timestamp":511486905544900,"circlet_count":0,"master_deck":["Strike_B","Strike_B","Strike_B","Strike_B","Defend_B","Defend_B","Defend_B","Defend_B","Zap","Dualcast","Recycle","Conserve Battery","FTL","Self Repair","Hologram","Capacitor","Coolheaded+1","Parasite"],"relics":["Cracked Core","Juzu Bracelet","Gremlin Horn","Toxic Egg 2","Membership Card","PreservedInsect"],"potions_floor_usage":[6,12,16],"damage_taken":[{"damage":7,"enemies":"Jaw Worm","floor":1,"turns":3},{"damage":0,"enemies":"2 Louse","floor":4,"turns":2},{"damage":33,"enemies":"Lagavulin","floor":6,"turns":8},{"damage":0,"enemies":"Small Slimes","floor":8,"turns":3},{"damage":1,"enemies":"2 Fungi Beasts","floor":10,"turns":3},{"damage":4,"enemies":"Red Slaver","floor":11,"turns":3},{"damage":53,"enemies":"Lagavulin Event","floor":12,"turns":7},{"damage":69,"enemies":"Slime Boss","floor":16,"turns":12}],"seed_played":"7872986089222554572","potions_obtained":[{"floor":1,"key":"EssenceOfSteel"},{"floor":6,"key":"AttackPotion"},{"floor":12,"key":"Strength Potion"}],"is_trial":false,"path_per_floor":["M","?","$","M","?","E","R","M","T","M","M","?","$","?","R","B"],"character_chosen":"DEFECT","items_purchased":["Membership Card","Coolheaded+1","PreservedInsect"],"campfire_rested":2,"item_purchase_floors":[13,13,13],"current_hp_per_floor":[57,57,57,57,62,29,57,57,57,56,59,13,13,36,64,0],"gold":46,"neow_bonus":"TWENTY_PERCENT_HP_BONUS","is_prod":false,"is_daily":false,"chose_seed":false,"campfire_upgraded":0,"win_rate":0,"timestamp":1557515975,"path_taken":["M","?","?","?","?","E","R","M","T","M","M","?","$","?","R","BOSS"],"build_version":"2019-01-23","purchased_purges":0,"victory":false,"max_hp_per_floor":[89,89,89,89,94,94,94,94,94,94,94,94,94,94,94,94],"card_choices":[{"not_picked":["Barrage","Gash"],"picked":"Recycle","floor":1},{"not_picked":["Beam Cell","Steam","Meteor Strike"],"picked":"SKIP","floor":4},{"not_picked":["Aggregate","Chaos"],"picked":"Conserve Battery","floor":6},{"not_picked":["Barrage","Cold Snap"],"picked":"FTL","floor":8},{"not_picked":["Redo","Turbo"],"picked":"Self Repair","floor":10},{"not_picked":["Sweeping Beam","Turbo"],"picked":"Hologram","floor":11},{"not_picked":["Cold Snap","Gash"],"picked":"Capacitor","floor":12}],"player_experience":518551,"relics_obtained":[{"floor":6,"key":"Juzu Bracelet"},{"floor":9,"key":"Gremlin Horn"},{"floor":12,"key":"Toxic Egg 2"}],"event_choices":[{"damage_healed":0,"gold_gain":0,"player_choice":"Leave","damage_taken":0,"max_hp_gain":0,"max_hp_loss":0,"event_name":"The Cleric","floor":2,"gold_loss":0},{"damage_healed":0,"gold_gain":0,"player_choice":"Donut","damage_taken":0,"max_hp_gain":5,"max_hp_loss":0,"event_name":"Big Fish","floor":5,"gold_loss":0},{"damage_healed":0,"gold_gain":0,"player_choice":"Searched \u00271\u0027 times","damage_taken":0,"max_hp_gain":0,"max_hp_loss":0,"event_name":"Dead Adventurer","floor":12,"gold_loss":0},{"damage_healed":23,"gold_gain":0,"player_choice":"Healed and dodged fight","damage_taken":0,"max_hp_gain":0,"max_hp_loss":0,"event_name":"Mushrooms","floor":14,"gold_loss":0,"cards_obtained":["Parasite"]}],"is_beta":false,"boss_relics":[],"items_purged_floors":[],"is_endless":false,"potions_floor_spawned":[1,6,12],"killed_by":"Slime Boss","ascension_level":6}