{"gold_per_floor":[113,125,50,50,68,68,78,78,78,111,111,121,150,166,166,238,238,257,257,269,299,317,317,344,354,354,354,374,374,42,60,60,133,133,144,60,160,382,382,407,407,423,447,447,511,565,565,597,597,597,622,622,622,131,163,163],"floor_reached":57,"playtime":3188,"items_purged":[],"score":2790,"play_id":"49c57a6c-e39e-45ef-b9f7-e8c19fd8e367","local_time":"20190502211034","is_ascension_mode":true,"campfire_choices":[{"data":"Zap","floor":6.0,"key":"SMITH"},{"data":"Coolheaded","floor":8.0,"key":"SMITH"},{"data":"Buffer","floor":15.0,"key":"SMITH"},{"data":"Sunder","floor":23.0,"key":"SMITH"},{"data":"Hologram","floor":27.0,"key":"SMITH"},{"data":"Coolheaded","floor":32.0,"key":"SMITH"},{"data":"Coolheaded","floor":44.0,"key":"SMITH"},{"data":"Fission","floor":47.0,"key":"SMITH"},{"floor":49.0,"key":"RECALL"},{"data":"Chill","floor":53.0,"key":"SMITH"}],"neow_cost":"NONE","seed_source_timestamp":84615938766189,"circlet_count":0,"master_deck":["AscendersBane","Zap+1","Dualcast","Coolheaded+1","Reinforced Body","Ball Lightning+1","Conserve Battery","Buffer+1","Static Discharge+1","Leap","Biased Cognition+1","Chill+1","Sunder+1","Defragment+1","FTL+1","Genetic Algorithm","Hologram+1","Cold Snap","Coolheaded+1","Defragment+1","Go for the Eyes+1","Beam Cell+1","Core Surge+1","Self Repair+1","Rainbow","Loop+1","Blizzard+1","Capacitor+1","HandOfGreed+1","Coolheaded+1","Doom and Gloom+1","Fission+1"],"special_seed":0,"relics":["Cracked Core","NeowsBlessing","Ancient Tea Set","Meat on the Bone","Frozen Egg 2","Pandora\u0027s Box","Red Mask","Bird Faced Urn","Molten Egg 2","Question Card","Coffee Dripper","Unceasing Top","Pear","Blue Candle","Prayer Wheel","Whetstone","OrangePellets","Cables","Ornamental Fan"],"potions_floor_usage":[56,56,56,56],"damage_taken":[{"damage":0.0,"enemies":"Jaw Worm","floor":1.0,"turns":1.0},{"damage":0.0,"enemies":"2 Louse","floor":2.0,"turns":1.0},{"damage":0.0,"enemies":"Cultist","floor":5.0,"turns":1.0},{"damage":1.0,"enemies":"Looter","floor":7.0,"turns":3.0},{"damage":17.0,"enemies":"3 Sentries","floor":10.0,"turns":7.0},{"damage":4.0,"enemies":"Exordium Thugs","floor":12.0,"turns":4.0},{"damage":31.0,"enemies":"Gremlin Nob","floor":13.0,"turns":4.0},{"damage":1.0,"enemies":"Large Slime","floor":14.0,"turns":6.0},{"damage":38.0,"enemies":"Slime Boss","floor":16.0,"turns":11.0},{"damage":7.0,"enemies":"Shell Parasite","floor":18.0,"turns":6.0},{"damage":3.0,"enemies":"3 Byrds","floor":20.0,"turns":4.0},{"damage":0.0,"enemies":"Masked Bandits","floor":21.0,"turns":2.0},{"damage":0.0,"enemies":"Centurion and Healer","floor":22.0,"turns":9.0},{"damage":6.0,"enemies":"Book of Stabbing","floor":24.0,"turns":4.0},{"damage":3.0,"enemies":"Cultist and Chosen","floor":25.0,"turns":7.0},{"damage":27.0,"enemies":"3 Cultists","floor":28.0,"turns":5.0},{"damage":0.0,"enemies":"Snecko","floor":31.0,"turns":4.0},{"damage":8.0,"enemies":"Collector","floor":33.0,"turns":11.0},{"damage":3.0,"enemies":"3 Shapes","floor":35.0,"turns":5.0},{"damage":0.0,"enemies":"Mind Bloom Boss Battle","floor":37.0,"turns":5.0},{"damage":30.0,"enemies":"Reptomancer","floor":40.0,"turns":6.0},{"damage":0.0,"enemies":"Orb Walker","floor":42.0,"turns":6.0},{"damage":1.0,"enemies":"Jaw Worm Horde","floor":45.0,"turns":6.0},{"damage":0.0,"enemies":"Giant Head","floor":46.0,"turns":9.0},{"damage":3.0,"enemies":"Reptomancer","floor":48.0,"turns":6.0},{"damage":31.0,"enemies":"Time Eater","floor":50.0,"turns":15.0},{"damage":17.0,"enemies":"Awakened One","floor":51.0,"turns":17.0},{"damage":27.0,"enemies":"Shield and Spear","floor":55.0,"turns":8.0},{"damage":48,"enemies":"The Heart","floor":56,"turns":11}],"seed_played":"5651109807601531696","potions_obtained":[{"floor":2.0,"key":"Regen Potion"},{"floor":5.0,"key":"PowerPotion"},{"floor":14.0,"key":"LiquidBronze"},{"floor":18.0,"key":"AttackPotion"},{"floor":21.0,"key":"SteroidPotion"},{"floor":25.0,"key":"Poison Potion"},{"floor":28.0,"key":"Strength Potion"},{"floor":33.0,"key":"Poison Potion"},{"floor":42.0,"key":"Regen Potion"},{"floor":45.0,"key":"EntropicBrew"},{"floor":48.0,"key":"LiquidBronze"}],"is_trial":false,"path_per_floor":["M","M","?","?","M","R","M","R","T","E","?","M","E","M","R","B",null,"M","?","M","?","M","R","E","M","T","R","M","?","$","M","R","B",null,"M","$","?","?","?","E","?","M","T","R","M","E","R","E","R","B","B",null,"R","$","E","B",null],"character_chosen":"DEFECT","items_purchased":["Question Card","Dexterity Potion","Blizzard+1","OrangePellets","Cables"],"campfire_rested":0,"item_purchase_floors":[30,30,36,54,54],"current_hp_per_floor":[64,64,64,69,69,69,68,68,68,66,66,62,43,42,42,16,61,54,54,51,51,51,51,45,50,50,50,43,43,43,53,53,55,71,76,76,76,76,76,68,68,86,86,86,86,86,86,86,86,81,86,86,86,86,63,51],"gold":163,"neow_bonus":"THREE_ENEMY_KILL","is_prod":false,"is_daily":false,"chose_seed":false,"campfire_upgraded":9,"win_rate":0,"timestamp":1556842234,"path_taken":["M","M","?","?","M","R","M","R","T","E","?","M","E","M","R","BOSS","M","?","M","?","?","R","E","M","T","R","M","?","$","M","R","BOSS","M","$","?","?","?","E","?","?","T","R","M","E","R","E","R","BOSS","BOSS","R","$","E","BOSS"],"build_version":"2019-01-23","purchased_purges":0,"victory":true,"max_hp_per_floor":[71,71,71,76,76,76,76,76,76,76,76,76,76,76,76,76,76,76,76,76,76,76,76,76,76,76,76,76,76,76,76,76,76,76,76,76,76,76,76,86,86,86,86,86,86,86,86,86,86,86,86,86,86,86,86,86],"card_choices":[{"not_picked":["Go for the Eyes","Capacitor"],"picked":"Coolheaded","floor":1.0},{"not_picked":["Steam","BootSequence"],"picked":"Reinforced Body","floor":2.0},{"not_picked":["Conserve Battery","Tempest"],"picked":"Ball Lightning","floor":5.0},{"not_picked":["Steam","Undo"],"picked":"Rebound","floor":7.0},{"not_picked":["Go for the Eyes","Genetic Algorithm"],"picked":"Conserve Battery","floor":10.0},{"not_picked":["Redo","Leap"],"picked":"Buffer","floor":12.0},{"not_picked":["Sunder","Steam"],"picked":"Static Discharge","floor":13.0},{"not_picked":["Force Field","Steam"],"picked":"Leap","floor":14.0},{"not_picked":["Machine Learning+1","Fission"],"picked":"Biased Cognition+1","floor":16.0},{"not_picked":["Gash","Turbo"],"picked":"Genetic Algorithm","floor":18.0},{"not_picked":["FTL","Gash+1"],"picked":"Hologram","floor":20.0},{"not_picked":["Barrage","BootSequence"],"picked":"Cold Snap","floor":21.0},{"not_picked":["Aggregate","FTL"],"picked":"Coolheaded","floor":22.0},{"not_picked":["Sweeping Beam","Go for the Eyes","Fusion"],"picked":"SKIP","floor":24.0},{"not_picked":["White Noise","Sunder"],"picked":"Defragment+1","floor":25.0},{"not_picked":["Barrage+1","Leap+1"],"picked":"Go for the Eyes+1","floor":28.0},{"not_picked":["Go for the Eyes+1","Fusion","FTL+1"],"picked":"Self Repair+1","floor":31.0},{"not_picked":["Machine Learning+1","Hyperbeam+1","Multi-Cast"],"picked":"Rainbow","floor":33.0},{"not_picked":["Turbo","Cold Snap+1","Barrage+1"],"picked":"Loop+1","floor":35.0},{"not_picked":["Turbo","Steam+1","Hologram"],"picked":"Capacitor+1","floor":37.0},{"not_picked":["Blind","Discovery","Swift Strike+1"],"picked":"HandOfGreed+1","floor":39.0},{"not_picked":["Streamline+1","Force Field","Stack"],"picked":"Coolheaded","floor":40.0},{"not_picked":["Fusion","Redo","Sunder+1","White Noise+1"],"picked":"SKIP","floor":42.0},{"not_picked":["Fusion","Redo","Sunder+1","White Noise+1"],"picked":"SKIP","floor":42.0},{"not_picked":["Fusion","Redo","Sunder+1","White Noise+1"],"picked":"SKIP","floor":42.0},{"not_picked":["Cold Snap+1","Conserve Battery","Leap"],"picked":"Doom and Gloom+1","floor":45.0},{"not_picked":["Tempest","Stack","Cold Snap+1"],"picked":"Fission","floor":46.0},{"not_picked":["Sweeping Beam+1","Genetic Algorithm","Steam+1","Machine Learning+1"],"picked":"SKIP","floor":48.0},{"not_picked":["Sweeping Beam+1","Genetic Algorithm","Steam+1","Machine Learning+1"],"picked":"SKIP","floor":48.0},{"not_picked":["Sweeping Beam+1","Genetic Algorithm","Steam+1","Machine Learning+1"],"picked":"SKIP","floor":48.0},{"not_picked":["Streamline+1","Doom and Gloom+1","Go for the Eyes+1","Stack"],"picked":"SKIP","floor":55.0}],"player_experience":2247260,"relics_obtained":[{"floor":9.0,"key":"Ancient Tea Set"},{"floor":10.0,"key":"Meat on the Bone"},{"floor":13.0,"key":"Frozen Egg 2"},{"floor":21.0,"key":"Red Mask"},{"floor":24.0,"key":"Bird Faced Urn"},{"floor":26.0,"key":"Molten Egg 2"},{"floor":37.0,"key":"Unceasing Top"},{"floor":40.0,"key":"Pear"},{"floor":41.0,"key":"Blue Candle"},{"floor":46.0,"key":"Prayer Wheel"},{"floor":48.0,"key":"Whetstone"},{"floor":55.0,"key":"Ornamental Fan"}],"event_choices":[{"cards_removed":["Strike_B"],"damage_healed":0.0,"max_hp_gain":0.0,"max_hp_loss":0.0,"gold_gain":0.0,"event_name":"The Cleric","player_choice":"Card Removal","floor":3.0,"gold_loss":75.0,"damage_taken":0.0},{"damage_healed":0.0,"max_hp_gain":5.0,"max_hp_loss":0.0,"gold_gain":0.0,"event_name":"Big Fish","player_choice":"Donut","floor":4.0,"gold_loss":0.0,"damage_taken":0.0},{"cards_removed":["Strike_B"],"damage_healed":0.0,"max_hp_gain":0.0,"max_hp_loss":0.0,"gold_gain":0.0,"event_name":"Purifier","player_choice":"Purged","floor":11.0,"gold_loss":0.0,"damage_taken":0.0},{"cards_removed":["Skim"],"damage_healed":0.0,"max_hp_gain":0.0,"max_hp_loss":0.0,"gold_gain":0.0,"event_name":"Back to Basics","player_choice":"Elegance","floor":19.0,"gold_loss":0.0,"damage_taken":0.0},{"damage_healed":0.0,"max_hp_gain":0.0,"max_hp_loss":0.0,"gold_gain":0.0,"event_name":"Masked Bandits","player_choice":"Fought Bandits","floor":21.0,"gold_loss":0.0,"damage_taken":0.0},{"damage_healed":0.0,"max_hp_gain":0.0,"max_hp_loss":0.0,"gold_gain":0.0,"cards_transformed":["Rebound","Reinforced Body"],"event_name":"Drug Dealer","player_choice":"Became Test Subject","floor":29.0,"gold_loss":0.0,"damage_taken":0.0,"cards_obtained":["Beam Cell","Core Surge"]},{"damage_healed":0.0,"max_hp_gain":0.0,"max_hp_loss":0.0,"gold_gain":0.0,"event_name":"MindBloom","player_choice":"Fight","floor":37.0,"gold_loss":0.0,"damage_taken":0.0},{"damage_healed":0.0,"max_hp_gain":0.0,"max_hp_loss":0.0,"gold_gain":222.0,"event_name":"Tomb of Lord Red Mask","player_choice":"Wore Mask","floor":38.0,"gold_loss":0.0,"damage_taken":0.0},{"damage_healed":0.0,"max_hp_gain":0.0,"max_hp_loss":0.0,"gold_gain":0.0,"event_name":"SensoryStone","player_choice":"Memory 1","floor":39.0,"gold_loss":0.0,"damage_taken":0.0},{"damage_healed":0.0,"max_hp_gain":0.0,"max_hp_loss":0.0,"gold_gain":0.0,"event_name":"Wheel of Change","player_choice":"Relic","floor":41.0,"gold_loss":0.0,"damage_taken":0.0}],"is_beta":false,"boss_relics":[{"not_picked":["Busted Crown","Black Star"],"picked":"Pandora\u0027s Box"},{"not_picked":["Empty Cage","Runic Pyramid"],"picked":"Coffee Dripper"}],"items_purged_floors":[],"is_endless":false,"potions_floor_spawned":[2,5,14,18,21,25,28,31,33,42,45,46,48],"ascension_level":20}