{"gold_per_floor":[109,109,109,126,126,126,140,140,194,227,246,263,275,49,49,128,128,148,148,96,59,69,69,69,79,106,117,77,109,109,126,126,201,201,213,213,213,224,240,240,268,268,268,268,280,280,310,320,320,320,320,320,320,62,90,90],"floor_reached":57,"playtime":3175,"items_purged":["Strike_R","Strike_R"],"score":2893,"play_id":"44eda231-b625-43a9-8b5c-4ca78e9f9ab0","local_time":"20190515130232","is_ascension_mode":true,"campfire_choices":[{"data":"Bash","floor":6.0,"key":"SMITH"},{"data":"Spot Weakness","floor":8.0,"key":"SMITH"},{"data":"True Grit","floor":15.0,"key":"SMITH"},{"data":"Body Slam","floor":23.0,"key":"SMITH"},{"data":"Second Wind","floor":32.0,"key":"SMITH"},{"data":"Dark Embrace","floor":40.0,"key":"SMITH"},{"data":"Master of Strategy","floor":44.0,"key":"SMITH"},{"data":"Feel No Pain","floor":46.0,"key":"SMITH"},{"floor":49.0,"key":"RECALL"},{"data":"Evolve","floor":53.0,"key":"SMITH"}],"neow_cost":"TEN_PERCENT_HP_LOSS","seed_source_timestamp":1737762160296465,"circlet_count":0,"master_deck":["AscendersBane","Defend_R+1","Defend_R+1","Defend_R","Defend_R+1","Bash+1","Bandage Up","Secret Technique","Power Through","Spot Weakness+1","Burning Pact+1","Body Slam+1","True Grit+1","Feed","Bloodletting+1","Inflame","Reaper","Shrug It Off","Shrug It Off","Second Wind+1","Dark Embrace+1","Body Slam+1","Seeing Red+1","Offering+1","Master of Strategy+1","Purity","Feel No Pain+1","Evolve+1"],"special_seed":0,"relics":["Burning Blood","FaceOfCleric","Bronze Scales","Magic Flower","Runic Dome","War Paint","Anchor","Juzu Bracelet","Astrolabe","Red Skull","Art of War","The Courier","Lee\u0027s Waffle","Mummified Hand"],"potions_floor_usage":[56,56],"damage_taken":[{"damage":7.0,"enemies":"Jaw Worm","floor":1.0,"turns":3.0},{"damage":10.0,"enemies":"Small Slimes","floor":4.0,"turns":4.0},{"damage":0.0,"enemies":"Cultist","floor":7.0,"turns":3.0},{"damage":49.0,"enemies":"3 Sentries","floor":10.0,"turns":12.0},{"damage":7.0,"enemies":"Exordium Wildlife","floor":11.0,"turns":5.0},{"damage":7.0,"enemies":"Lots of Slimes","floor":12.0,"turns":6.0},{"damage":0.0,"enemies":"2 Fungi Beasts","floor":13.0,"turns":6.0},{"damage":36.0,"enemies":"Slime Boss","floor":16.0,"turns":11.0},{"damage":11.0,"enemies":"Spheric Guardian","floor":18.0,"turns":5.0},{"damage":18.0,"enemies":"2 Thieves","floor":21.0,"turns":5.0},{"damage":14.0,"enemies":"Snecko","floor":22.0,"turns":4.0},{"damage":53.0,"enemies":"Centurion and Healer","floor":25.0,"turns":7.0},{"damage":28.0,"enemies":"Snake Plant","floor":27.0,"turns":3.0},{"damage":44.0,"enemies":"Slavers","floor":29.0,"turns":7.0},{"damage":19.0,"enemies":"Sentry and Sphere","floor":31.0,"turns":6.0},{"damage":105.0,"enemies":"Automaton","floor":33.0,"turns":13.0},{"damage":39.0,"enemies":"3 Darklings","floor":35.0,"turns":6.0},{"damage":12.0,"enemies":"3 Shapes","floor":38.0,"turns":5.0},{"damage":30.0,"enemies":"Writhing Mass","floor":39.0,"turns":3.0},{"damage":26.0,"enemies":"Nemesis","floor":41.0,"turns":3.0},{"damage":12.0,"enemies":"4 Shapes","floor":45.0,"turns":5.0},{"damage":15.0,"enemies":"Giant Head","floor":47.0,"turns":2.0},{"damage":12.0,"enemies":"Spire Growth","floor":48.0,"turns":2.0},{"damage":62.0,"enemies":"Awakened One","floor":50.0,"turns":7.0},{"damage":24.0,"enemies":"Donu and Deca","floor":51.0,"turns":6.0},{"damage":25,"enemies":"Shield and Spear","floor":55,"turns":5},{"damage":36,"enemies":"The Heart","floor":56,"turns":4}],"seed_played":"5521423751882396602","potions_obtained":[{"floor":7.0,"key":"GamblersBrew"},{"floor":10.0,"key":"SpeedPotion"},{"floor":12.0,"key":"Explosive Potion"},{"floor":18.0,"key":"FearPotion"},{"floor":21.0,"key":"EssenceOfSteel"},{"floor":25.0,"key":"FearPotion"},{"floor":31.0,"key":"Ancient Potion"},{"floor":33.0,"key":"Energy Potion"},{"floor":45.0,"key":"PowerPotion"}],"is_trial":false,"path_per_floor":["M","?","?","M","?","R","M","R","T","E","M","M","M","$","R","B",null,"M","?","$","M","M","R","?","M","T","M","$","E","T","M","R","B",null,"M","?","?","M","M","R","E","?","T","R","M","R","E","M","R","B","B",null,"R","$","E","B",null],"character_chosen":"IRONCLAD","items_purchased":["Bloodletting","Inflame","Shrug It Off","Second Wind","Lee\u0027s Waffle"],"campfire_rested":0,"item_purchase_floors":[14,14,20,28,54],"current_hp_per_floor":[67,47,47,47,47,47,58,58,58,20,30,40,57,57,57,38,65,71,71,71,79,80,80,80,73,73,76,76,77,77,93,93,20,76,95,95,85,99,86,86,92,92,92,92,97,97,98,99,99,81,101,101,101,108,109,90],"gold":90,"neow_bonus":"RANDOM_COLORLESS_2","is_prod":false,"is_daily":false,"chose_seed":false,"campfire_upgraded":9,"win_rate":0,"timestamp":1557896552,"path_taken":["M","?","?","?","?","R","?","R","T","E","M","M","M","$","R","BOSS","M","?","$","M","?","R","?","M","T","M","?","E","?","M","R","BOSS","M","?","?","M","M","R","E","?","T","R","M","R","E","M","R","BOSS","BOSS","R","$","E","BOSS"],"build_version":"2019-01-23","purchased_purges":2,"victory":true,"max_hp_per_floor":[68,68,68,68,68,68,69,69,69,70,71,72,73,73,73,74,74,75,75,75,79,80,80,80,84,84,85,85,89,89,93,93,94,94,95,95,95,99,100,100,101,96,96,96,97,97,98,99,99,100,101,101,101,108,109,110],"card_choices":[{"not_picked":["Entrench","Seeing Red"],"picked":"Power Through","floor":1.0},{"not_picked":["Flex","Warcry"],"picked":"Spot Weakness","floor":4.0},{"not_picked":["Headbutt","Disarm"],"picked":"Burning Pact","floor":7.0},{"not_picked":["Wild Strike","Dropkick"],"picked":"Body Slam","floor":10.0},{"not_picked":["Iron Wave","Disarm","Pommel Strike"],"picked":"SKIP","floor":11.0},{"not_picked":["Ghostly Armor","Havoc"],"picked":"True Grit","floor":12.0},{"not_picked":["Twin Strike","Iron Wave"],"picked":"Feed","floor":13.0},{"not_picked":["Barricade","Bludgeon"],"picked":"Reaper","floor":16.0},{"not_picked":["Clash","Bloodletting","Headbutt"],"picked":"SKIP","floor":18.0},{"not_picked":["True Grit","Pommel Strike"],"picked":"Sword Boomerang","floor":21.0},{"not_picked":["Clash","Clothesline","Wild Strike"],"picked":"SKIP","floor":22.0},{"not_picked":["Armaments","Ghostly Armor","Inflame"],"picked":"SKIP","floor":25.0},{"not_picked":["Pummel","Shockwave"],"picked":"Shrug It Off","floor":27.0},{"not_picked":["Feed","Twin Strike","Uppercut"],"picked":"SKIP","floor":29.0},{"not_picked":["Sentinel","Perfected Strike","Body Slam"],"picked":"SKIP","floor":31.0},{"not_picked":["Double Tap","Exhume"],"picked":"Dark Embrace","floor":33.0},{"not_picked":["Clothesline","Shockwave","Havoc"],"picked":"SKIP","floor":35.0},{"not_picked":["Panacea","Finesse"],"picked":"Master of Strategy","floor":37.0},{"not_picked":["Sadistic Nature","Trip"],"picked":"Purity","floor":37.0},{"not_picked":["Thunderclap","Wild Strike","Dropkick+1"],"picked":"SKIP","floor":38.0},{"not_picked":["Pommel Strike","Warcry","Combust"],"picked":"SKIP","floor":39.0},{"not_picked":["Flex+1","Warcry","Fiend Fire"],"picked":"SKIP","floor":41.0},{"not_picked":["Wild Strike+1","Shrug It Off"],"picked":"Feel No Pain","floor":45.0},{"not_picked":["Wild Strike","Feel No Pain"],"picked":"Evolve","floor":47.0},{"not_picked":["Twin Strike","Hemokinesis","Carnage"],"picked":"SKIP","floor":48.0},{"not_picked":["Uppercut","Shrug It Off","Blood for Blood+1"],"picked":"SKIP","floor":55},{"not_picked":["Uppercut","Shrug It Off","Blood for Blood+1"],"picked":"SKIP","floor":55}],"player_experience":1981712,"relics_obtained":[{"floor":9.0,"key":"Bronze Scales"},{"floor":10.0,"key":"Magic Flower"},{"floor":26.0,"key":"Anchor"},{"floor":29.0,"key":"Juzu Bracelet"},{"floor":41.0,"key":"Red Skull"},{"floor":43.0,"key":"Art of War"},{"floor":47.0,"key":"The Courier"},{"floor":55,"key":"Mummified Hand"}],"event_choices":[{"damage_healed":0.0,"max_hp_gain":0.0,"max_hp_loss":0.0,"gold_gain":0.0,"event_name":"Shining Light","player_choice":"Entered Light","floor":2.0,"gold_loss":0.0,"damage_taken":20.0,"cards_upgraded":["Defend_R","Defend_R"]},{"cards_removed":["Strike_R"],"damage_healed":0.0,"max_hp_gain":0.0,"max_hp_loss":0.0,"gold_gain":0.0,"event_name":"Purifier","player_choice":"Purged","floor":3.0,"gold_loss":0.0,"damage_taken":0.0},{"damage_healed":0.0,"max_hp_gain":0.0,"max_hp_loss":0.0,"gold_gain":0.0,"event_name":"FaceTrader","player_choice":"Trade","floor":5.0,"gold_loss":0.0,"damage_taken":0.0,"relics_obtained":["FaceOfCleric"]},{"damage_healed":0.0,"max_hp_gain":0.0,"max_hp_loss":0.0,"gold_gain":0.0,"event_name":"WeMeetAgain","player_choice":"Gave Potion","floor":19.0,"gold_loss":0.0,"damage_taken":0.0,"relics_obtained":["War Paint"]},{"damage_healed":0.0,"max_hp_gain":0.0,"max_hp_loss":0.0,"gold_gain":0.0,"event_name":"Accursed Blacksmith","player_choice":"Forge","floor":24.0,"gold_loss":0.0,"damage_taken":0.0,"cards_upgraded":["Bloodletting"]},{"damage_healed":0.0,"max_hp_gain":0.0,"max_hp_loss":0.0,"gold_gain":0.0,"event_name":"Tomb of Lord Red Mask","player_choice":"Ignored","floor":36.0,"gold_loss":0.0,"damage_taken":0.0},{"damage_healed":0.0,"max_hp_gain":0.0,"max_hp_loss":0.0,"gold_gain":0.0,"event_name":"SensoryStone","player_choice":"Memory 3","floor":37.0,"gold_loss":0.0,"damage_taken":10.0},{"damage_healed":0.0,"max_hp_gain":0.0,"max_hp_loss":5.0,"gold_gain":0.0,"event_name":"Winding Halls","player_choice":"Max HP","floor":42.0,"gold_loss":0.0,"damage_taken":0.0}],"is_beta":false,"boss_relics":[{"not_picked":["Ectoplasm","Snecko Eye"],"picked":"Runic Dome"},{"not_picked":["Lizard Tail","Cursed Key"],"picked":"Astrolabe"}],"items_purged_floors":[14,54],"is_endless":false,"potions_floor_spawned":[7,10,12,18,21,25,31,33,38,41,45],"ascension_level":20}