{"gold_per_floor":[366,366,378,397,410,410,65,92,92,92,108,120,132,165,165,261,261,201,201,201,201,201,201,201,201,201,201,201],"floor_reached":28,"playtime":961,"items_purged":[],"score":335,"play_id":"3b0555ff-804e-43c6-920b-ad3b4bc0fe95","local_time":"20180803012548","is_ascension_mode":true,"campfire_choices":[{"data":"Zap","floor":6,"key":"SMITH"},{"data":"Streamline","floor":10,"key":"SMITH"},{"floor":15,"key":"REST"},{"floor":24,"key":"REST"}],"neow_cost":"TEN_PERCENT_HP_LOSS","seed_source_timestamp":28239092097851,"circlet_count":0,"master_deck":["Strike_B","Strike_B","Strike_B","Defend_B","Defend_B","Defend_B","Defend_B","Zap+1","Dualcast","Coolheaded","FTL","Cold Snap","Hello World","Scrape","Streamline+1","Creative AI+1","Conserve Battery","Consume","Self Repair","Genetic Algorithm","Amplify","Storm","Cold Snap+1","Double Energy","Thunder Strike","Heatsinks+1"],"relics":["Cracked Core","Mummified Hand","Dodecahedron","Prayer Wheel","Gambling Chip","Ectoplasm","Darkstone Periapt","Pear","Letter Opener"],"potions_floor_usage":[16,16,23,25],"damage_taken":[{"damage":1,"enemies":"Cultist","floor":1,"turns":3},{"damage":5,"enemies":"Small Slimes","floor":3,"turns":3},{"damage":2,"enemies":"Jaw Worm","floor":4,"turns":3},{"damage":1,"enemies":"2 Fungi Beasts","floor":5,"turns":5},{"damage":8,"enemies":"Gremlin Nob","floor":8,"turns":3},{"damage":6,"enemies":"Blue Slaver","floor":11,"turns":3},{"damage":4,"enemies":"Large Slime","floor":12,"turns":6},{"damage":2,"enemies":"3 Louse","floor":13,"turns":3},{"damage":22,"enemies":"3 Sentries","floor":14,"turns":5},{"damage":10,"enemies":"Slime Boss","floor":16,"turns":8},{"damage":33,"enemies":"2 Thieves","floor":18,"turns":4},{"damage":15,"enemies":"Spheric Guardian","floor":20,"turns":4},{"damage":40,"enemies":"Slavers","floor":23,"turns":4},{"damage":22,"enemies":"Book of Stabbing","floor":25,"turns":4},{"damage":33,"enemies":"Slavers","floor":28,"turns":2}],"seed_played":"5694589981856511700","potions_obtained":[{"floor":1,"key":"EssenceOfSteel"},{"floor":3,"key":"FearPotion"},{"floor":8,"key":"Weak Potion"},{"floor":13,"key":"Swift Potion"},{"floor":23,"key":"AttackPotion"}],"is_trial":false,"path_per_floor":["M","?","M","M","M","R","$","E","T","R","M","M","M","E","R","B",null,"M","?","M","?","?","E","R","E","T","?"],"character_chosen":"DEFECT","items_purchased":["Mummified Hand","Hello World","Scrape"],"campfire_rested":2,"item_purchase_floors":[7,7,7],"current_hp_per_floor":[67,60,55,53,52,52,52,44,44,44,38,34,32,17,37,34,60,34,56,48,48,48,15,35,30,30,30,0],"gold":201,"neow_bonus":"TWO_FIFTY_GOLD","is_prod":false,"is_daily":false,"chose_seed":false,"campfire_upgraded":2,"win_rate":0,"timestamp":1533270348,"path_taken":["M","?","M","?","M","R","$","E","T","R","M","M","M","E","R","BOSS","M","?","M","?","?","E","R","E","T","?","E"],"build_version":"2018-07-12","purchased_purges":0,"victory":false,"max_hp_per_floor":[68,68,68,68,68,68,68,68,68,68,68,68,68,68,68,68,68,68,68,68,68,68,68,68,78,78,78,78],"card_choices":[{"not_picked":["Force Field","Turbo","Steam Power"],"picked":"SKIP","floor":1},{"not_picked":["Reinforced Body","Redo"],"picked":"Coolheaded","floor":3},{"not_picked":["Fusion","Redo"],"picked":"FTL","floor":4},{"not_picked":["Barrage","Storm"],"picked":"Cold Snap","floor":5},{"not_picked":["Coolheaded","Steam"],"picked":"Streamline","floor":8},{"not_picked":["Redo","Loop"],"picked":"Creative AI","floor":11},{"not_picked":["Compile Driver","FTL","Sweeping Beam"],"picked":"SKIP","floor":11},{"not_picked":["Stack","Darkness"],"picked":"Conserve Battery","floor":12},{"not_picked":["Reinforced Body","Barrage","Steam"],"picked":"SKIP","floor":12},{"not_picked":["Conserve Battery","Core Surge"],"picked":"Consume","floor":13},{"not_picked":["Turbo","Compile Driver"],"picked":"Self Repair","floor":13},{"not_picked":["Redo","Coolheaded"],"picked":"Genetic Algorithm","floor":14},{"not_picked":["Meteor Strike","Hyperbeam"],"picked":"Amplify","floor":16},{"not_picked":["Streamline","Hologram"],"picked":"Storm","floor":18},{"not_picked":["Leap","Beam Cell","Ball Lightning"],"picked":"SKIP","floor":18},{"not_picked":["Streamline","Tempest"],"picked":"Cold Snap+1","floor":20},{"not_picked":["Loop","Reinforced Body","Double Energy"],"picked":"SKIP","floor":20},{"not_picked":["Loop","Reinforced Body"],"picked":"Double Energy","floor":20},{"not_picked":["Lockon","Conserve Battery"],"picked":"Thunder Strike","floor":23},{"not_picked":["Sweeping Beam","Go for the Eyes"],"picked":"Heatsinks+1","floor":25}],"player_experience":434240,"relics_obtained":[{"floor":8,"key":"Dodecahedron"},{"floor":9,"key":"Prayer Wheel"},{"floor":14,"key":"Gambling Chip"},{"floor":23,"key":"Darkstone Periapt"},{"floor":25,"key":"Pear"},{"floor":26,"key":"Letter Opener"}],"event_choices":[{"event_name":"Golden Wing","player_choice":"Card Removal","floor":2,"damage_taken":0},{"event_name":"The Library","player_choice":"Heal","floor":19,"damage_taken":0},{"event_name":"Nest","player_choice":"Stole From Cult","floor":21,"damage_taken":0},{"event_name":"Accursed Blacksmith","player_choice":"Forge","floor":22,"damage_taken":0},{"event_name":"Cursed Tome","player_choice":"Ignored","floor":27,"damage_taken":0}],"boss_relics":[{"not_picked":["Tiny House","Coffee Dripper"],"picked":"Ectoplasm"}],"items_purged_floors":[],"is_endless":false,"potions_floor_spawned":[1,3,8,13,23],"killed_by":"Slavers","ascension_level":5}