{"gold_per_floor":[112,122,122,197,3,3,3,17,40,40,59,79,79,99,99,194,194,206,221,68,180,192,234,246,258,270,301,330,342,370,144,144,144],"floor_reached":33,"playtime":1877,"items_purged":[],"score":307,"play_id":"817d527c-ff69-49b0-aaca-c46eca8f6a2e","local_time":"20181126175451","is_ascension_mode":false,"campfire_choices":[{"data":"Armaments","floor":6,"key":"SMITH"},{"data":"Streamline","floor":13,"key":"SMITH"},{"floor":15,"key":"REST"},{"floor":24,"key":"REST"},{"floor":29,"key":"REST"},{"floor":32,"key":"REST"}],"neow_cost":"NONE","seed_source_timestamp":974906465414688,"circlet_count":0,"master_deck":["Strike_R","Strike_R","Defend_R","Defend_R","Defend_R","Bash","Feed+1","Rampage+1","Combust+1","Shrug It Off","Armaments+1","Flying Knee","Thunderclap","Streamline+1","FTL","The Bomb","Noxious Fumes","Rupture+1","Anger","Rebound","Flying Knee+1","Thunderclap+1","Sword Boomerang+1","Inflame","Armaments"],"relics":["Astrolabe","Letter Opener","PrismaticShard","Bronze Scales","Lizard Tail","MawBank","FossilizedHelix","Dodecahedron","PreservedInsect","Pear","Red Skull"],"potions_floor_usage":[30],"damage_taken":[{"damage":3,"enemies":"Jaw Worm","floor":1,"turns":3},{"damage":2,"enemies":"2 Louse","floor":2,"turns":2},{"damage":2,"enemies":"Cultist","floor":8,"turns":3},{"damage":8,"enemies":"Large Slime","floor":11,"turns":3},{"damage":16,"enemies":"Red Slaver","floor":12,"turns":3},{"damage":14,"enemies":"2 Fungi Beasts","floor":14,"turns":3},{"damage":23,"enemies":"Hexaghost","floor":16,"turns":9},{"damage":22,"enemies":"Shell Parasite","floor":18,"turns":3},{"damage":15,"enemies":"3 Byrds","floor":19,"turns":3},{"damage":28,"enemies":"Colosseum Slavers","floor":21,"turns":4},{"damage":54,"enemies":"Colosseum Nobs","floor":21,"turns":5},{"damage":75,"enemies":"Slavers","floor":23,"turns":5},{"damage":20,"enemies":"3 Cultists","floor":27,"turns":4},{"damage":14,"enemies":"Snecko","floor":28,"turns":4},{"damage":32,"enemies":"Snake Plant","floor":30,"turns":4},{"damage":78,"enemies":"Collector","floor":33,"turns":7}],"seed_played":"3853648832137145784","potions_obtained":[{"floor":2,"key":"Explosive Potion"},{"floor":12,"key":"AttackPotion"},{"floor":14,"key":"Ancient Potion"},{"floor":18,"key":"SpeedPotion"},{"floor":30,"key":"Dexterity Potion"}],"is_trial":false,"path_per_floor":["M","M","?","?","$","R","$","M","T","?","M","M","R","M","R","B",null,"M","M","$","?","?","E","R","?","T","M","M","R","M","$","R","B"],"character_chosen":"IRONCLAD","items_purchased":["PrismaticShard","MawBank","Red Skull","Inflame","Armaments"],"campfire_rested":4,"item_purchase_floors":[5,20,31,31,31],"current_hp_per_floor":[77,75,63,52,52,52,52,54,54,54,46,30,30,20,46,27,92,70,55,55,45,78,7,38,38,48,32,22,58,26,26,62,0],"gold":144,"neow_bonus":"BOSS_RELIC","is_prod":false,"is_daily":false,"chose_seed":false,"campfire_upgraded":2,"win_rate":0.0,"timestamp":1543272891,"path_taken":["M","M","?","?","?","R","$","?","T","?","M","M","R","M","R","BOSS","M","M","$","?","?","E","R","?","T","M","M","R","M","?","R","BOSS"],"build_version":"2018-11-15","purchased_purges":0,"victory":false,"max_hp_per_floor":[80,80,80,80,80,80,80,84,84,84,84,84,84,88,88,92,92,92,92,92,100,100,104,104,104,114,118,122,122,122,122,122,122],"card_choices":[{"not_picked":["Feel No Pain","Whirlwind"],"picked":"Shrug It Off","floor":1},{"not_picked":["Battle Trance","Iron Wave"],"picked":"Armaments","floor":2},{"not_picked":["Heel Hook","Searing Blow"],"picked":"Flying Knee","floor":8},{"not_picked":["Reckless Charge","Fire Breathing"],"picked":"Thunderclap","floor":11},{"not_picked":["Brutality","Dropkick"],"picked":"Streamline","floor":12},{"not_picked":["Accuracy","Heel Hook"],"picked":"FTL","floor":14},{"not_picked":["Seek","Multi-Cast"],"picked":"The Bomb","floor":16},{"not_picked":["Leap","Heatsinks+1"],"picked":"Noxious Fumes","floor":18},{"not_picked":["Auto Shields","Gash"],"picked":"Rupture+1","floor":19},{"not_picked":["Beam Cell","Evolve"],"picked":"Anger","floor":21},{"not_picked":["Ball Lightning","Riddle With Holes"],"picked":"Rebound","floor":23},{"not_picked":["Headbutt","Static Discharge"],"picked":"Flying Knee+1","floor":27},{"not_picked":["Sucker Punch","Dagger Spray"],"picked":"Thunderclap+1","floor":28},{"not_picked":["Pommel Strike","Clothesline"],"picked":"Sword Boomerang+1","floor":30}],"player_experience":9607,"relics_obtained":[{"floor":9,"key":"Bronze Scales"},{"floor":21,"key":"FossilizedHelix"},{"floor":21,"key":"Dodecahedron"},{"floor":23,"key":"PreservedInsect"},{"floor":26,"key":"Pear"}],"event_choices":[{"damage_healed":0,"gold_gain":0,"player_choice":"Success","damage_taken":12,"relics_obtained":["Letter Opener"],"max_hp_gain":0,"max_hp_loss":0,"event_name":"Scrap Ooze","floor":3,"gold_loss":0},{"damage_healed":0,"gold_gain":75,"player_choice":"Gather Gold","damage_taken":11,"max_hp_gain":0,"max_hp_loss":0,"event_name":"World of Goop","floor":4,"gold_loss":0},{"cards_removed":["Strike_R"],"damage_healed":0,"gold_gain":0,"player_choice":"Offered Basic","damage_taken":0,"max_hp_gain":0,"max_hp_loss":0,"event_name":"Bonfire Elementals","floor":10,"gold_loss":0},{"damage_healed":0,"gold_gain":0,"player_choice":"Fight","damage_taken":0,"max_hp_gain":0,"max_hp_loss":0,"event_name":"Colosseum","floor":21,"gold_loss":0},{"damage_healed":0,"gold_gain":0,"player_choice":"Fought Nobs","damage_taken":0,"max_hp_gain":0,"max_hp_loss":0,"event_name":"Colosseum","floor":21,"gold_loss":0},{"damage_healed":33,"gold_gain":0,"player_choice":"Heal","damage_taken":0,"max_hp_gain":0,"max_hp_loss":0,"event_name":"The Library","floor":22,"gold_loss":0},{"damage_healed":0,"gold_gain":0,"player_choice":"Ignored","damage_taken":0,"max_hp_gain":0,"max_hp_loss":0,"event_name":"Beggar","floor":25,"gold_loss":0}],"is_beta":false,"boss_relics":[{"not_picked":["Runic Dome","Eternal Feather"],"picked":"Lizard Tail"}],"items_purged_floors":[],"is_endless":false,"potions_floor_spawned":[2,12,14,18,21,30],"killed_by":"Collector","ascension_level":0}