{"gold_per_floor":[118,43,43,53,9,36,55,90,90,90,118,118,132,161,161,235,235,235,235,25,25,25,25,25,25,25,25,25,25,25,25,25,25,25,25,25,25,0,0,0,0,0,0,0,0,0,0,0,0,0,0,0,0,0,0,0],"floor_reached":57,"playtime":2436,"items_purged":["Strike_R"],"score":2966,"play_id":"3f5049dd-9f78-4312-8fd4-3a895fc183b3","local_time":"20190212214429","is_ascension_mode":true,"campfire_choices":[{"data":"Demon Form","floor":10.0,"key":"SMITH"},{"data":"Shockwave","floor":12.0,"key":"SMITH"},{"data":"Flame Barrier","floor":15.0,"key":"SMITH"},{"data":"Whirlwind","floor":23.0,"key":"SMITH"},{"data":"Pommel Strike","floor":27.0,"key":"SMITH"},{"data":"Offering","floor":32.0,"key":"SMITH"},{"data":"Battle Trance","floor":41.0,"key":"SMITH"},{"data":"Strike_R","floor":46.0,"key":"PURGE"},{"floor":49.0,"key":"RECALL"},{"data":"Strike_R+1","floor":53.0,"key":"PURGE"}],"neow_cost":"NONE","seed_source_timestamp":2435919664558775,"circlet_count":0,"master_deck":["AscendersBane","Strike_R","Defend_R","Defend_R","Defend_R","Defend_R","Bash","Second Wind","Demon Form+1","Pommel Strike+1","Seeing Red","Shockwave+1","Sword Boomerang","Battle Trance+1","Flame Barrier+1","Offering+1","Necronomicurse","Whirlwind+1","Double Tap","Fiend Fire+1","Shrug It Off","Evolve+1","Offering","Berserk+1"],"special_seed":0,"relics":["Burning Blood","NeowsBlessing","Strawberry","The Courier","Meat on the Bone","Dream Catcher","Ectoplasm","Necronomicon","Sundial","Frozen Egg 2","Darkstone Periapt","Bottled Lightning","Coffee Dripper","Red Mask","Kunai","Whetstone","Peace Pipe","Champion Belt","Dodecahedron","Incense Burner"],"potions_floor_usage":[56],"damage_taken":[{"damage":0.0,"enemies":"Jaw Worm","floor":1.0,"turns":1.0},{"damage":0.0,"enemies":"Cultist","floor":4.0,"turns":1.0},{"damage":0.0,"enemies":"3 Sentries","floor":6.0,"turns":2.0},{"damage":8.0,"enemies":"2 Louse","floor":7.0,"turns":3.0},{"damage":5.0,"enemies":"Lagavulin","floor":8.0,"turns":5.0},{"damage":50.0,"enemies":"3 Sentries","floor":11.0,"turns":8.0},{"damage":24.0,"enemies":"Exordium Wildlife","floor":13.0,"turns":4.0},{"damage":8.0,"enemies":"Gremlin Nob","floor":14.0,"turns":4.0},{"damage":22.0,"enemies":"Hexaghost","floor":16.0,"turns":7.0},{"damage":0.0,"enemies":"3 Byrds","floor":18.0,"turns":4.0},{"damage":6.0,"enemies":"Spheric Guardian","floor":22.0,"turns":3.0},{"damage":19.0,"enemies":"Slavers","floor":24.0,"turns":2.0},{"damage":0.0,"enemies":"Shelled Parasite and Fungi","floor":25.0,"turns":1.0},{"damage":6.0,"enemies":"Centurion and Healer","floor":28.0,"turns":3.0},{"damage":24.0,"enemies":"Gremlin Leader","floor":29.0,"turns":4.0},{"damage":6.0,"enemies":"Chosen and Byrds","floor":31.0,"turns":4.0},{"damage":20.0,"enemies":"Automaton","floor":33.0,"turns":5.0},{"damage":0.0,"enemies":"3 Darklings","floor":35.0,"turns":1.0},{"damage":3.0,"enemies":"Orb Walker","floor":36.0,"turns":2.0},{"damage":14.0,"enemies":"Transient","floor":37.0,"turns":6.0},{"damage":57.0,"enemies":"Reptomancer","floor":40.0,"turns":4.0},{"damage":6.0,"enemies":"Nemesis","floor":42.0,"turns":1.0},{"damage":6.0,"enemies":"2 Orb Walkers","floor":44.0,"turns":1.0},{"damage":6.0,"enemies":"3 Darklings","floor":45.0,"turns":1.0},{"damage":6.0,"enemies":"Giant Head","floor":47.0,"turns":4.0},{"damage":13.0,"enemies":"Spire Growth","floor":48.0,"turns":4.0},{"damage":22.0,"enemies":"Donu and Deca","floor":50.0,"turns":4.0},{"damage":47.0,"enemies":"Time Eater","floor":51.0,"turns":7.0},{"damage":25.0,"enemies":"Shield and Spear","floor":55.0,"turns":3.0},{"damage":48,"enemies":"The Heart","floor":56,"turns":6}],"seed_played":"-6288977467205245094","potions_obtained":[{"floor":1.0,"key":"FearPotion"},{"floor":4.0,"key":"Ancient Potion"},{"floor":14.0,"key":"Strength Potion"},{"floor":24.0,"key":"BloodPotion"},{"floor":29.0,"key":"AttackPotion"},{"floor":35.0,"key":"Energy Potion"},{"floor":42.0,"key":"Weak Potion"},{"floor":48.0,"key":"Weak Potion"}],"is_trial":false,"path_per_floor":["M","$","?","M","$","E","M","E","T","R","E","R","M","E","R","B",null,"M","?","$","?","M","R","E","M","T","R","M","E","$","M","R","B",null,"M","M","M","?","$","E","R","E","T","?","M","R","E","M","R","B","B",null,"R","$","E","B",null],"character_chosen":"IRONCLAD","items_purchased":["Seeing Red","Sundial"],"campfire_rested":0,"item_purchase_floors":[5,20],"current_hp_per_floor":[74,74,74,75,75,82,80,81,81,81,37,37,31,41,41,37,71,77,56,56,56,56,56,55,61,61,61,61,55,55,55,55,53,75,81,82,74,74,74,35,35,47,47,59,59,59,59,52,52,48,19,66,66,66,59,29],"gold":0,"neow_bonus":"THREE_ENEMY_KILL","is_prod":false,"is_daily":false,"chose_seed":false,"campfire_upgraded":7,"win_rate":0,"timestamp":1549979069,"path_taken":["M","$","?","?","?","E","M","E","T","R","E","R","M","E","R","BOSS","M","?","$","?","M","R","E","M","T","R","M","E","?","M","R","BOSS","M","M","M","?","$","E","R","E","T","?","M","R","E","M","R","BOSS","BOSS","R","$","E","BOSS"],"build_version":"2019-01-23","purchased_purges":1,"victory":true,"max_hp_per_floor":[75,75,75,75,75,82,82,82,82,82,82,82,82,82,82,82,82,82,82,82,82,82,82,82,82,82,82,82,82,82,82,82,82,82,82,82,82,82,82,82,82,82,82,82,82,82,82,82,82,82,82,82,82,82,82,82],"card_choices":[{"not_picked":["Clothesline","Heavy Blade"],"picked":"Second Wind","floor":1.0},{"not_picked":["Blood for Blood","Twin Strike"],"picked":"Pommel Strike","floor":4.0},{"not_picked":["Blood for Blood","Body Slam"],"picked":"Shockwave","floor":6.0},{"not_picked":["Iron Wave","Seeing Red","Combust"],"picked":"SKIP","floor":7.0},{"not_picked":["Searing Blow","Headbutt"],"picked":"Sword Boomerang","floor":8.0},{"not_picked":["Dark Embrace","Thunderclap","Searing Blow"],"picked":"SKIP","floor":11.0},{"not_picked":["Dark Embrace","Thunderclap","Searing Blow"],"picked":"SKIP","floor":11.0},{"not_picked":["Perfected Strike","Havoc"],"picked":"Battle Trance","floor":13.0},{"not_picked":["Twin Strike","Second Wind"],"picked":"Flame Barrier","floor":14.0},{"not_picked":["Impervious","Demon Form"],"picked":"Offering","floor":16.0},{"not_picked":["Rage","Twin Strike","Perfected Strike"],"picked":"SKIP","floor":18.0},{"not_picked":["Whirlwind","Wild Strike+1","Shockwave"],"picked":"SKIP","floor":22.0},{"not_picked":["Wild Strike+1","Shockwave"],"picked":"Whirlwind","floor":22.0},{"not_picked":["Iron Wave","Uppercut"],"picked":"Double Tap","floor":24.0},{"not_picked":["Spot Weakness+1","Carnage","Body Slam"],"picked":"SKIP","floor":25.0},{"not_picked":["Cleave","Body Slam","Combust+1"],"picked":"SKIP","floor":28.0},{"not_picked":["Cleave","Body Slam","Combust+1"],"picked":"SKIP","floor":28.0},{"not_picked":["Feel No Pain+1","Second Wind","Sword Boomerang"],"picked":"SKIP","floor":29.0},{"not_picked":["Thunderclap","Headbutt","Perfected Strike"],"picked":"SKIP","floor":31.0},{"not_picked":["Limit Break","Barricade+1"],"picked":"Fiend Fire","floor":33.0},{"not_picked":["Wild Strike","Pommel Strike","Sword Boomerang"],"picked":"SKIP","floor":35.0},{"not_picked":["Flex","True Grit","Perfected Strike"],"picked":"SKIP","floor":36.0},{"not_picked":["Havoc","Infernal Blade"],"picked":"Shrug It Off","floor":37.0},{"not_picked":["Anger","Clothesline","Second Wind"],"picked":"SKIP","floor":40.0},{"not_picked":["True Grit","Headbutt"],"picked":"Evolve+1","floor":42.0},{"not_picked":["Pommel Strike","Heavy Blade"],"picked":"Offering","floor":44.0},{"not_picked":["Pummel","Body Slam","Havoc+1"],"picked":"SKIP","floor":45.0},{"not_picked":["Shrug It Off+1","Rampage","Feel No Pain+1"],"picked":"SKIP","floor":47.0},{"not_picked":["Hemokinesis","Thunderclap+1","Feed"],"picked":"SKIP","floor":48.0},{"not_picked":["Clothesline","Rampage+1"],"picked":"Berserk+1","floor":55.0}],"player_experience":891209,"relics_obtained":[{"floor":6.0,"key":"Strawberry"},{"floor":8.0,"key":"The Courier"},{"floor":11.0,"key":"Meat on the Bone"},{"floor":14.0,"key":"Dream Catcher"},{"floor":19.0,"key":"Necronomicon"},{"floor":24.0,"key":"Frozen Egg 2"},{"floor":26.0,"key":"Darkstone Periapt"},{"floor":29.0,"key":"Bottled Lightning"},{"floor":40.0,"key":"Kunai"},{"floor":42.0,"key":"Whetstone"},{"floor":43.0,"key":"Peace Pipe"},{"floor":44.0,"key":"Champion Belt"},{"floor":47.0,"key":"Dodecahedron"},{"floor":55.0,"key":"Incense Burner"}],"event_choices":[{"damage_healed":0.0,"max_hp_gain":0.0,"max_hp_loss":0.0,"gold_gain":0.0,"cards_transformed":["Strike_R"],"event_name":"Transmorgrifier","player_choice":"Transformed","floor":3.0,"gold_loss":0.0,"damage_taken":0.0,"cards_obtained":["Demon Form"]},{"damage_healed":0.0,"max_hp_gain":0.0,"max_hp_loss":0.0,"gold_gain":0.0,"event_name":"Cursed Tome","player_choice":"Obtained Book","floor":19.0,"gold_loss":0.0,"damage_taken":21.0},{"damage_healed":0.0,"max_hp_gain":0.0,"max_hp_loss":0.0,"gold_gain":0.0,"event_name":"Tomb of Lord Red Mask","player_choice":"Paid","floor":38.0,"gold_loss":25.0,"damage_taken":0.0,"relics_obtained":["Red Mask"]},{"damage_healed":0.0,"max_hp_gain":0.0,"max_hp_loss":0.0,"gold_gain":0.0,"event_name":"Mysterious Sphere","player_choice":"Fight","floor":44.0,"gold_loss":0.0,"damage_taken":0.0}],"is_beta":false,"boss_relics":[{"not_picked":["Black Star","Pandora\u0027s Box"],"picked":"Ectoplasm"},{"not_picked":["Fusion Hammer","Black Blood"],"picked":"Coffee Dripper"}],"items_purged_floors":[2],"is_endless":false,"potions_floor_spawned":[1,4,14,24,29,31,35,37,42,48],"ascension_level":20}