{"gold_per_floor":[212,229,243,259,259,259,259,259,282,282,297,324,324,356,356,430,430,441,19,37,1,1,1,28,28,52,87,101,1,16,33,33,33],"floor_reached":33,"playtime":1005,"items_purged":["Strike_B"],"score":516,"play_id":"4e26f889-1b16-4fbf-997a-fce1907cfe22","local_time":"20181016120944","is_ascension_mode":true,"campfire_choices":[{"data":"Sunder","floor":6,"key":"SMITH"},{"data":"Consume","floor":8,"key":"SMITH"},{"floor":10,"key":"REST"},{"data":"Zap","floor":13,"key":"SMITH"},{"data":"Dualcast","floor":15,"key":"SMITH"},{"data":"Sweeping Beam","floor":23,"key":"SMITH"},{"floor":25,"key":"REST"},{"floor":32,"key":"REST"}],"neow_cost":"NONE","seed_source_timestamp":185781878523815,"circlet_count":0,"master_deck":["Strike_B","Strike_B","Defend_B","Defend_B","Defend_B","Defend_B","Zap+1","Dualcast+1","AscendersBane","Leap","Consume+1","Sunder+1","Cold Snap","FTL","Compile Driver","Core Surge","Ball Lightning","Sweeping Beam+1","Go for the Eyes","Defragment+1","Injury","Ball Lightning","Conserve Battery","Cold Snap","Leap","Auto Shields"],"relics":["Cracked Core","Vajra","Strawberry","Bird Faced Urn","Runic Dome","Mercury Hourglass","Darkstone Periapt","Lantern","Bronze Scales"],"potions_floor_usage":[4,16,24,30,33],"damage_taken":[{"damage":3,"enemies":"2 Louse","floor":1,"turns":3},{"damage":0,"enemies":"Jaw Worm","floor":2,"turns":5},{"damage":0,"enemies":"Small Slimes","floor":3,"turns":4},{"damage":42,"enemies":"Exordium Thugs","floor":4,"turns":5},{"damage":0,"enemies":"Large Slime","floor":11,"turns":5},{"damage":4,"enemies":"3 Sentries","floor":12,"turns":6},{"damage":1,"enemies":"Lagavulin","floor":14,"turns":6},{"damage":8,"enemies":"Slime Boss","floor":16,"turns":11},{"damage":15,"enemies":"Spheric Guardian","floor":18,"turns":4},{"damage":9,"enemies":"Shell Parasite","floor":20,"turns":3},{"damage":37,"enemies":"Book of Stabbing","floor":24,"turns":4},{"damage":15,"enemies":"Slavers","floor":27,"turns":4},{"damage":13,"enemies":"Chosen and Byrds","floor":28,"turns":3},{"damage":0,"enemies":"Snake Plant","floor":30,"turns":2},{"damage":0,"enemies":"Snecko","floor":31,"turns":4},{"damage":55,"enemies":"Champ","floor":33,"turns":10}],"seed_played":"-4059569983556342880","potions_obtained":[{"floor":3,"key":"Weak Potion"},{"floor":4,"key":"SneckoOil"},{"floor":12,"key":"Dexterity Potion"},{"floor":14,"key":"Explosive Potion"},{"floor":16,"key":"Energy Potion"},{"floor":18,"key":"FocusPotion"},{"floor":28,"key":"Ancient Potion"},{"floor":31,"key":"Ancient Potion"}],"is_trial":false,"path_per_floor":["M","M","M","M","?","R","?","R","T","R","M","E","R","E","R","B",null,"M","$","M","$","?","R","E","R","T","E","M","$","M","M","R"],"character_chosen":"DEFECT","items_purchased":["Mercury Hourglass","Ball Lightning","Sweeping Beam","Defragment","Leap","PowerPotion"],"campfire_rested":3,"item_purchase_floors":[19,19,19,21,29,29],"current_hp_per_floor":[61,61,61,19,19,19,19,19,19,40,40,43,43,42,42,34,67,52,52,43,43,43,43,8,31,31,18,7,7,9,11,34,0],"gold":33,"neow_bonus":"HUNDRED_GOLD","is_prod":false,"is_daily":false,"chose_seed":false,"campfire_upgraded":5,"win_rate":0,"timestamp":1539702584,"path_taken":["M","M","M","M","?","R","?","R","T","R","M","E","R","E","R","BOSS","M","$","?","?","?","R","E","R","T","E","M","?","?","M","R","BOSS"],"build_version":"2018-07-12","purchased_purges":1,"victory":false,"max_hp_per_floor":[71,71,71,71,71,71,71,71,71,71,71,78,78,78,78,78,78,78,78,78,78,78,78,78,78,78,78,78,78,78,78,78,78],"card_choices":[{"not_picked":["Compile Driver","Steam Power"],"picked":"Leap","floor":1},{"not_picked":["Force Field","Recycle"],"picked":"Consume","floor":2},{"not_picked":["Turbo","Hologram"],"picked":"Sunder","floor":3},{"not_picked":["Hologram","Buffer"],"picked":"Cold Snap","floor":4},{"not_picked":["Turbo","Hologram"],"picked":"FTL","floor":11},{"not_picked":["White Noise","Steam Power","Rebound"],"picked":"SKIP","floor":12},{"not_picked":["Beam Cell","Static Discharge"],"picked":"Compile Driver","floor":14},{"not_picked":["Multi-Cast","Buffer"],"picked":"Core Surge","floor":16},{"not_picked":["Stack","Turbo","Force Field"],"picked":"SKIP","floor":18},{"not_picked":["Leap","Redo"],"picked":"Go for the Eyes","floor":20},{"not_picked":["Reprogram","Go for the Eyes"],"picked":"Ball Lightning","floor":24},{"not_picked":["Amplify","Doom and Gloom"],"picked":"Conserve Battery","floor":27},{"not_picked":["Steam","Beam Cell"],"picked":"Cold Snap","floor":28},{"not_picked":["Hello World","Turbo","Go for the Eyes"],"picked":"SKIP","floor":30},{"not_picked":["Hello World","Turbo","Go for the Eyes"],"picked":"SKIP","floor":30},{"not_picked":["Go for the Eyes","Conserve Battery"],"picked":"Auto Shields","floor":31}],"player_experience":966898,"relics_obtained":[{"floor":9,"key":"Vajra"},{"floor":12,"key":"Strawberry"},{"floor":14,"key":"Bird Faced Urn"},{"floor":24,"key":"Darkstone Periapt"},{"floor":26,"key":"Lantern"},{"floor":27,"key":"Bronze Scales"}],"event_choices":[{"event_name":"Liars Game","player_choice":"disagreed","floor":5,"damage_taken":0},{"event_name":"Bonfire Elementals","player_choice":"BASIC","floor":7,"damage_taken":0},{"event_name":"Accursed Blacksmith","player_choice":"Forge","floor":22,"damage_taken":0}],"boss_relics":[{"not_picked":["Eternal Feather","Runic Pyramid"],"picked":"Runic Dome"}],"items_purged_floors":[19],"is_endless":false,"potions_floor_spawned":[3,4,12,14,16,18,28,31],"killed_by":"Champ","ascension_level":15}