{"gold_per_floor":[119,129,147,59,78,78,94,112,138,138,168,168,202,213,213,292,292,307,357,357,117,134,134,134],"floor_reached":24,"playtime":820,"items_purged":["Strike_R"],"score":416,"play_id":"c550c9d5-24d4-432a-91c3-e4827b96d665","local_time":"20190307131313","is_ascension_mode":true,"campfire_choices":[{"data":"Searing Blow","floor":6.0,"key":"SMITH"},{"data":"Searing Blow+1","floor":10.0,"key":"SMITH"},{"data":"Searing Blow+2","floor":12.0,"key":"SMITH"},{"data":"Searing Blow+3","floor":15.0,"key":"SMITH"},{"data":"Dark Embrace","floor":23.0,"key":"SMITH"}],"neow_cost":"NONE","seed_source_timestamp":525560183189710,"circlet_count":0,"master_deck":["AscendersBane","Strike_R","Strike_R","Strike_R","Strike_R","Defend_R","Defend_R","Defend_R","Defend_R","Bash","Sword Boomerang","Havoc","Body Slam","Searing Blow+4","Evolve","Burning Pact","Feel No Pain","Dark Embrace+1","Shrug It Off","Offering","Second Wind"],"special_seed":0,"relics":["Burning Blood","NeowsBlessing","Boot","Sundial","Lantern","Sozu","Juzu Bracelet"],"potions_floor_usage":[],"damage_taken":[{"damage":0.0,"enemies":"Small Slimes","floor":1.0,"turns":2.0},{"damage":0.0,"enemies":"2 Louse","floor":2.0,"turns":1.0},{"damage":0.0,"enemies":"Cultist","floor":3.0,"turns":1.0},{"damage":25.0,"enemies":"Exordium Thugs","floor":5.0,"turns":7.0},{"damage":19.0,"enemies":"Blue Slaver","floor":7.0,"turns":5.0},{"damage":15.0,"enemies":"Gremlin Gang","floor":8.0,"turns":5.0},{"damage":38.0,"enemies":"Gremlin Nob","floor":11.0,"turns":4.0},{"damage":6.0,"enemies":"3 Sentries","floor":13.0,"turns":10.0},{"damage":4.0,"enemies":"Looter","floor":14.0,"turns":5.0},{"damage":6.0,"enemies":"The Guardian","floor":16.0,"turns":9.0},{"damage":34.0,"enemies":"Shell Parasite","floor":18.0,"turns":4.0},{"damage":9.0,"enemies":"Spheric Guardian","floor":22.0,"turns":3.0},{"damage":32,"enemies":"Book of Stabbing","floor":24,"turns":3}],"seed_played":"1358467098829089439","potions_obtained":[{"floor":1.0,"key":"Fruit Juice"},{"floor":2.0,"key":"Dexterity Potion"},{"floor":5.0,"key":"AttackPotion"},{"floor":11.0,"key":"GamblersBrew"},{"floor":13.0,"key":"SkillPotion"}],"is_trial":false,"path_per_floor":["M","M","M","$","M","R","M","M","T","R","E","R","E","M","R","B",null,"M","?","?","$","M","R","E"],"character_chosen":"IRONCLAD","items_purchased":["Searing Blow","Juzu Bracelet"],"campfire_rested":0,"item_purchase_floors":[4,21],"current_hp_per_floor":[74,75,75,75,61,61,48,39,39,39,7,7,7,9,9,9,62,34,34,34,34,31,31,0],"gold":134,"neow_bonus":"THREE_ENEMY_KILL","is_prod":false,"is_daily":false,"chose_seed":false,"campfire_upgraded":5,"win_rate":0,"timestamp":1551935593,"path_taken":["M","M","M","$","M","R","M","M","T","R","E","R","E","M","R","BOSS","M","?","?","$","M","R","E"],"build_version":"2019-01-23","purchased_purges":1,"victory":false,"max_hp_per_floor":[75,75,75,75,80,80,80,80,80,80,80,80,80,80,80,80,80,80,80,80,80,80,80,80],"card_choices":[{"not_picked":["Ghostly Armor","Flame Barrier"],"picked":"Sword Boomerang","floor":1.0},{"not_picked":["Reckless Charge","Sentinel"],"picked":"Havoc","floor":2.0},{"not_picked":["Intimidate","Headbutt"],"picked":"Body Slam","floor":3.0},{"not_picked":["Fire Breathing","Iron Wave"],"picked":"Evolve","floor":5.0},{"not_picked":["Cleave","Iron Wave"],"picked":"Burning Pact","floor":7.0},{"not_picked":["Pommel Strike","Twin Strike"],"picked":"Feel No Pain","floor":8.0},{"not_picked":["Whirlwind","Combust"],"picked":"Dark Embrace","floor":11.0},{"not_picked":["Wild Strike","Shockwave"],"picked":"Shrug It Off","floor":13.0},{"not_picked":["Pummel","Wild Strike","Perfected Strike"],"picked":"SKIP","floor":14.0},{"not_picked":["Immolate","Fiend Fire"],"picked":"Offering","floor":16.0},{"not_picked":["Corruption+1","Blood for Blood","Armaments"],"picked":"SKIP","floor":18.0},{"not_picked":["Headbutt","Intimidate","Thunderclap"],"picked":"SKIP","floor":22.0}],"player_experience":1178970,"relics_obtained":[{"floor":9.0,"key":"Boot"},{"floor":11.0,"key":"Sundial"},{"floor":13.0,"key":"Lantern"}],"event_choices":[{"damage_healed":0.0,"max_hp_gain":0.0,"max_hp_loss":0.0,"gold_gain":50.0,"event_name":"Nest","player_choice":"Stole From Cult","floor":19.0,"gold_loss":0.0,"damage_taken":0.0},{"damage_healed":0.0,"max_hp_gain":0.0,"max_hp_loss":0.0,"gold_gain":0.0,"event_name":"The Library","player_choice":"Read","floor":20.0,"gold_loss":0.0,"damage_taken":0.0,"cards_obtained":["Second Wind"]}],"is_beta":false,"boss_relics":[{"not_picked":["White Beast Statue","Busted Crown"],"picked":"Sozu"}],"items_purged_floors":[21],"is_endless":false,"potions_floor_spawned":[1,2,5,11,13,22],"killed_by":"Book of Stabbing","ascension_level":20}