{"path_per_floor":["M","?","$","?","M","E","M","R","T","R","?","M"],"character_chosen":"DEFECT","items_purchased":[],"gold_per_floor":[114,114,39,39,50,76,96,96,96,96,96,110,110],"floor_reached":13,"campfire_rested":0,"playtime":376,"item_purchase_floors":[],"current_hp_per_floor":[75,75,75,75,73,53,40,40,40,40,40,19,0],"items_purged":["Defend_B"],"gold":110,"score":95,"play_id":"a06523ed-8935-4c96-916a-3b6e7f502a40","local_time":"20180620095049","is_prod":false,"is_daily":false,"chose_seed":false,"is_ascension_mode":true,"campfire_upgraded":1,"win_rate":0,"timestamp":1529506249,"campfire_choices":[{"data":"Hologram","floor":8,"key":"SMITH"},{"data":"1","floor":10,"key":"LIFT"}],"path_taken":["M","?","?","?","M","E","?","R","T","R","?","M","E"],"build_version":"2018-06-19v2","seed_source_timestamp":970360777681865,"purchased_purges":1,"circlet_count":0,"victory":false,"master_deck":["Strike_B","Strike_B","Strike_B","Strike_B","Defend_B","Defend_B","Defend_B","Zap","Dualcast","Reprogram","Regret","Blizzard","Hologram+1","Injury","Cold Snap"],"max_hp_per_floor":[75,75,75,75,75,75,75,75,75,75,75,75,75],"relics":["Cracked Core","Bird Faced Urn","Girya","Frozen Egg 2","Golden Idol"],"card_choices":[{"not_picked":["Undo","Hello World"],"picked":"Reprogram","floor":1},{"not_picked":["Beam Cell","Leap"],"picked":"Blizzard","floor":5},{"not_picked":["Barrage","Turbo"],"picked":"Hologram","floor":6},{"not_picked":["Sweeping Beam","Barrage","Beam Cell"],"picked":"SKIP","floor":7},{"not_picked":["Stack","Leap"],"picked":"Cold Snap","floor":12}],"player_experience":216589,"potions_floor_usage":[13],"damage_taken":[{"damage":0,"enemies":"2 Louse","floor":1,"turns":3},{"damage":2,"enemies":"Cultist","floor":5,"turns":4},{"damage":20,"enemies":"Gremlin Nob","floor":6,"turns":4},{"damage":13,"enemies":"Jaw Worm","floor":7,"turns":3},{"damage":21,"enemies":"Exordium Thugs","floor":12,"turns":5},{"damage":20,"enemies":"Lagavulin","floor":13,"turns":3}],"relics_obtained":[{"floor":6,"key":"Girya"},{"floor":9,"key":"Frozen Egg 2"}],"event_choices":[{"event_name":"The Woman in Blue","player_choice":"Bought 0 Potions","floor":2,"damage_taken":0},{"event_name":"Big Fish","player_choice":"Box","floor":4,"damage_taken":0},{"event_name":"Golden Idol","player_choice":"Take Wound","floor":11,"damage_taken":0}],"boss_relics":[],"items_purged_floors":[3],"is_endless":false,"potions_floor_spawned":[1,6],"seed_played":"1741193051478770193","killed_by":"Lagavulin","ascension_level":3,"potions_obtained":[{"floor":1,"key":"Weak Potion"},{"floor":6,"key":"LiquidBronze"}],"is_trial":false}