{"gold_per_floor":[363,381,43,61,61,61,88,104,104,122,272,285,56,105,105,183,183,202,117,117,130,130],"floor_reached":22,"playtime":1514,"items_purged":["Injury"],"score":372,"play_id":"4e830b11-5a0a-4313-ad0e-cb06ca535c88","local_time":"20190501134508","is_ascension_mode":true,"campfire_choices":[{"data":"Apotheosis","floor":6,"key":"SMITH"},{"floor":15,"key":"REST"}],"neow_cost":"CURSE","seed_source_timestamp":1286026606233600,"circlet_count":0,"master_deck":["AscendersBane","Strike_R","Strike_R","Strike_R","Strike_R","Strike_R","Defend_R","Defend_R","Defend_R","Defend_R","Bash","Shockwave","Battle Trance","Apotheosis+1","Uppercut","True Grit","Wild Strike","Pommel Strike","Doubt","Corruption","Reaper"],"relics":["Burning Blood","Potion Belt","Centennial Puzzle","Strange Spoon","PreservedInsect","Mark of Pain","Meat on the Bone"],"potions_floor_usage":[7,16,16],"damage_taken":[{"damage":31,"enemies":"Jaw Worm","floor":1,"turns":6},{"damage":8,"enemies":"2 Louse","floor":2,"turns":4},{"damage":8,"enemies":"Cultist","floor":4,"turns":4},{"damage":27,"enemies":"Gremlin Nob","floor":7,"turns":4},{"damage":8,"enemies":"Blue Slaver","floor":8,"turns":5},{"damage":1,"enemies":"Looter","floor":10,"turns":4},{"damage":5,"enemies":"Red Slaver","floor":12,"turns":3},{"damage":50,"enemies":"Slime Boss","floor":16,"turns":12},{"damage":29,"enemies":"Spheric Guardian","floor":18,"turns":6},{"damage":35,"enemies":"Chosen","floor":21,"turns":5},{"damage":45,"enemies":"Shelled Parasite and Fungi","floor":22,"turns":4}],"seed_played":"-8985068737380281778","potions_obtained":[{"floor":2,"key":"AttackPotion"},{"floor":7,"key":"Swift Potion"},{"floor":8,"key":"FearPotion"}],"is_trial":false,"path_per_floor":["M","M","$","M","?","R","E","M","T","M","?","M","$","T","R","B",null,"M","?","?","M","M"],"character_chosen":"IRONCLAD","items_purchased":["Apotheosis","Uppercut","Strange Spoon"],"campfire_rested":1,"item_purchase_floors":[3,3,13],"current_hp_per_floor":[43,41,41,39,64,64,43,41,41,46,46,47,47,47,69,25,63,43,43,43,36,0],"gold":130,"neow_bonus":"TWO_FIFTY_GOLD","is_prod":false,"is_daily":false,"chose_seed":false,"campfire_upgraded":1,"win_rate":0,"timestamp":1556714708,"path_taken":["M","M","$","M","?","R","E","M","T","M","?","?","$","?","R","BOSS","M","?","?","?","M"],"build_version":"2019-01-23","purchased_purges":1,"victory":false,"max_hp_per_floor":[75,75,75,75,75,75,75,75,75,75,75,75,75,75,75,75,75,75,75,75,75,75],"card_choices":[{"not_picked":["True Grit","Iron Wave"],"picked":"Shockwave","floor":1},{"not_picked":["Pummel","Rampage"],"picked":"Battle Trance","floor":2},{"not_picked":["Anger","Perfected Strike","Headbutt"],"picked":"SKIP","floor":4},{"not_picked":["Havoc","Body Slam"],"picked":"True Grit","floor":7},{"not_picked":["Clash","Dual Wield"],"picked":"Wild Strike","floor":8},{"not_picked":["Exhume","Heavy Blade"],"picked":"Pommel Strike","floor":10},{"not_picked":["Perfected Strike","Thunderclap"],"picked":"Corruption","floor":12},{"not_picked":["Barricade","Brutality"],"picked":"Reaper","floor":16},{"not_picked":["Armaments","Anger","Perfected Strike"],"picked":"SKIP","floor":18},{"not_picked":["Cleave","Intimidate","Clash"],"picked":"SKIP","floor":21}],"player_experience":435220,"relics_obtained":[{"floor":7,"key":"Potion Belt"},{"floor":9,"key":"Centennial Puzzle"},{"floor":14,"key":"PreservedInsect"}],"event_choices":[{"damage_healed":25,"gold_gain":0,"player_choice":"Banana","damage_taken":0,"max_hp_gain":0,"max_hp_loss":0,"event_name":"Big Fish","floor":5,"gold_loss":0},{"damage_healed":0,"gold_gain":150,"player_choice":"AGREE","damage_taken":0,"max_hp_gain":0,"max_hp_loss":0,"event_name":"Liars Game","floor":11,"gold_loss":0,"cards_obtained":["Doubt"]},{"damage_healed":0,"gold_gain":0,"player_choice":"Obtained Relic","damage_taken":0,"relics_obtained":["Meat on the Bone"],"max_hp_gain":0,"max_hp_loss":0,"event_name":"Addict","floor":19,"gold_loss":85},{"damage_healed":0,"gold_gain":0,"player_choice":"Ignored","damage_taken":0,"max_hp_gain":0,"max_hp_loss":0,"event_name":"N\u0027loth","floor":20,"gold_loss":0}],"is_beta":false,"boss_relics":[{"not_picked":["Empty Cage","Runic Dome"],"picked":"Mark of Pain"}],"items_purged_floors":[3],"is_endless":false,"potions_floor_spawned":[2,7,8],"killed_by":"Shelled Parasite and Fungi","ascension_level":20}