{"gold_per_floor":[367,385,310,329,83,83,102,102,147,47,60,70,70,103,103,180,180,192,207,257,289,309,338,338,350,350,350,368,394,106,119,119,192,192,205,55,55,67,79,104,118,143,143,143,365,365,365,396,396,396,396,396,396,6,35,35],"floor_reached":57,"playtime":2870,"items_purged":["Strike_R","Strike_R","Strike_R","Strike_R","Carnage"],"score":3589,"play_id":"89cb27f7-b986-47fa-9fc1-245f395e6de3","local_time":"20190511134012","is_ascension_mode":true,"campfire_choices":[{"data":"Armaments","floor":6.0,"key":"SMITH"},{"data":"Pommel Strike","floor":15.0,"key":"SMITH"},{"data":"Offering","floor":27.0,"key":"SMITH"},{"data":"Burning Pact","floor":32.0,"key":"SMITH"},{"data":"Shrug It Off","floor":44.0,"key":"SMITH"},{"data":"Second Wind","floor":47.0,"key":"SMITH"},{"floor":49.0,"key":"RECALL"},{"data":"Evolve","floor":53,"key":"SMITH"}],"neow_cost":"PERCENT_DAMAGE","seed_source_timestamp":1395245643551438,"circlet_count":0,"master_deck":["AscendersBane","Defend_R","Defend_R","Defend_R","Defend_R","Pommel Strike+1","Armaments+1","Evolve+1","Second Wind+1","Offering+1","Shrug It Off+1","Burning Pact+1"],"special_seed":0,"relics":["Burning Blood","Bag of Preparation","Sundial","Oddly Smooth Stone","Pear","Black Star","Red Mask","Matryoshka","PreservedInsect","Blood Vial","Orichalcum","Centennial Puzzle","Potion Belt","Coffee Dripper","Bronze Scales","Art of War","Red Skull","Happy Flower","Bird Faced Urn","Strawberry","Ancient Tea Set","Sling","Paper Frog","Mango"],"potions_floor_usage":[51,56,56,56],"damage_taken":[{"damage":12.0,"enemies":"Jaw Worm","floor":1.0,"turns":4.0},{"damage":1.0,"enemies":"Cultist","floor":2.0,"turns":3.0},{"damage":9.0,"enemies":"Small Slimes","floor":4.0,"turns":4.0},{"damage":3.0,"enemies":"Blue Slaver","floor":7.0,"turns":5.0},{"damage":10.0,"enemies":"Large Slime","floor":11.0,"turns":5.0},{"damage":5.0,"enemies":"Looter","floor":12.0,"turns":3.0},{"damage":20.0,"enemies":"Lagavulin","floor":14.0,"turns":4.0},{"damage":6.0,"enemies":"The Guardian","floor":16.0,"turns":2.0},{"damage":6.0,"enemies":"3 Byrds","floor":18.0,"turns":2.0},{"damage":6.0,"enemies":"Shell Parasite","floor":19.0,"turns":2.0},{"damage":19.0,"enemies":"Masked Bandits","floor":21.0,"turns":3.0},{"damage":6.0,"enemies":"Snecko","floor":22.0,"turns":3.0},{"damage":6.0,"enemies":"Gremlin Leader","floor":23.0,"turns":3.0},{"damage":6.0,"enemies":"Cultist and Chosen","floor":25.0,"turns":6.0},{"damage":6.0,"enemies":"Centurion and Healer","floor":28.0,"turns":2.0},{"damage":6.0,"enemies":"Slavers","floor":29.0,"turns":2.0},{"damage":7.0,"enemies":"Snecko","floor":31.0,"turns":6.0},{"damage":6.0,"enemies":"Collector","floor":33.0,"turns":2.0},{"damage":0.0,"enemies":"Orb Walker","floor":35.0,"turns":2.0},{"damage":6.0,"enemies":"3 Darklings","floor":38.0,"turns":2.0},{"damage":6.0,"enemies":"Maw","floor":39.0,"turns":2.0},{"damage":6.0,"enemies":"Nemesis","floor":40.0,"turns":3.0},{"damage":6.0,"enemies":"Jaw Worm Horde","floor":41.0,"turns":1.0},{"damage":6.0,"enemies":"Reptomancer","floor":42.0,"turns":1.0},{"damage":6.0,"enemies":"Giant Head","floor":48.0,"turns":1.0},{"damage":6.0,"enemies":"Awakened One","floor":50.0,"turns":2.0},{"damage":63,"enemies":"Time Eater","floor":51,"turns":12},{"damage":0,"enemies":"Shield and Spear","floor":55,"turns":1},{"damage":0,"enemies":"The Heart","floor":56,"turns":4}],"seed_played":"2579972853516456554","potions_obtained":[{"floor":4.0,"key":"Energy Potion"},{"floor":7.0,"key":"SpeedPotion"},{"floor":11.0,"key":"Regen Potion"},{"floor":19.0,"key":"SkillPotion"},{"floor":24.0,"key":"SkillPotion"},{"floor":33.0,"key":"Explosive Potion"},{"floor":41.0,"key":"AttackPotion"}],"is_trial":false,"path_per_floor":["M","M","?","M","$","R","M","T","T","$","M","M","?","E","R","B",null,"M","M","?","?","M","E","?","M","T","R","M","E","$","M","R","B",null,"M","$","?","M","M","E","M","E","T","R","?","?","R","E","R","B","B",null,"R","$","E","B",null],"character_chosen":"IRONCLAD","items_purchased":["Bag of Preparation","Potion Belt","Sling"],"campfire_rested":0,"item_purchase_floors":[5,30,54],"current_hp_per_floor":[44,49,49,46,46,46,49,49,49,49,45,46,46,42,42,42,74,74,74,74,61,61,61,61,61,61,61,63,65,65,66,66,68,81,85,85,85,85,85,85,85,85,85,85,85,81,81,88,88,88,31,74,74,74,96,102],"gold":35,"neow_bonus":"TWO_FIFTY_GOLD","is_prod":false,"is_daily":false,"chose_seed":false,"campfire_upgraded":7,"win_rate":0,"timestamp":1557553212,"path_taken":["M","M","?","M","$","R","M","?","T","$","?","M","?","E","R","BOSS","M","?","?","?","M","E","?","?","T","R","?","E","$","M","R","BOSS","M","$","?","M","M","E","M","E","T","R","?","?","R","E","R","BOSS","BOSS","R","$","E","BOSS"],"build_version":"2019-01-23","purchased_purges":5,"victory":true,"max_hp_per_floor":[75,75,75,75,75,75,75,75,75,75,75,75,75,85,85,85,85,85,85,85,85,85,85,85,85,85,85,85,85,85,85,85,85,85,85,85,85,85,85,85,85,85,85,85,85,81,81,88,88,88,88,88,88,88,102,102],"card_choices":[{"not_picked":["Sentinel","Wild Strike"],"picked":"Pommel Strike","floor":1.0},{"not_picked":["Rupture","Wild Strike","Dropkick"],"picked":"SKIP","floor":2.0},{"not_picked":["Clash","Perfected Strike"],"picked":"Armaments","floor":4.0},{"not_picked":["Wild Strike","Iron Wave"],"picked":"Evolve","floor":7.0},{"not_picked":["Anger","Bloodletting"],"picked":"Carnage","floor":11.0},{"not_picked":["Metallicize","Feel No Pain"],"picked":"Second Wind","floor":12.0},{"not_picked":["Fiend Fire","Cleave"],"picked":"Shrug It Off","floor":14.0},{"not_picked":["Thunderclap","Dropkick+1","Metallicize"],"picked":"SKIP","floor":18.0},{"not_picked":["Headbutt","Cleave","Body Slam"],"picked":"SKIP","floor":19.0},{"not_picked":["Body Slam","Metallicize","Armaments+1"],"picked":"SKIP","floor":22.0},{"not_picked":["Combust","Rage"],"picked":"Burning Pact","floor":23.0},{"not_picked":["Sword Boomerang","Juggernaut","Twin Strike"],"picked":"SKIP","floor":25.0},{"not_picked":["Sword Boomerang","Juggernaut","Twin Strike"],"picked":"SKIP","floor":25.0},{"not_picked":["Clash","Spot Weakness","Battle Trance"],"picked":"SKIP","floor":28.0},{"not_picked":["Perfected Strike","Uppercut","Juggernaut"],"picked":"SKIP","floor":29.0},{"not_picked":["Anger+1","Reckless Charge","Hemokinesis"],"picked":"SKIP","floor":31.0},{"not_picked":["Ghostly Armor+1","Rupture","Warcry"],"picked":"SKIP","floor":35.0},{"not_picked":["Sentinel","Blood for Blood+1","Cleave"],"picked":"SKIP","floor":38.0},{"not_picked":["Fire Breathing+1","Combust+1","Warcry"],"picked":"SKIP","floor":39.0},{"not_picked":["Armaments+1","Feel No Pain","Reaper"],"picked":"SKIP","floor":40.0},{"not_picked":["Combust","Hemokinesis","True Grit"],"picked":"SKIP","floor":41.0},{"not_picked":["Pommel Strike","Perfected Strike","Shrug It Off"],"picked":"SKIP","floor":42.0},{"not_picked":["Fire Breathing","Inflame","Double Tap"],"picked":"SKIP","floor":48.0},{"not_picked":["Flex+1","Combust+1","Infernal Blade+1"],"picked":"SKIP","floor":55}],"player_experience":1928991,"relics_obtained":[{"floor":8.0,"key":"Sundial"},{"floor":9.0,"key":"Oddly Smooth Stone"},{"floor":14.0,"key":"Pear"},{"floor":21.0,"key":"Red Mask"},{"floor":23.0,"key":"Matryoshka"},{"floor":23.0,"key":"PreservedInsect"},{"floor":26.0,"key":"Blood Vial"},{"floor":29.0,"key":"Orichalcum"},{"floor":29.0,"key":"Centennial Puzzle"},{"floor":40.0,"key":"Bronze Scales"},{"floor":42.0,"key":"Art of War"},{"floor":42.0,"key":"Red Skull"},{"floor":43.0,"key":"Happy Flower"},{"floor":43.0,"key":"Bird Faced Urn"},{"floor":48.0,"key":"Strawberry"},{"floor":48.0,"key":"Ancient Tea Set"},{"floor":55,"key":"Paper Frog"},{"floor":55,"key":"Mango"}],"event_choices":[{"cards_removed":["Strike_R"],"damage_healed":0.0,"max_hp_gain":0.0,"max_hp_loss":0.0,"gold_gain":0.0,"event_name":"The Cleric","player_choice":"Card Removal","floor":3.0,"gold_loss":75.0,"damage_taken":0.0},{"damage_healed":0.0,"max_hp_gain":0.0,"max_hp_loss":0.0,"gold_gain":0.0,"event_name":"Match and Keep!","player_choice":"1 cards matched","floor":13.0,"gold_loss":0.0,"damage_taken":0.0,"cards_obtained":["Offering"]},{"damage_healed":0.0,"max_hp_gain":0.0,"max_hp_loss":0.0,"gold_gain":50.0,"event_name":"Nest","player_choice":"Stole From Cult","floor":20.0,"gold_loss":0.0,"damage_taken":0.0},{"damage_healed":0.0,"max_hp_gain":0.0,"max_hp_loss":0.0,"gold_gain":0.0,"event_name":"Masked Bandits","player_choice":"Fought Bandits","floor":21.0,"gold_loss":0.0,"damage_taken":0.0},{"damage_healed":0.0,"max_hp_gain":0.0,"max_hp_loss":0.0,"gold_gain":0.0,"event_name":"Lab","player_choice":"Got Potions","floor":24.0,"gold_loss":0.0,"damage_taken":0.0},{"cards_removed":["Bash"],"damage_healed":0.0,"max_hp_gain":0.0,"max_hp_loss":0.0,"gold_gain":0.0,"event_name":"Falling","player_choice":"Removed Attack","floor":37.0,"gold_loss":0.0,"damage_taken":0.0},{"damage_healed":0.0,"max_hp_gain":0.0,"max_hp_loss":0.0,"gold_gain":222.0,"event_name":"Tomb of Lord Red Mask","player_choice":"Wore Mask","floor":45.0,"gold_loss":0.0,"damage_taken":0.0},{"damage_healed":0.0,"max_hp_gain":0.0,"max_hp_loss":4.0,"gold_gain":0.0,"event_name":"Winding Halls","player_choice":"Max HP","floor":46.0,"gold_loss":0.0,"damage_taken":0.0}],"is_beta":false,"boss_relics":[{"not_picked":["Busted Crown","Runic Pyramid"],"picked":"Black Star"},{"not_picked":["Fusion Hammer","Lizard Tail"],"picked":"Coffee Dripper"}],"items_purged_floors":[5,10,30,36,54],"is_endless":false,"potions_floor_spawned":[4,7,11,12,19,25,28,29,33,41,42,48],"ascension_level":20}