{"gold_per_floor":[114,125,145,145,70,70,96,96,123,157,174,174,203,103,103,200,200,220,220,238,249,262,293,310,326,352,352,384,384,418,438,438,543,543,562,562,582,582,582,582,608,608,608,608],"floor_reached":44,"playtime":1480,"items_purged":["Strike_R","Defend_R"],"score":636,"play_id":"ae7009a6-1c05-4b1d-b434-5539cabf64af","local_time":"20190422153331","is_ascension_mode":true,"campfire_choices":[{"floor":6,"key":"REST"},{"data":"Searing Blow","floor":8,"key":"SMITH"},{"data":"Searing Blow+1","floor":12,"key":"SMITH"},{"data":"Searing Blow+2","floor":15,"key":"SMITH"},{"data":"Searing Blow+3","floor":27,"key":"SMITH"},{"data":"Searing Blow+4","floor":29,"key":"SMITH"},{"data":"Searing Blow+5","floor":32,"key":"SMITH"},{"data":"Searing Blow+6","floor":40,"key":"SMITH"},{"data":"Searing Blow+7","floor":42,"key":"SMITH"}],"neow_cost":"NONE","seed_source_timestamp":84270390406253,"circlet_count":0,"master_deck":["Strike_R","Strike_R","Strike_R","Strike_R","Defend_R","Defend_R","Defend_R+1","Bash+1","Searing Blow+8","Deep Breath","Flame Barrier","Armaments+1","Double Tap+1","Battle Trance","Normality","Dropkick+1","Inflame+1","Madness","Madness","Thinking Ahead","Normality"],"relics":["Burning Blood","Red Skull","Oddly Smooth Stone","Nunchaku","Odd Mushroom","Cursed Key","Mummified Hand","War Paint","Self Forming Clay","Shovel","Velvet Choker","Matryoshka","Ancient Tea Set","Orichalcum","Bottled Flame"],"potions_floor_usage":[13,16,23,41],"damage_taken":[{"damage":6,"enemies":"Jaw Worm","floor":1,"turns":3},{"damage":6,"enemies":"Cultist","floor":2,"turns":3},{"damage":12,"enemies":"2 Louse","floor":3,"turns":2},{"damage":49,"enemies":"Lagavulin","floor":7,"turns":6},{"damage":6,"enemies":"Gremlin Nob","floor":10,"turns":3},{"damage":0,"enemies":"Exordium Thugs","floor":11,"turns":4},{"damage":6,"enemies":"The Mushroom Lair","floor":13,"turns":5},{"damage":11,"enemies":"Hexaghost","floor":16,"turns":9},{"damage":6,"enemies":"Shell Parasite","floor":18,"turns":5},{"damage":10,"enemies":"2 Thieves","floor":20,"turns":4},{"damage":0,"enemies":"Snake Plant","floor":21,"turns":2},{"damage":0,"enemies":"Centurion and Healer","floor":22,"turns":4},{"damage":17,"enemies":"Book of Stabbing","floor":23,"turns":5},{"damage":4,"enemies":"Cultist and Chosen","floor":24,"turns":4},{"damage":15,"enemies":"3 Cultists","floor":25,"turns":5},{"damage":28,"enemies":"Slavers","floor":28,"turns":8},{"damage":0,"enemies":"Gremlin Leader","floor":30,"turns":5},{"damage":7,"enemies":"Centurion and Healer","floor":31,"turns":5},{"damage":0,"enemies":"Collector","floor":33,"turns":3},{"damage":18,"enemies":"3 Darklings","floor":35,"turns":6},{"damage":0,"enemies":"Orb Walker","floor":37,"turns":3},{"damage":27,"enemies":"Nemesis","floor":41,"turns":3},{"damage":53,"enemies":"Reptomancer","floor":44,"turns":2}],"seed_played":"8485172395934129061","potions_obtained":[{"floor":2,"key":"SteroidPotion"},{"floor":3,"key":"Block Potion"},{"floor":10,"key":"Block Potion"},{"floor":13,"key":"Energy Potion"},{"floor":21,"key":"Dexterity Potion"},{"floor":23,"key":"Block Potion"},{"floor":30,"key":"Strength Potion"}],"is_trial":false,"path_per_floor":["M","M","M","?","$","R","E","R","T","E","M","R","?","$","R","B",null,"M","?","M","M","M","E","M","M","T","R","E","R","E","M","R","B",null,"M","?","M","?","?","R","E","R","T","E"],"character_chosen":"IRONCLAD","items_purchased":[],"campfire_rested":1,"item_purchase_floors":[],"current_hp_per_floor":[80,80,74,74,74,80,37,37,37,37,43,43,43,43,43,38,80,80,80,76,80,80,69,71,62,62,62,40,40,46,45,45,51,80,68,58,64,59,59,59,38,38,38,0],"gold":608,"neow_bonus":"UPGRADE_CARD","is_prod":false,"is_daily":false,"chose_seed":false,"campfire_upgraded":8,"win_rate":0,"timestamp":1555965211,"path_taken":["M","M","M","?","?","R","E","R","T","E","M","R","?","$","R","BOSS","M","?","M","M","M","E","?","M","T","R","E","R","E","M","R","BOSS","M","?","M","?","?","R","E","R","T","E"],"build_version":"2019-01-23","purchased_purges":2,"victory":false,"max_hp_per_floor":[80,80,80,80,80,80,80,80,80,80,80,80,80,80,80,80,80,80,80,80,80,80,80,80,80,80,80,80,80,80,80,80,80,80,80,80,80,80,80,80,80,80,80,80],"card_choices":[{"not_picked":["Anger","Bloodletting"],"picked":"Searing Blow","floor":1},{"not_picked":["Perfected Strike","Thunderclap","Cleave"],"picked":"SKIP","floor":2},{"not_picked":["Sentinel","Sever Soul","Heavy Blade"],"picked":"SKIP","floor":3},{"not_picked":["Hemokinesis","Searing Blow"],"picked":"Flame Barrier","floor":7},{"not_picked":["Offering","Exhume"],"picked":"Armaments","floor":10},{"not_picked":["Iron Wave","Warcry","Sword Boomerang"],"picked":"SKIP","floor":11},{"not_picked":["Demon Form","Limit Break"],"picked":"Double Tap","floor":16},{"not_picked":["Anger","Feel No Pain+1"],"picked":"Battle Trance","floor":18},{"not_picked":["Whirlwind+1","Searing Blow+1","Anger"],"picked":"SKIP","floor":20},{"not_picked":["Pommel Strike","Feel No Pain","Second Wind"],"picked":"SKIP","floor":21},{"not_picked":["Sword Boomerang","Carnage","Clothesline"],"picked":"SKIP","floor":22},{"not_picked":["Seeing Red","Bloodletting","Power Through+1"],"picked":"SKIP","floor":23},{"not_picked":["Intimidate","Uppercut+1","Wild Strike"],"picked":"SKIP","floor":24},{"not_picked":["Searing Blow","Fire Breathing+1","Armaments"],"picked":"SKIP","floor":25},{"not_picked":["Combust","Feel No Pain","Hemokinesis+1"],"picked":"SKIP","floor":28},{"not_picked":["Dual Wield","Wild Strike+1"],"picked":"Dropkick+1","floor":30},{"not_picked":["Dark Embrace","Iron Wave"],"picked":"Inflame+1","floor":31},{"not_picked":["Flex+1","Thunderclap+1","Warcry"],"picked":"SKIP","floor":35},{"not_picked":["True Grit","Dual Wield+1","Clothesline"],"picked":"SKIP","floor":37},{"not_picked":["Dark Shackles","Secret Technique"],"picked":"Thinking Ahead","floor":38},{"not_picked":["Intimidate+1","Second Wind","True Grit+1"],"picked":"SKIP","floor":41}],"player_experience":98579,"relics_obtained":[{"floor":7,"key":"Red Skull"},{"floor":9,"key":"Oddly Smooth Stone"},{"floor":10,"key":"Nunchaku"},{"floor":13,"key":"Odd Mushroom"},{"floor":23,"key":"Mummified Hand"},{"floor":26,"key":"War Paint"},{"floor":28,"key":"Self Forming Clay"},{"floor":30,"key":"Shovel"},{"floor":39,"key":"Matryoshka"},{"floor":41,"key":"Ancient Tea Set"},{"floor":43,"key":"Orichalcum"},{"floor":43,"key":"Bottled Flame"}],"event_choices":[{"damage_healed":0,"gold_gain":0,"player_choice":"1 cards matched","damage_taken":0,"max_hp_gain":0,"max_hp_loss":0,"event_name":"Match and Keep!","floor":4,"gold_loss":0,"cards_obtained":["Deep Breath"]},{"damage_healed":0,"gold_gain":0,"player_choice":"Fought Mushrooms","damage_taken":0,"max_hp_gain":0,"max_hp_loss":0,"event_name":"Mushrooms","floor":13,"gold_loss":0},{"damage_healed":0,"gold_gain":0,"player_choice":"Upgraded","damage_taken":0,"max_hp_gain":0,"max_hp_loss":0,"event_name":"Upgrade Shrine","floor":19,"gold_loss":0,"cards_upgraded":["Armaments"]},{"damage_healed":0,"gold_gain":0,"player_choice":"Embrace Madness","damage_taken":10,"max_hp_gain":0,"max_hp_loss":0,"event_name":"Winding Halls","floor":36,"gold_loss":0,"cards_obtained":["Madness","Madness"]},{"damage_healed":0,"gold_gain":0,"player_choice":"Memory 2","damage_taken":5,"max_hp_gain":0,"max_hp_loss":0,"event_name":"SensoryStone","floor":38,"gold_loss":0},{"damage_healed":0,"gold_gain":0,"player_choice":"Relic","damage_taken":0,"max_hp_gain":0,"max_hp_loss":0,"event_name":"Wheel of Change","floor":39,"gold_loss":0}],"is_beta":false,"boss_relics":[{"not_picked":["Sozu","Runic Dome"],"picked":"Cursed Key"},{"not_picked":["Astrolabe","Calling Bell"],"picked":"Velvet Choker"}],"items_purged_floors":[5,14],"is_endless":false,"potions_floor_spawned":[2,3,10,13,21,22,23,24,30],"killed_by":"Reptomancer","ascension_level":1}