{"gold_per_floor":[114,114,126,126,126,126,141,95,95,107,127,137,110,110,110,206,206,224,224,142,160,170,170,170,269,296,315,315,326,343,43,43,43],"floor_reached":33,"playtime":1970,"items_purged":[],"score":239,"play_id":"fc2cd425-cf9d-49c7-8de1-f946cbb62a2f","local_time":"20181127115647","is_ascension_mode":false,"campfire_choices":[{"data":"Flame Barrier","floor":6.0,"key":"SMITH"},{"data":"Armaments","floor":15.0,"key":"SMITH"},{"data":"Barricade","floor":23.0,"key":"SMITH"},{"data":"Impervious","floor":28.0,"key":"SMITH"},{"floor":32.0,"key":"REST"}],"neow_cost":"NONE","seed_source_timestamp":1039389921321326,"circlet_count":0,"master_deck":["Strike_R","Strike_R","Strike_R+1","Strike_R","Strike_R","Defend_R","Defend_R","Defend_R","Defend_R+1","Bash","Shrug It Off","Flame Barrier+1","Iron Wave","Armaments+1","Twin Strike","Flex","Impervious+1","Flex","Barricade+1","Armaments+1","Inflame","Perfected Strike","Inflame","Cleave","Anger+1"],"special_seed":0,"relics":["Burning Blood","Nunchaku","Bronze Scales","Black Star","Nilry\u0027s Codex","Potion Belt","Molten Egg 2"],"potions_floor_usage":[33],"damage_taken":[{"damage":5.0,"enemies":"Cultist","floor":1.0,"turns":4.0},{"damage":1.0,"enemies":"2 Louse","floor":3.0,"turns":4.0},{"damage":6.0,"enemies":"Jaw Worm","floor":7.0,"turns":4.0},{"damage":2.0,"enemies":"Lots of Slimes","floor":10.0,"turns":3.0},{"damage":0.0,"enemies":"Looter","floor":11.0,"turns":3.0},{"damage":0.0,"enemies":"3 Louse","floor":12.0,"turns":4.0},{"damage":13.0,"enemies":"Slime Boss","floor":16.0,"turns":18.0},{"damage":36.0,"enemies":"Spheric Guardian","floor":18.0,"turns":6.0},{"damage":5.0,"enemies":"3 Byrds","floor":21.0,"turns":5.0},{"damage":14.0,"enemies":"Cultist and Chosen","floor":22.0,"turns":8.0},{"damage":16.0,"enemies":"Centurion and Healer","floor":27.0,"turns":10.0},{"damage":13.0,"enemies":"Snake Plant","floor":29.0,"turns":5.0},{"damage":21.0,"enemies":"Shelled Parasite and Fungi","floor":30.0,"turns":7.0},{"damage":65,"enemies":"Champ","floor":33,"turns":13}],"seed_played":"5809073094023964487","potions_obtained":[{"floor":1.0,"key":"SmokeBomb"},{"floor":11.0,"key":"PowerPotion"},{"floor":12.0,"key":"Poison Potion"},{"floor":29.0,"key":"GamblersBrew"}],"is_trial":false,"path_per_floor":["M","?","M","?","T","R","M","$","T","M","M","M","$","?","R","B",null,"M","?","$","M","M","R","?","?","T","M","R","M","M","$","R","B"],"character_chosen":"IRONCLAD","items_purchased":["Armaments","Flex","Inflame","Molten Egg 2","Anger+1"],"campfire_rested":1,"item_purchase_floors":[8,13,20,31,31],"current_hp_per_floor":[88,88,88,70,70,70,70,70,70,74,80,86,86,91,91,84,93,63,93,93,93,85,85,69,69,69,59,59,52,37,37,64,0],"gold":43,"neow_bonus":"TEN_PERCENT_HP_BONUS","is_prod":false,"is_daily":false,"chose_seed":false,"campfire_upgraded":4,"win_rate":0.0,"timestamp":1543337807,"path_taken":["M","?","M","?","?","R","M","$","T","?","M","M","?","?","R","BOSS","M","?","?","M","M","R","?","?","T","?","R","M","M","$","R","BOSS"],"build_version":"2018-11-15","purchased_purges":0,"victory":false,"max_hp_per_floor":[88,88,88,88,88,88,88,88,88,88,88,88,88,93,93,93,93,93,93,93,93,93,93,93,93,93,93,93,93,93,93,93,93],"card_choices":[{"not_picked":["Ghostly Armor","Twin Strike"],"picked":"Shrug It Off","floor":1.0},{"not_picked":["Hemokinesis","Thunderclap"],"picked":"Flame Barrier","floor":3.0},{"not_picked":["Sword Boomerang","Spot Weakness"],"picked":"Iron Wave","floor":7.0},{"not_picked":["Clothesline","Clash"],"picked":"Twin Strike","floor":10.0},{"not_picked":["Thunderclap","Searing Blow"],"picked":"Flex","floor":11.0},{"not_picked":["Sever Soul","Anger"],"picked":"Impervious","floor":12.0},{"not_picked":["Berserk","Offering"],"picked":"Barricade","floor":16.0},{"not_picked":["True Grit","Twin Strike"],"picked":"Armaments+1","floor":18.0},{"not_picked":["Anger","Flex"],"picked":"Perfected Strike","floor":21.0},{"not_picked":["Spot Weakness","Warcry","Clash"],"picked":"SKIP","floor":22.0},{"not_picked":["Blood for Blood+1","Feel No Pain"],"picked":"Inflame","floor":27.0},{"not_picked":["Bloodletting+1","Inflame"],"picked":"Cleave","floor":29.0},{"not_picked":["Reckless Charge","Hemokinesis+1","Pummel"],"picked":"SKIP","floor":30.0}],"player_experience":33445,"relics_obtained":[{"floor":5.0,"key":"Nunchaku"},{"floor":9.0,"key":"Bronze Scales"},{"floor":24.0,"key":"Nilry\u0027s Codex"},{"floor":26.0,"key":"Potion Belt"}],"event_choices":[{"damage_healed":0.0,"max_hp_gain":0.0,"max_hp_loss":0.0,"gold_gain":0.0,"event_name":"Golden Wing","player_choice":"Ignored","floor":2.0,"gold_loss":0.0,"damage_taken":0.0},{"damage_healed":0.0,"max_hp_gain":0.0,"max_hp_loss":0.0,"gold_gain":0.0,"event_name":"Shining Light","player_choice":"Entered Light","floor":4.0,"gold_loss":0.0,"damage_taken":18.0,"cards_upgraded":["Defend_R","Strike_R"]},{"damage_healed":0.0,"max_hp_gain":5.0,"max_hp_loss":0.0,"gold_gain":0.0,"event_name":"Big Fish","player_choice":"Donut","floor":14.0,"gold_loss":0.0,"damage_taken":0.0},{"damage_healed":31.0,"max_hp_gain":0.0,"max_hp_loss":0.0,"gold_gain":0.0,"event_name":"The Library","player_choice":"Heal","floor":19.0,"gold_loss":0.0,"damage_taken":0.0},{"damage_healed":0.0,"max_hp_gain":0.0,"max_hp_loss":0.0,"gold_gain":0.0,"event_name":"Cursed Tome","player_choice":"Obtained Book","floor":24.0,"gold_loss":0.0,"damage_taken":16.0},{"damage_healed":0.0,"max_hp_gain":0.0,"max_hp_loss":0.0,"gold_gain":99.0,"event_name":"Nest","player_choice":"Stole From Cult","floor":25.0,"gold_loss":0.0,"damage_taken":0.0}],"is_beta":false,"boss_relics":[{"not_picked":["Coffee Dripper","Fusion Hammer"],"picked":"Black Star"}],"items_purged_floors":[],"is_endless":false,"potions_floor_spawned":[1,11,12,29],"killed_by":"Champ","ascension_level":0}