{"path_per_floor":["M","?","?","M","M","E","$","R","T","E","M","?","M","M","R","B",null,"M","?","?","$","M","E","R","M","T","M","?","M","R","M","R"],"character_chosen":"IRONCLAD","items_purchased":["Omamori","Singing Bowl"],"gold_per_floor":[111,211,211,224,242,270,48,48,97,129,146,146,162,177,177,298,298,322,322,322,177,198,237,237,260,260,274,274,298,298,319,319],"floor_reached":33,"campfire_rested":0,"playtime":2131,"current_hp_per_floor":[80,80,80,80,80,52,52,52,52,40,42,42,48,46,46,28,80,70,80,56,56,49,42,42,42,42,50,50,52,52,64,64],"items_purged":["Strike_R"],"gold":319,"score":305,"play_id":"f63e31b5-6875-4584-ad70-c8c8aff9dad9","is_prod":false,"is_daily":false,"is_ascension_mode":false,"campfire_upgraded":5,"path_taken":["M","?","?","M","?","E","$","R","T","E","M","?","M","?","R","BOSS","M","?","?","$","M","E","R","?","T","M","?","M","R","M","R","BOSS"],"build_version":"2018-02-19-BETA1","purchased_purges":1,"victory":false,"master_deck":["Defend_R","Defend_R","Defend_R","Bash+1","Offering","Headbutt","Headbutt","Metallicize+1","Shrug It Off+1","Carnage+1","Offering","Bite","Bite","Bite","Bite","Bite","Dual Wield+1","Evolve+1"],"max_hp_per_floor":[80,80,80,80,80,80,80,80,80,80,80,80,80,80,80,80,80,80,80,56,56,56,58,58,60,60,60,60,62,62,64,64],"relics":["Burning Blood","Darkstone Periapt","Omamori","Happy Flower","Bottled Tornado","Golden Idol","Sozu","Singing Bowl","Charon\u0027s Ashes","Matryoshka"],"card_choices":[{"not_picked":["Body Slam","Heavy Blade"],"picked":"Headbutt"},{"not_picked":["Pummel","Flex"],"picked":"Headbutt"},{"not_picked":["Limit Break","Carnage"],"picked":"Metallicize"},{"not_picked":["Perfected Strike","Spot Weakness"],"picked":"Shrug It Off"},{"not_picked":["Pommel Strike","Body Slam"],"picked":"Carnage"},{"not_picked":["Berserk","Impervious"],"picked":"Offering"},{"not_picked":["Perfected Strike","Clash"],"picked":"Intimidate"},{"not_picked":["Combust","Spot Weakness"],"picked":"Dual Wield"},{"not_picked":["Clash","Clothesline"],"picked":"Evolve"}],"player_experience":112990,"potions_floor_usage":[23],"damage_taken":[{"damage":5,"enemies":"Small Slimes","floor":1,"turns":5},{"damage":4,"enemies":"Cultist","floor":4,"turns":2},{"damage":6,"enemies":"2 Louse","floor":5,"turns":3},{"damage":34,"enemies":"3 Sentries","floor":6,"turns":8},{"damage":18,"enemies":"Gremlin Nob","floor":10,"turns":3},{"damage":4,"enemies":"Red Slaver","floor":11,"turns":3},{"damage":0,"enemies":"2 Fungi Beasts","floor":13,"turns":3},{"damage":8,"enemies":"Large Slime","floor":14,"turns":4},{"damage":24,"enemies":"Slime Boss","floor":16,"turns":12},{"damage":16,"enemies":"2 Thieves","floor":18,"turns":3},{"damage":17,"enemies":"Chosen","floor":22,"turns":5},{"damage":25,"enemies":"Book of Stabbing","floor":23,"turns":4},{"damage":24,"enemies":"Sentry and Sphere","floor":25,"turns":6},{"damage":18,"enemies":"Cultist and Chosen","floor":27,"turns":6},{"damage":20,"enemies":"Snecko","floor":29,"turns":5},{"damage":8,"enemies":"Centurion and Healer","floor":31,"turns":4},{"damage":94,"enemies":"Collector","floor":33,"turns":5}],"event_choices":[{"event_name":"Golden Shrine","player_choice":"Pray","floor":2,"damage_taken":0},{"event_name":"Purifier","player_choice":"One Purge","floor":3,"damage_taken":0},{"event_name":"Golden Idol","player_choice":"Take Wound","floor":12,"damage_taken":0},{"event_name":"Bonfire Elementals","player_choice":"UNCOMMON","floor":19,"damage_taken":0},{"event_name":"Vampires","player_choice":"Became a vampire","floor":20,"damage_taken":0},{"event_name":"Drug Dealer","player_choice":"Ignored","floor":28,"damage_taken":0}],"boss_relics":[{"not_picked":["Velvet Choker","Philosopher\u0027s Stone"],"picked":"Sozu"}],"potions_floor_spawned":[4,5,14,23,29],"seed_played":"3047979044567710707","killed_by":"Collector","ascension_level":0,"is_trial":false}