{"gold_per_floor":[218,218,237,87,187,187,201,239,290,290,310,329,329,350,350,475,475,488,413,167,183,183,183,58,58,58,101,119,119,119,129,129,224,224,237,237,337,348,53,80,80,80,80,80,95,95,9,26,26,26],"floor_reached":51,"playtime":1260,"items_purged":["Strike_R","Defend_R","Strike_R","Strike_R"],"score":943,"play_id":"1df97c80-7d07-4c9c-ad45-70e46866a0f8","local_time":"20190427172403","is_ascension_mode":true,"campfire_choices":[{"data":"Searing Blow","floor":6,"key":"SMITH"},{"data":"Searing Blow+1","floor":10,"key":"SMITH"},{"data":"Searing Blow+2","floor":13,"key":"SMITH"},{"data":"Searing Blow+3","floor":15,"key":"SMITH"},{"data":"Searing Blow+4","floor":23,"key":"SMITH"},{"data":"Searing Blow+5","floor":25,"key":"SMITH"},{"data":"Searing Blow+6","floor":30,"key":"SMITH"},{"data":"Searing Blow+7","floor":32,"key":"SMITH"},{"floor":42,"key":"REST"},{"data":"Searing Blow+8","floor":44,"key":"SMITH"},{"data":"Searing Blow+9","floor":46,"key":"SMITH"},{"data":"Searing Blow+10","floor":49,"key":"SMITH"}],"neow_cost":"NONE","seed_source_timestamp":374670777816801,"circlet_count":0,"master_deck":["Defend_R","Defend_R","Bash","Thunderclap","Searing Blow+11","Shrug It Off","Headbutt","Double Tap","Purity"],"relics":["Black Blood","Bloody Idol","Bronze Scales","Happy Flower","Juzu Bracelet","Bottled Flame","Pear","Empty Cage","Nunchaku","Pantograph","Omamori","Strawberry"],"potions_floor_usage":[18,33,37,40,50],"damage_taken":[{"damage":2,"enemies":"2 Louse","floor":1,"turns":2},{"damage":6,"enemies":"Cultist","floor":3,"turns":4},{"damage":0,"enemies":"Small Slimes","floor":7,"turns":3},{"damage":40,"enemies":"3 Sentries","floor":8,"turns":10},{"damage":6,"enemies":"Exordium Wildlife","floor":11,"turns":3},{"damage":4,"enemies":"Looter","floor":12,"turns":3},{"damage":1,"enemies":"2 Fungi Beasts","floor":14,"turns":4},{"damage":31,"enemies":"The Guardian","floor":16,"turns":8},{"damage":6,"enemies":"Spheric Guardian","floor":18,"turns":3},{"damage":5,"enemies":"3 Byrds","floor":21,"turns":3},{"damage":17,"enemies":"Book of Stabbing","floor":27,"turns":3},{"damage":6,"enemies":"3 Cultists","floor":28,"turns":4},{"damage":0,"enemies":"Centurion and Healer","floor":31,"turns":3},{"damage":62,"enemies":"Automaton","floor":33,"turns":7},{"damage":0,"enemies":"Orb Walker","floor":35,"turns":1},{"damage":40,"enemies":"Mind Bloom Boss Battle","floor":37,"turns":2},{"damage":12,"enemies":"3 Shapes","floor":38,"turns":4},{"damage":67,"enemies":"Nemesis","floor":40,"turns":7},{"damage":25,"enemies":"Maw","floor":45,"turns":4},{"damage":6,"enemies":"Jaw Worm Horde","floor":48,"turns":3},{"damage":48,"enemies":"Time Eater","floor":50,"turns":5}],"seed_played":"2831017992356712381","potions_obtained":[{"floor":7,"key":"Strength Potion"},{"floor":12,"key":"Energy Potion"},{"floor":16,"key":"Poison Potion"},{"floor":21,"key":"Swift Potion"},{"floor":33,"key":"PowerPotion"},{"floor":37,"key":"SpeedPotion"},{"floor":40,"key":"SkillPotion"}],"is_trial":false,"path_per_floor":["M","?","M","$","?","R","M","E","T","R","M","M","R","M","R","B",null,"M","?","$","M","?","R","$","R","T","E","M","?","R","M","R","B",null,"M","?","?","M","$","E","?","R","T","R","M","R","$","M","R","B",null],"character_chosen":"IRONCLAD","items_purchased":["Searing Blow","Juzu Bracelet","Double Tap","Purity"],"campfire_rested":1,"item_purchase_floors":[4,20,39,47],"current_hp_per_floor":[80,60,60,60,60,60,66,32,32,32,32,34,34,39,39,14,80,80,80,80,80,80,80,80,80,80,83,87,87,87,90,90,43,90,90,90,65,68,68,16,16,43,50,50,40,40,40,49,49,36],"gold":26,"neow_bonus":"HUNDRED_GOLD","is_prod":false,"is_daily":false,"chose_seed":false,"campfire_upgraded":11,"win_rate":0,"timestamp":1556403843,"path_taken":["M","?","M","$","?","R","M","E","T","R","M","?","R","?","R","BOSS","M","?","$","M","?","R","$","R","T","E","M","?","R","M","R","BOSS","M","?","?","M","$","E","?","R","T","R","M","R","?","M","R","BOSS"],"build_version":"2019-01-23","purchased_purges":4,"victory":true,"max_hp_per_floor":[80,80,80,80,80,80,80,80,80,80,80,80,80,80,80,80,80,80,80,80,80,80,80,80,80,80,90,90,90,90,90,90,90,90,90,90,90,90,90,90,90,90,97,97,97,97,97,97,97,97],"card_choices":[{"not_picked":["Sword Boomerang","Pommel Strike"],"picked":"Thunderclap","floor":1},{"not_picked":["Disarm","Havoc","Perfected Strike"],"picked":"SKIP","floor":3},{"not_picked":["Shockwave","Anger","Rupture"],"picked":"SKIP","floor":7},{"not_picked":["Inflame","Searing Blow"],"picked":"Shrug It Off","floor":8},{"not_picked":["Evolve","Anger","Bloodletting"],"picked":"SKIP","floor":11},{"not_picked":["Second Wind","Shrug It Off","Inflame"],"picked":"SKIP","floor":12},{"not_picked":["True Grit","Cleave","Wild Strike"],"picked":"SKIP","floor":14},{"not_picked":["Sword Boomerang","Reckless Charge","Evolve"],"picked":"SKIP","floor":18},{"not_picked":["Warcry","Burning Pact","Anger"],"picked":"SKIP","floor":21},{"not_picked":["Disarm+1","Clothesline","Berserk"],"picked":"SKIP","floor":27},{"not_picked":["Searing Blow","Corruption","Power Through"],"picked":"SKIP","floor":28},{"not_picked":["Anger","Warcry"],"picked":"Headbutt","floor":31},{"not_picked":["Havoc+1","Heavy Blade+1","Pummel+1"],"picked":"SKIP","floor":35},{"not_picked":["Perfected Strike+1","Sword Boomerang","Wild Strike+1"],"picked":"SKIP","floor":38},{"not_picked":["Anger+1","Impervious","Headbutt"],"picked":"SKIP","floor":40},{"not_picked":["Clothesline+1","Cleave","Whirlwind+1"],"picked":"SKIP","floor":45},{"not_picked":["Wild Strike","Heavy Blade+1","Sword Boomerang+1"],"picked":"SKIP","floor":48}],"player_experience":110626,"relics_obtained":[{"floor":8,"key":"Bronze Scales"},{"floor":9,"key":"Happy Flower"},{"floor":26,"key":"Bottled Flame"},{"floor":27,"key":"Pear"},{"floor":37,"key":"Nunchaku"},{"floor":40,"key":"Pantograph"},{"floor":43,"key":"Strawberry"}],"event_choices":[{"damage_healed":0,"gold_gain":0,"player_choice":"Take Damage","damage_taken":20,"relics_obtained":["Golden Idol"],"max_hp_gain":0,"max_hp_loss":0,"event_name":"Golden Idol","floor":2,"gold_loss":0},{"damage_healed":0,"gold_gain":100,"player_choice":"Pray","damage_taken":0,"max_hp_gain":0,"max_hp_loss":0,"event_name":"Golden Shrine","floor":5,"gold_loss":0},{"cards_removed":["Strike_R"],"damage_healed":0,"gold_gain":0,"player_choice":"Gave Gold","damage_taken":0,"max_hp_gain":0,"max_hp_loss":0,"event_name":"Beggar","floor":19,"gold_loss":75},{"damage_healed":0,"gold_gain":0,"player_choice":"Ignored","damage_taken":0,"max_hp_gain":0,"max_hp_loss":0,"event_name":"The Mausoleum","floor":22,"gold_loss":0},{"damage_healed":0,"gold_gain":0,"player_choice":"Gave Idol","damage_taken":0,"relics_obtained":["Bloody Idol"],"max_hp_gain":0,"max_hp_loss":0,"event_name":"Forgotten Altar","floor":29,"relics_lost":["Golden Idol"],"gold_loss":0},{"damage_healed":0,"gold_gain":0,"player_choice":"Memory 1","damage_taken":0,"max_hp_gain":0,"max_hp_loss":0,"event_name":"SensoryStone","floor":36,"gold_loss":0},{"damage_healed":0,"gold_gain":0,"player_choice":"Fight","damage_taken":0,"max_hp_gain":0,"max_hp_loss":0,"event_name":"MindBloom","floor":37,"gold_loss":0},{"damage_healed":0,"gold_gain":0,"player_choice":"Gave Potion","damage_taken":0,"relics_obtained":["Omamori"],"max_hp_gain":0,"max_hp_loss":0,"event_name":"WeMeetAgain","floor":41,"gold_loss":0}],"is_beta":false,"boss_relics":[{"not_picked":["Philosopher\u0027s Stone","Orrery"],"picked":"Black Blood"},{"not_picked":["Runic Cube","Runic Pyramid"],"picked":"Empty Cage"}],"items_purged_floors":[4,20,24,39],"is_endless":false,"potions_floor_spawned":[7,12,16,21,28,33,37,38,40],"ascension_level":3}