{"gold_per_floor":[210,224,237,237,249,249,276,276,351,370,355],"floor_reached":11,"playtime":319,"items_purged":[],"score":113,"play_id":"5b508052-8081-448a-9f35-2b20565e49d7","local_time":"20180807224325","is_ascension_mode":true,"campfire_choices":[{"data":"Zap","floor":6,"key":"SMITH"}],"neow_cost":"NONE","seed_source_timestamp":22261847207376,"circlet_count":0,"master_deck":["Strike_B","Strike_B","Strike_B+1","Strike_B","Defend_B","Defend_B+1","Defend_B","Defend_B","Zap+1","Dualcast","AscendersBane","Conserve Battery","Ball Lightning","Hologram","Capacitor+1","Biased Cognition","Stack"],"relics":["Cracked Core","Sundial","Molten Egg 2"],"potions_floor_usage":[11],"damage_taken":[{"damage":7,"enemies":"2 Louse","floor":1,"turns":2},{"damage":0,"enemies":"Small Slimes","floor":2,"turns":3},{"damage":0,"enemies":"Jaw Worm","floor":3,"turns":3},{"damage":8,"enemies":"Gremlin Gang","floor":5,"turns":6},{"damage":23,"enemies":"3 Sentries","floor":7,"turns":7},{"damage":4,"enemies":"Exordium Wildlife","floor":10,"turns":4},{"damage":19,"enemies":"Exordium Thugs","floor":11,"turns":1}],"seed_played":"7639425071548525134","potions_obtained":[{"floor":2,"key":"Poison Potion"},{"floor":3,"key":"SpeedPotion"},{"floor":7,"key":"Weak Potion"}],"is_trial":false,"path_per_floor":["M","M","M","?","M","R","E","?","T","M"],"character_chosen":"DEFECT","items_purchased":[],"campfire_rested":0,"item_purchase_floors":[],"current_hp_per_floor":[61,61,61,46,38,38,15,15,15,11,0],"gold":355,"neow_bonus":"HUNDRED_GOLD","is_prod":false,"is_daily":false,"chose_seed":false,"campfire_upgraded":1,"win_rate":0,"timestamp":1533692605,"path_taken":["M","M","M","?","?","R","E","?","T","M","M"],"build_version":"2018-07-12","purchased_purges":0,"victory":false,"max_hp_per_floor":[75,75,75,75,75,75,75,75,75,75,75],"card_choices":[{"not_picked":["Redo","Go for the Eyes"],"picked":"Conserve Battery","floor":1},{"not_picked":["Loop","Redo"],"picked":"Ball Lightning","floor":2},{"not_picked":["Steam","Stack"],"picked":"Hologram","floor":3},{"not_picked":["Turbo","Meteor Strike"],"picked":"Capacitor","floor":5},{"not_picked":["Turbo","Ball Lightning"],"picked":"Biased Cognition","floor":7},{"not_picked":["Force Field","Rebound+1"],"picked":"Stack","floor":10}],"player_experience":490374,"relics_obtained":[{"floor":7,"key":"Sundial"},{"floor":9,"key":"Molten Egg 2"}],"event_choices":[{"event_name":"Shining Light","player_choice":"Entered Light","floor":4,"damage_taken":0},{"event_name":"Upgrade Shrine","player_choice":"Upgraded","floor":8,"damage_taken":0}],"boss_relics":[],"items_purged_floors":[],"is_endless":false,"potions_floor_spawned":[2,3,7],"killed_by":"Exordium Thugs","ascension_level":10}