{"gold_per_floor":[117,117,192,210,237,237,257,290,342,361,361,213,163,163,163,260,260,271,283,299,119,119,119,151,151],"floor_reached":25,"playtime":2558,"items_purged":["Strike_B","Defend_B"],"score":230,"play_id":"8b7ca3b0-5fe7-451d-8e78-d51ac6230cfe","local_time":"20190511005931","is_ascension_mode":true,"campfire_choices":[{"data":"Dualcast","floor":6,"key":"SMITH"},{"data":"Defragment","floor":11,"key":"SMITH"},{"floor":15,"key":"REST"},{"data":"Storm","floor":23,"key":"SMITH"}],"neow_cost":"NONE","seed_source_timestamp":4935700321739400,"circlet_count":0,"master_deck":["Strike_B","Strike_B+1","Defend_B","Defend_B+1","Defend_B","Zap+1","Dualcast+1","Compile Driver","Force Field","Fusion","Reprogram","Defragment+1","Chill+1","Echo Form","Darkness","Conserve Battery+1","Cold Snap","Storm+1","Redo+1"],"relics":["Cracked Core","Boot","Oddly Smooth Stone","Happy Flower","Cursed Key","Orichalcum"],"potions_floor_usage":[8,16,19,25],"damage_taken":[{"damage":0,"enemies":"2 Louse","floor":1,"turns":1},{"damage":2,"enemies":"Small Slimes","floor":4,"turns":2},{"damage":0,"enemies":"Jaw Worm","floor":7,"turns":2},{"damage":29,"enemies":"Lagavulin","floor":8,"turns":6},{"damage":1,"enemies":"Blue Slaver","floor":10,"turns":4},{"damage":22,"enemies":"Hexaghost","floor":16,"turns":11},{"damage":1,"enemies":"3 Byrds","floor":18,"turns":5},{"damage":7,"enemies":"2 Thieves","floor":19,"turns":4},{"damage":22,"enemies":"Sentry and Sphere","floor":20,"turns":9},{"damage":35,"enemies":"Gremlin Leader","floor":24,"turns":7},{"damage":14,"enemies":"Cultist and Chosen","floor":25,"turns":4}],"seed_played":"-2780305811869003215","potions_obtained":[{"floor":7,"key":"Poison Potion"},{"floor":8,"key":"AttackPotion"},{"floor":10,"key":"Explosive Potion"},{"floor":24,"key":"SkillPotion"}],"is_trial":false,"path_per_floor":["M","?","?","M","T","R","M","E","T","M","R","$","?","?","R","B",null,"M","M","M","$","?","R","E","M"],"character_chosen":"DEFECT","items_purchased":["Chill","Storm"],"campfire_rested":1,"item_purchase_floors":[12,21],"current_hp_per_floor":[75,60,49,47,47,47,47,18,18,17,17,17,17,17,39,17,75,74,67,45,45,45,45,10,0],"gold":151,"neow_bonus":"UPGRADE_CARD","is_prod":false,"is_daily":false,"chose_seed":false,"campfire_upgraded":3,"win_rate":0,"timestamp":1557550771,"path_taken":["M","?","?","M","?","R","M","E","T","M","R","$","?","?","R","BOSS","M","M","M","$","?","R","E","M"],"build_version":"2019-01-23","purchased_purges":2,"victory":false,"max_hp_per_floor":[75,75,75,75,75,75,75,75,75,75,75,75,75,75,75,75,75,75,75,75,75,75,75,75,75],"card_choices":[{"not_picked":["Beam Cell","Lockon"],"picked":"Compile Driver","floor":1},{"not_picked":["Compile Driver","Hologram"],"picked":"Force Field","floor":4},{"not_picked":["Compile Driver","Conserve Battery"],"picked":"Fusion","floor":7},{"not_picked":["Go for the Eyes","Compile Driver"],"picked":"Reprogram","floor":8},{"not_picked":["Recycle","Leap"],"picked":"Defragment","floor":10},{"not_picked":["Rainbow","Machine Learning"],"picked":"Echo Form","floor":16},{"not_picked":["Compile Driver+1","Lockon"],"picked":"Darkness","floor":18},{"not_picked":["Steam+1","Stack+1"],"picked":"Conserve Battery+1","floor":19},{"not_picked":["Genetic Algorithm+1","Rebound"],"picked":"Cold Snap","floor":20},{"not_picked":["Cold Snap","Chill"],"picked":"Redo+1","floor":24}],"player_experience":97294,"relics_obtained":[{"floor":5,"key":"Boot"},{"floor":8,"key":"Oddly Smooth Stone"},{"floor":9,"key":"Happy Flower"},{"floor":24,"key":"Orichalcum"}],"event_choices":[{"damage_healed":0,"gold_gain":0,"player_choice":"Entered Light","damage_taken":15,"max_hp_gain":0,"max_hp_loss":0,"event_name":"Shining Light","floor":2,"gold_loss":0,"cards_upgraded":["Strike_B","Defend_B"]},{"damage_healed":0,"gold_gain":75,"player_choice":"Gather Gold","damage_taken":11,"max_hp_gain":0,"max_hp_loss":0,"event_name":"World of Goop","floor":3,"gold_loss":0},{"cards_removed":["Strike_B"],"damage_healed":0,"gold_gain":0,"player_choice":"Card Removal","damage_taken":0,"max_hp_gain":0,"max_hp_loss":0,"event_name":"The Cleric","floor":13,"gold_loss":50},{"damage_healed":0,"gold_gain":0,"player_choice":"Grow","damage_taken":0,"max_hp_gain":0,"max_hp_loss":0,"event_name":"Living Wall","floor":14,"gold_loss":0,"cards_upgraded":["Chill"]},{"damage_healed":0,"gold_gain":0,"player_choice":"Ignored","damage_taken":0,"max_hp_gain":0,"max_hp_loss":0,"event_name":"Vampires","floor":22,"gold_loss":0}],"is_beta":false,"boss_relics":[{"not_picked":["White Beast Statue","Calling Bell"],"picked":"Cursed Key"}],"items_purged_floors":[12,21],"is_endless":false,"potions_floor_spawned":[7,8,10,24],"killed_by":"Cultist and Chosen","ascension_level":1}