{"gold_per_floor":[116,266,277,293,9,9,34,34,34,34,68,81,81,91,91,168,168,186,186],"floor_reached":19,"playtime":649,"items_purged":[],"score":354,"play_id":"21c502eb-36fb-42a7-8dbb-7161db839e62","local_time":"20190506105007","is_ascension_mode":true,"campfire_choices":[{"data":"Dagger Spray","floor":6,"key":"SMITH"},{"data":"Deadly Poison","floor":8,"key":"SMITH"},{"data":"Neutralize","floor":13,"key":"SMITH"},{"floor":15,"key":"REST"}],"neow_cost":"TEN_PERCENT_HP_LOSS","seed_source_timestamp":72842029062600,"circlet_count":0,"master_deck":["AscendersBane","Defend_G","Defend_G","Defend_G","Defend_G","Defend_G","Strike_G","Strike_G","Strike_G","Strike_G","Strike_G","Survivor","Neutralize+1","Dash","Doubt","Quick Slash","Dagger Spray+1","Deadly Poison+1","PiercingWail","Backflip","Die Die Die","Blade Dance"],"special_seed":0,"relics":["Ring of the Snake","Turnip","Membership Card","Ornamental Fan","Kunai","Juzu Bracelet","Coffee Dripper"],"potions_floor_usage":[7,7,11,11,16,19],"damage_taken":[{"damage":0.0,"enemies":"Small Slimes","floor":1.0,"turns":3.0},{"damage":0,"enemies":"Jaw Worm","floor":3,"turns":6},{"damage":0,"enemies":"Cultist","floor":4,"turns":4},{"damage":20,"enemies":"3 Sentries","floor":7,"turns":7},{"damage":26,"enemies":"Lagavulin","floor":11,"turns":8},{"damage":8,"enemies":"Exordium Thugs","floor":12,"turns":7},{"damage":6,"enemies":"2 Fungi Beasts","floor":14,"turns":4},{"damage":5,"enemies":"The Guardian","floor":16,"turns":15},{"damage":38,"enemies":"Spheric Guardian","floor":18,"turns":6},{"damage":14,"enemies":"Chosen","floor":19,"turns":3}],"seed_played":"4546299890182270080","potions_obtained":[{"floor":3,"key":"Swift Potion"},{"floor":4,"key":"LiquidBronze"},{"floor":7,"key":"EntropicBrew"},{"floor":12,"key":"Dexterity Potion"},{"floor":18,"key":"GamblersBrew"}],"is_trial":false,"path_per_floor":["M","?","M","M","$","R","E","R","T","$","E","M","R","M","R","B",null,"M","M"],"character_chosen":"THE_SILENT","items_purchased":["Membership Card","Deadly Poison","SteroidPotion"],"campfire_rested":1,"item_purchase_floors":[5,5,5],"current_hp_per_floor":[59,59,59,59,59,59,39,39,39,39,28,20,20,14,32,27,52,14,0],"gold":186,"neow_bonus":"ONE_RARE_RELIC","is_prod":false,"is_daily":false,"chose_seed":false,"campfire_upgraded":3,"win_rate":0,"timestamp":1557150607,"path_taken":["M","?","M","M","$","R","E","R","T","$","E","M","R","M","R","BOSS","M","M"],"build_version":"2019-01-23","purchased_purges":0,"victory":false,"max_hp_per_floor":[60,60,60,60,60,60,60,60,60,60,60,60,60,60,60,60,60,60,60],"card_choices":[{"not_picked":["Blade Dance","PiercingWail"],"picked":"Dash","floor":1.0},{"not_picked":["Cloak And Dagger","Dodge and Roll"],"picked":"Quick Slash","floor":3},{"not_picked":["Leg Sweep","Masterful Stab"],"picked":"Dagger Spray","floor":4},{"not_picked":["Bane","Slice","Flechettes"],"picked":"SKIP","floor":7},{"not_picked":["Dagger Spray","Wraith Form v2"],"picked":"PiercingWail","floor":11},{"not_picked":["Dagger Spray","Quick Slash"],"picked":"Backflip","floor":12},{"not_picked":["Finisher","Masterful Stab","Underhanded Strike"],"picked":"SKIP","floor":14},{"not_picked":["Grand Finale","A Thousand Cuts"],"picked":"Die Die Die","floor":16},{"not_picked":["Poisoned Stab","Reflex"],"picked":"Blade Dance","floor":18}],"player_experience":2267252,"relics_obtained":[{"floor":7,"key":"Ornamental Fan"},{"floor":9,"key":"Kunai"},{"floor":11,"key":"Juzu Bracelet"}],"event_choices":[{"damage_healed":0,"gold_gain":150,"player_choice":"AGREE","damage_taken":0,"max_hp_gain":0,"max_hp_loss":0,"event_name":"Liars Game","floor":2,"gold_loss":0,"cards_obtained":["Doubt"]}],"is_beta":false,"boss_relics":[{"not_picked":["Runic Dome","Snecko Eye"],"picked":"Coffee Dripper"}],"items_purged_floors":[],"is_endless":false,"potions_floor_spawned":[3,4,7,12,18],"killed_by":"Chosen","ascension_level":20}