{"gold_per_floor":[117,117,132,57,71,71,101,101,101,101,101,57,76,88,88,162,162,122,122],"floor_reached":19,"playtime":609,"items_purged":["Strike_R"],"score":334,"play_id":"2167f1ee-7bb1-4b91-8563-818b72062576","local_time":"20190417105926","is_ascension_mode":true,"campfire_choices":[{"data":"Flex","floor":6.0,"key":"SMITH"},{"data":"Limit Break","floor":8.0,"key":"SMITH"},{"data":"Second Wind","floor":11.0,"key":"SMITH"},{"data":"Evolve","floor":15.0,"key":"SMITH"}],"neow_cost":"TEN_PERCENT_HP_LOSS","seed_source_timestamp":0,"circlet_count":0,"master_deck":["AscendersBane","Strike_R","Strike_R","Strike_R","Defend_R","Defend_R","Defend_R","Defend_R","Bash","Limit Break+1","Second Wind+1","Flex+1","Evolve+1","Shrug It Off","Warcry","Havoc"],"special_seed":0,"relics":["Burning Blood","Sundial","Orrery"],"potions_floor_usage":[19],"damage_taken":[{"damage":7.0,"enemies":"Jaw Worm","floor":1.0,"turns":3.0},{"damage":3.0,"enemies":"2 Louse","floor":3.0,"turns":3.0},{"damage":5.0,"enemies":"Small Slimes","floor":5.0,"turns":5.0},{"damage":40.0,"enemies":"3 Sentries","floor":7.0,"turns":10.0},{"damage":7.0,"enemies":"Looter","floor":13.0,"turns":4.0},{"damage":1.0,"enemies":"3 Louse","floor":14.0,"turns":4.0},{"damage":30.0,"enemies":"Hexaghost","floor":16.0,"turns":9.0},{"damage":38,"enemies":"2 Thieves","floor":18,"turns":5},{"damage":29,"enemies":"Spheric Guardian","floor":19,"turns":5}],"seed_played":"9102044511647922153","potions_obtained":[{"floor":5.0,"key":"Poison Potion"},{"floor":7.0,"key":"Poison Potion"},{"floor":14.0,"key":"Dexterity Potion"}],"is_trial":false,"path_per_floor":["M","?","M","$","M","R","E","R","T","?","R","$","M","M","R","B",null,"M","M"],"character_chosen":"IRONCLAD","items_purchased":["Evolve"],"campfire_rested":0,"item_purchase_floors":[12],"current_hp_per_floor":[67,67,68,68,68,68,34,34,34,27,27,27,26,31,31,7,53,21,0],"gold":122,"neow_bonus":"THREE_RARE_CARDS","is_prod":false,"is_daily":false,"chose_seed":false,"campfire_upgraded":4,"win_rate":0,"timestamp":1555469966,"path_taken":["M","?","M","$","M","R","E","R","T","?","R","$","M","M","R","BOSS","M","M"],"build_version":"2019-01-23","purchased_purges":1,"victory":false,"max_hp_per_floor":[68,68,68,68,68,68,68,68,68,68,68,68,68,68,68,68,68,68,68],"card_choices":[{"not_picked":["Berserk","Demon Form"],"picked":"Limit Break","floor":0.0},{"not_picked":["Perfected Strike","Rampage","Dual Wield"],"picked":"SKIP","floor":1.0},{"not_picked":["Hemokinesis","Shrug It Off"],"picked":"Second Wind","floor":3.0},{"not_picked":["Pommel Strike","Impervious"],"picked":"Flex","floor":5.0},{"not_picked":["Perfected Strike","Corruption","Flame Barrier"],"picked":"SKIP","floor":7.0},{"not_picked":["Iron Wave","Hemokinesis","Headbutt"],"picked":"SKIP","floor":13.0},{"not_picked":["Flex","Headbutt","Combust"],"picked":"SKIP","floor":14.0},{"not_picked":["Inflame","Clash"],"picked":"Shrug It Off","floor":17.0},{"not_picked":["Rupture","Dual Wield"],"picked":"Warcry","floor":17.0},{"not_picked":["Perfected Strike","Ghostly Armor"],"picked":"Havoc","floor":17.0},{"not_picked":["Havoc+1","Cleave","Warcry"],"picked":"SKIP","floor":18}],"player_experience":1674643,"relics_obtained":[{"floor":7.0,"key":"Sundial"}],"event_choices":[{"damage_healed":0.0,"max_hp_gain":0.0,"max_hp_loss":0.0,"gold_gain":0.0,"event_name":"Scrap Ooze","player_choice":"Fled","floor":2.0,"gold_loss":0.0,"damage_taken":0.0},{"cards_removed":["Strike_R"],"damage_healed":0.0,"max_hp_gain":0.0,"max_hp_loss":0.0,"gold_gain":0.0,"event_name":"Golden Wing","player_choice":"Card Removal","floor":10.0,"gold_loss":0.0,"damage_taken":7.0}],"is_beta":false,"boss_relics":[{"not_picked":["Snecko Eye","Velvet Choker"],"picked":"Orrery"}],"items_purged_floors":[4],"is_endless":false,"potions_floor_spawned":[5,7,14],"killed_by":"Spheric Guardian","ascension_level":20}