{"gold_per_floor":[112,112,112,12,30,62,77,77,77,77,77,77,91,141,141,237,237,249,27,38,38,65,65,95,95,95,125,125,125,136,136,136,240,240,256,55,71,71,21,21,55,55,79,114,127,141,241,241,241,241],"floor_reached":51,"playtime":3049,"items_purged":["Regret","Shame","Writhe"],"score":1117,"play_id":"28259f23-cc08-4c5a-8a42-a6f68c06daa8","local_time":"20190512215602","is_ascension_mode":true,"campfire_choices":[{"floor":8.0,"key":"REST"},{"floor":12.0,"key":"REST"},{"data":"Echo Form","floor":15.0,"key":"SMITH"},{"data":"Sunder","floor":23,"key":"SMITH"},{"floor":25,"key":"REST"},{"floor":32,"key":"REST"},{"data":"Coolheaded","floor":40,"key":"SMITH"},{"data":"Consume","floor":42,"key":"SMITH"},{"floor":49,"key":"REST"}],"neow_cost":"TEN_PERCENT_HP_LOSS","seed_source_timestamp":0,"circlet_count":0,"master_deck":["Strike_B+1","Strike_B","Defend_B","Defend_B","Defend_B","Defend_B","Zap+1","Dualcast","Echo Form+1","BootSequence+1","Chill","Cold Snap+1","Undo","Turbo","Barrage","Sunder+1","Core Surge","White Noise","Coolheaded+1","Go for the Eyes+1","Rip and Tear+1","Consume+1","Conserve Battery","RitualDagger+1","Cold Snap+1","Chill+1","Biased Cognition+1","Blizzard+1","Coolheaded+1","Loop+1"],"special_seed":0,"relics":["Cracked Core","Kunai","Darkstone Periapt","Cables","Frozen Egg 2","Smiling Mask","Runic Dome","Runic Capacitor","Vajra","Dream Catcher","Symbiotic Virus","Molten Egg 2","Art of War","Philosopher\u0027s Stone","Lantern","Pocketwatch","War Paint","Whetstone","Calipers"],"potions_floor_usage":[24,24,44,47,50,50],"damage_taken":[{"damage":0.0,"enemies":"Jaw Worm","floor":1.0,"turns":4.0},{"damage":0.0,"enemies":"2 Louse","floor":5.0,"turns":2.0},{"damage":45.0,"enemies":"Gremlin Nob","floor":6.0,"turns":6.0},{"damage":0.0,"enemies":"Cultist","floor":7.0,"turns":4.0},{"damage":0.0,"enemies":"Looter","floor":13.0,"turns":4.0},{"damage":0.0,"enemies":"The Guardian","floor":16.0,"turns":14.0},{"damage":5,"enemies":"Shell Parasite","floor":18,"turns":9},{"damage":5,"enemies":"Spheric Guardian","floor":20,"turns":4},{"damage":20,"enemies":"Gremlin Leader","floor":24,"turns":6},{"damage":24,"enemies":"Slavers","floor":27,"turns":6},{"damage":0,"enemies":"Snecko","floor":30,"turns":5},{"damage":10,"enemies":"Champ","floor":33,"turns":10},{"damage":0,"enemies":"3 Shapes","floor":35,"turns":3},{"damage":9,"enemies":"Orb Walker","floor":37,"turns":4},{"damage":6,"enemies":"Giant Head","floor":41,"turns":8},{"damage":0,"enemies":"Reptomancer","floor":44,"turns":6},{"damage":11,"enemies":"Spire Growth","floor":45,"turns":4},{"damage":0,"enemies":"Sphere and 2 Shapes","floor":46,"turns":4},{"damage":0,"enemies":"Mind Bloom Boss Battle","floor":47,"turns":6},{"damage":6,"enemies":"Awakened One","floor":50,"turns":13}],"seed_played":"-6430248714285795678","potions_obtained":[{"floor":1.0,"key":"Dexterity Potion"},{"floor":6.0,"key":"Weak Potion"},{"floor":13.0,"key":"Regen Potion"},{"floor":16.0,"key":"SpeedPotion"},{"floor":33,"key":"Block Potion"},{"floor":37,"key":"SteroidPotion"},{"floor":45,"key":"Dexterity Potion"},{"floor":47,"key":"Fruit Juice"}],"is_trial":false,"path_per_floor":["M","?","?","$","M","E","M","R","T","?","?","R","M","T","R","B",null,"M","$","M","?","T","R","E","R","T","E","?","$","M","?","R","B",null,"M","$","M","?","$","R","E","R","T","E","M","M","?","?","R","B",null],"character_chosen":"DEFECT","items_purchased":["Cold Snap","Runic Capacitor","Coolheaded","Lantern"],"campfire_rested":5,"item_purchase_floors":[4,19,19,36],"current_hp_per_floor":[68,68,62,62,62,17,17,37,37,4,27,49,49,49,49,49,68,63,63,58,58,58,58,47,68,68,44,38,38,38,44,67,57,72,72,72,63,83,83,83,77,77,77,77,66,66,71,71,88,82],"gold":241,"neow_bonus":"TRANSFORM_TWO_CARDS","is_prod":false,"is_daily":false,"chose_seed":false,"campfire_upgraded":4,"win_rate":0,"timestamp":1557694562,"path_taken":["M","?","?","$","M","E","?","R","T","?","?","R","M","?","R","BOSS","M","$","M","?","?","R","E","R","T","E","?","?","?","?","R","BOSS","M","$","M","?","?","R","E","R","T","E","M","M","?","?","R","BOSS"],"build_version":"2019-01-23","purchased_purges":3,"victory":true,"max_hp_per_floor":[68,68,68,68,68,68,68,68,68,68,74,74,74,74,74,74,74,74,74,74,71,71,71,71,71,71,71,71,71,71,77,77,77,77,77,77,77,83,83,83,83,83,83,83,83,83,88,88,88,88],"card_choices":[{"not_picked":["Tempest","Steam"],"picked":"Chill","floor":1.0},{"not_picked":["Cold Snap","Compile Driver"],"picked":"Undo","floor":5.0},{"not_picked":["Streamline","Storm"],"picked":"Turbo","floor":6.0},{"not_picked":["Turbo","Gash"],"picked":"Barrage","floor":7.0},{"not_picked":["Streamline","Barrage"],"picked":"Sunder","floor":13.0},{"not_picked":["Hyperbeam","Meteor Strike"],"picked":"Core Surge","floor":16.0},{"not_picked":["Darkness","Sweeping Beam"],"picked":"White Noise","floor":18},{"not_picked":["Beam Cell+1","Streamline"],"picked":"Go for the Eyes+1","floor":20},{"not_picked":["Redo","Sweeping Beam+1"],"picked":"Rip and Tear+1","floor":24},{"not_picked":["Reprogram","Ball Lightning"],"picked":"Consume","floor":25},{"not_picked":["Compile Driver","Stack+1"],"picked":"Conserve Battery","floor":27},{"not_picked":["Compile Driver+1","Ball Lightning+1"],"picked":"Cold Snap+1","floor":30},{"not_picked":["Go for the Eyes+1","Consume+1"],"picked":"Chill+1","floor":32},{"not_picked":["Fission","Amplify"],"picked":"Biased Cognition+1","floor":33},{"not_picked":["Glacier","Coolheaded+1"],"picked":"Blizzard+1","floor":35},{"not_picked":["BootSequence+1","Steam","Stack"],"picked":"SKIP","floor":37},{"not_picked":["Streamline+1","Reprogram","Rebound+1"],"picked":"SKIP","floor":41},{"not_picked":["Stack+1","Consume+1"],"picked":"Coolheaded","floor":44},{"not_picked":["Leap+1","Hyperbeam+1","Stack"],"picked":"SKIP","floor":45},{"not_picked":["Redo","Cold Snap+1","Compile Driver+1"],"picked":"SKIP","floor":46},{"not_picked":["Coolheaded+1","Consume+1"],"picked":"Loop+1","floor":47}],"player_experience":533845,"relics_obtained":[{"floor":6.0,"key":"Darkstone Periapt"},{"floor":9.0,"key":"Cables"},{"floor":14.0,"key":"Smiling Mask"},{"floor":22,"key":"Vajra"},{"floor":24,"key":"Dream Catcher"},{"floor":26,"key":"Symbiotic Virus"},{"floor":27,"key":"Molten Egg 2"},{"floor":41,"key":"Pocketwatch"},{"floor":43,"key":"War Paint"},{"floor":44,"key":"Whetstone"},{"floor":47,"key":"Calipers"}],"event_choices":[{"damage_healed":0.0,"max_hp_gain":0.0,"max_hp_loss":0.0,"gold_gain":0.0,"event_name":"Big Fish","player_choice":"Box","floor":2.0,"gold_loss":0.0,"damage_taken":0.0,"relics_obtained":["Kunai"],"cards_obtained":["Regret"]},{"damage_healed":0.0,"max_hp_gain":0.0,"max_hp_loss":0.0,"gold_gain":0.0,"event_name":"Wheel of Change","player_choice":"Damaged","floor":3.0,"gold_loss":0.0,"damage_taken":6.0},{"damage_healed":0.0,"max_hp_gain":0.0,"max_hp_loss":0.0,"gold_gain":0.0,"event_name":"Scrap Ooze","player_choice":"Success","floor":10.0,"gold_loss":0.0,"damage_taken":33.0,"relics_obtained":["Frozen Egg 2"]},{"damage_healed":17.0,"max_hp_gain":0.0,"max_hp_loss":0.0,"gold_gain":0.0,"event_name":"Mushrooms","player_choice":"Healed and dodged fight","floor":11.0,"gold_loss":0.0,"damage_taken":0.0,"cards_obtained":["Parasite"]},{"cards_removed":["Parasite"],"damage_healed":0,"gold_gain":0,"player_choice":"Elegance","damage_taken":0,"max_hp_gain":0,"max_hp_loss":0,"event_name":"Back to Basics","floor":21,"gold_loss":0},{"damage_healed":0,"gold_gain":0,"player_choice":"Joined the Cult","damage_taken":6,"max_hp_gain":0,"max_hp_loss":0,"event_name":"Nest","floor":28,"gold_loss":0,"cards_obtained":["RitualDagger"]},{"damage_healed":0,"gold_gain":0,"player_choice":"Stole Relic","damage_taken":0,"relics_obtained":["Art of War"],"max_hp_gain":0,"max_hp_loss":0,"event_name":"Addict","floor":31,"gold_loss":0,"cards_obtained":["Shame"]},{"damage_healed":19,"gold_gain":0,"player_choice":"Writhe","damage_taken":0,"max_hp_gain":0,"max_hp_loss":0,"event_name":"Winding Halls","floor":38,"gold_loss":0,"cards_obtained":["Writhe"]},{"damage_healed":0,"gold_gain":0,"player_choice":"Fight","damage_taken":0,"max_hp_gain":0,"max_hp_loss":0,"event_name":"MindBloom","floor":47,"gold_loss":0},{"damage_healed":0,"gold_gain":0,"player_choice":"Forge","damage_taken":0,"max_hp_gain":0,"max_hp_loss":0,"event_name":"Accursed Blacksmith","floor":48,"gold_loss":0,"cards_upgraded":["Coolheaded"]}],"is_beta":false,"boss_relics":[{"not_picked":["Snecko Eye","Astrolabe"],"picked":"Runic Dome"},{"not_picked":["Pandora\u0027s Box","Runic Pyramid"],"picked":"Philosopher\u0027s Stone"}],"items_purged_floors":[4,36,39],"is_endless":false,"potions_floor_spawned":[1,6,13,16,18,33,37,45,46,47],"ascension_level":8}