{"gold_per_floor":[117,32,32,50,50,80,90,90,172,189,223,282,312,326,326,403,403,423,95,20,20,70,100,100,111,136,136,136,170,270,283,283,362,362,375,475,530,271,288,288,307,307,307,319,350,350,361,373,373,373,373,373,373,26,51,51],"floor_reached":57,"playtime":4164,"items_purged":["Strike_R","Bash","Defend_R"],"score":3301,"play_id":"48a2e954-0d10-4220-bb03-1d5e41675929","local_time":"20190226114756","is_ascension_mode":true,"campfire_choices":[{"data":"Carnage","floor":8.0,"key":"SMITH"},{"data":"Limit Break","floor":15.0,"key":"SMITH"},{"data":"Body Slam","floor":24.0,"key":"SMITH"},{"data":"Burning Pact","floor":27.0,"key":"SMITH"},{"data":"Offering","floor":32.0,"key":"SMITH"},{"floor":40.0,"key":"RECALL"},{"data":"Evolve","floor":49.0,"key":"SMITH"},{"data":"Second Wind","floor":53.0,"key":"SMITH"}],"neow_cost":"NONE","seed_source_timestamp":475273974965616,"circlet_count":0,"master_deck":["AscendersBane","Defend_R","Defend_R","Defend_R","Evolve+1","Flex","Carnage+1","Body Slam+1","Burning Pact+1","Ghostly Armor","Limit Break+1","Offering+1","Shrug It Off","Power Through","Flex","Havoc","Second Wind+1","Exhume","Limit Break","Feed","Burning Pact","True Grit+1","Impervious","Feel No Pain+1","Impervious"],"special_seed":0,"relics":["Burning Blood","NeowsBlessing","Anchor","Red Skull","The Courier","Frozen Egg 2","Calipers","Nunchaku","Runic Dome","Shuriken","Thread and Needle","Matryoshka","Mark of Pain","Bird Faced Urn","Magic Flower","Strange Spoon","Bottled Tornado","Gremlin Horn","Bottled Lightning","Happy Flower","Bronze Scales"],"potions_floor_usage":[56,56],"damage_taken":[{"damage":0.0,"enemies":"Small Slimes","floor":1.0,"turns":1.0},{"damage":0.0,"enemies":"Jaw Worm","floor":4.0,"turns":1.0},{"damage":0.0,"enemies":"Gremlin Nob","floor":6.0,"turns":1.0},{"damage":0.0,"enemies":"2 Louse","floor":7.0,"turns":4.0},{"damage":7.0,"enemies":"Large Slime","floor":10.0,"turns":6.0},{"damage":40.0,"enemies":"3 Sentries","floor":11.0,"turns":8.0},{"damage":17.0,"enemies":"3 Sentries","floor":12.0,"turns":9.0},{"damage":5.0,"enemies":"Gremlin Nob","floor":13.0,"turns":3.0},{"damage":1.0,"enemies":"2 Fungi Beasts","floor":14.0,"turns":3.0},{"damage":26.0,"enemies":"Hexaghost","floor":16.0,"turns":9.0},{"damage":23.0,"enemies":"3 Byrds","floor":18.0,"turns":11.0},{"damage":11.0,"enemies":"Gremlin Leader","floor":23.0,"turns":8.0},{"damage":0.0,"enemies":"Spheric Guardian","floor":25.0,"turns":4.0},{"damage":12.0,"enemies":"Book of Stabbing","floor":29.0,"turns":4.0},{"damage":6.0,"enemies":"Colosseum Slavers","floor":30.0,"turns":5.0},{"damage":6.0,"enemies":"Colosseum Nobs","floor":30.0,"turns":5.0},{"damage":8.0,"enemies":"Shelled Parasite and Fungi","floor":31.0,"turns":5.0},{"damage":12.0,"enemies":"Automaton","floor":33.0,"turns":6.0},{"damage":6.0,"enemies":"3 Darklings","floor":35.0,"turns":5.0},{"damage":6.0,"enemies":"Mind Bloom Boss Battle","floor":36.0,"turns":9.0},{"damage":15.0,"enemies":"2 Orb Walkers","floor":37.0,"turns":5.0},{"damage":6.0,"enemies":"3 Shapes","floor":39.0,"turns":5.0},{"damage":12.0,"enemies":"Transient","floor":41.0,"turns":6.0},{"damage":6.0,"enemies":"Jaw Worm Horde","floor":44.0,"turns":5.0},{"damage":6.0,"enemies":"Giant Head","floor":45.0,"turns":8.0},{"damage":17.0,"enemies":"Writhing Mass","floor":47.0,"turns":4.0},{"damage":12.0,"enemies":"Spire Growth","floor":48.0,"turns":4.0},{"damage":23.0,"enemies":"Time Eater","floor":50.0,"turns":13.0},{"damage":18.0,"enemies":"Donu and Deca","floor":51.0,"turns":6.0},{"damage":24,"enemies":"Shield and Spear","floor":55,"turns":6},{"damage":12,"enemies":"The Heart","floor":56,"turns":7}],"seed_played":"7964317774236933085","potions_obtained":[{"floor":7.0,"key":"Regen Potion"},{"floor":10.0,"key":"EssenceOfSteel"},{"floor":14.0,"key":"Swift Potion"},{"floor":16.0,"key":"Weak Potion"},{"floor":18.0,"key":"EssenceOfSteel"},{"floor":25.0,"key":"AttackPotion"},{"floor":33.0,"key":"SpeedPotion"},{"floor":36.0,"key":"LiquidBronze"},{"floor":37.0,"key":"GamblersBrew"},{"floor":44.0,"key":"Swift Potion"},{"floor":47.0,"key":"SteroidPotion"}],"is_trial":false,"path_per_floor":["M","$","?","M","?","E","M","R","T","M","E","?","E","M","R","B",null,"M","$","?","?","?","E","R","M","T","R","?","E","?","M","R","B",null,"M","?","?","$","M","R","M","?","T","M","E","?","M","M","R","B","B",null,"R","$","E","B",null],"character_chosen":"IRONCLAD","items_purchased":["Evolve","Shrug It Off","Power Through","Flex","Havoc","Second Wind","PowerPotion","Strange Spoon","SkillPotion","Feel No Pain+1","Happy Flower"],"campfire_rested":0,"item_purchase_floors":[2,19,19,19,19,19,19,38,54,54,54],"current_hp_per_floor":[74,74,56,62,55,61,67,67,67,66,47,36,37,42,42,22,62,45,45,45,24,24,19,19,25,25,25,25,22,25,26,26,20,72,72,75,68,68,79,79,79,79,79,95,99,99,99,104,104,98,102,111,111,111,112,120],"gold":51,"neow_bonus":"THREE_ENEMY_KILL","is_prod":false,"is_daily":false,"chose_seed":false,"campfire_upgraded":7,"win_rate":0,"timestamp":1551152876,"path_taken":["M","$","?","M","?","E","M","R","T","M","E","?","E","M","R","BOSS","M","$","?","?","?","E","R","M","T","R","?","E","?","M","R","BOSS","M","?","?","$","M","R","M","?","T","M","E","?","M","M","R","BOSS","BOSS","R","$","E","BOSS"],"build_version":"2019-01-23","purchased_purges":3,"victory":true,"max_hp_per_floor":[75,75,75,75,75,75,75,75,75,75,75,75,75,75,75,75,75,75,75,75,80,80,80,80,80,80,80,80,83,86,89,89,89,89,89,92,92,92,95,95,95,90,90,96,99,99,102,105,105,108,114,114,114,114,120,123],"card_choices":[{"not_picked":["Cleave","Headbutt","Clothesline"],"picked":"SKIP","floor":1.0},{"not_picked":["Clash","Twin Strike"],"picked":"Flex","floor":4.0},{"not_picked":["Intimidate","Clothesline"],"picked":"Carnage","floor":6.0},{"not_picked":["Whirlwind","Body Slam"],"picked":"Shrug It Off","floor":7.0},{"not_picked":["Havoc","Pommel Strike"],"picked":"Body Slam","floor":10.0},{"not_picked":["Rupture","Havoc","Clash"],"picked":"SKIP","floor":11.0},{"not_picked":["Armaments","Blood for Blood"],"picked":"Burning Pact","floor":12.0},{"not_picked":["Carnage","Havoc"],"picked":"Ghostly Armor","floor":13.0},{"not_picked":["Thunderclap","Reckless Charge"],"picked":"Limit Break","floor":14.0},{"not_picked":["Feed","Exhume"],"picked":"Offering","floor":16.0},{"not_picked":["Perfected Strike","Body Slam","Cleave"],"picked":"SKIP","floor":18.0},{"not_picked":["Heavy Blade+1","Armaments","Exhume"],"picked":"SKIP","floor":23.0},{"not_picked":["Heavy Blade+1","Armaments"],"picked":"Exhume","floor":23.0},{"not_picked":["Burning Pact","Armaments","Perfected Strike"],"picked":"SKIP","floor":25.0},{"not_picked":["Entrench","Limit Break"],"picked":"Burning Pact","floor":29.0},{"not_picked":["Pommel Strike","Headbutt"],"picked":"True Grit+1","floor":30.0},{"not_picked":["Sentinel","Warcry","Anger"],"picked":"SKIP","floor":31.0},{"not_picked":["Iron Wave+1","Shrug It Off","Flame Barrier"],"picked":"SKIP","floor":35.0},{"not_picked":["Wild Strike+1","Berserk+1","Seeing Red"],"picked":"SKIP","floor":39.0},{"not_picked":["Wild Strike+1","Berserk+1","Seeing Red"],"picked":"SKIP","floor":39.0},{"not_picked":["Twin Strike","Thunderclap+1","Anger"],"picked":"SKIP","floor":41.0},{"not_picked":["Wild Strike","Armaments","Spot Weakness"],"picked":"SKIP","floor":44.0},{"not_picked":["Evolve+1","Metallicize+1"],"picked":"Impervious","floor":45.0},{"not_picked":["Uppercut","Flex","Twin Strike"],"picked":"SKIP","floor":47.0},{"not_picked":["Fire Breathing+1","Rupture+1","Carnage"],"picked":"SKIP","floor":48.0},{"not_picked":["Wild Strike","Clash"],"picked":"Impervious","floor":55}],"player_experience":1067296,"relics_obtained":[{"floor":6.0,"key":"Red Skull"},{"floor":9.0,"key":"The Courier"},{"floor":11.0,"key":"Frozen Egg 2"},{"floor":13.0,"key":"Nunchaku"},{"floor":23.0,"key":"Shuriken"},{"floor":30.0,"key":"Thread and Needle"},{"floor":30.0,"key":"Matryoshka"},{"floor":36.0,"key":"Bird Faced Urn"},{"floor":37.0,"key":"Magic Flower"},{"floor":43.0,"key":"Bottled Tornado"},{"floor":43.0,"key":"Gremlin Horn"},{"floor":45.0,"key":"Bottled Lightning"},{"floor":55,"key":"Bronze Scales"}],"event_choices":[{"damage_healed":0.0,"max_hp_gain":0.0,"max_hp_loss":0.0,"gold_gain":0.0,"event_name":"Scrap Ooze","player_choice":"Success","floor":3.0,"gold_loss":0.0,"damage_taken":18.0,"relics_obtained":["Anchor"]},{"cards_removed":["Strike_R"],"damage_healed":0.0,"max_hp_gain":0.0,"max_hp_loss":0.0,"gold_gain":0.0,"event_name":"Golden Wing","player_choice":"Card Removal","floor":5.0,"gold_loss":0.0,"damage_taken":7.0},{"damage_healed":0.0,"max_hp_gain":0.0,"max_hp_loss":0.0,"gold_gain":0.0,"event_name":"Dead Adventurer","player_choice":"Searched \u00272\u0027 times","floor":12.0,"gold_loss":0.0,"damage_taken":0.0,"relics_obtained":["Calipers"]},{"cards_removed":["Strike_R"],"damage_healed":0.0,"max_hp_gain":0.0,"max_hp_loss":0.0,"gold_gain":0.0,"event_name":"Beggar","player_choice":"Gave Gold","floor":20.0,"gold_loss":75.0,"damage_taken":0.0},{"damage_healed":0.0,"max_hp_gain":5.0,"max_hp_loss":0.0,"gold_gain":0.0,"event_name":"Forgotten Altar","player_choice":"Shed Blood","floor":21.0,"gold_loss":0.0,"damage_taken":26.0},{"damage_healed":0.0,"max_hp_gain":0.0,"max_hp_loss":0.0,"gold_gain":50.0,"event_name":"Nest","player_choice":"Stole From Cult","floor":22.0,"gold_loss":0.0,"damage_taken":0.0},{"damage_healed":0.0,"max_hp_gain":0.0,"max_hp_loss":0.0,"gold_gain":0.0,"cards_transformed":["Strike_R","Strike_R"],"event_name":"Drug Dealer","player_choice":"Became Test Subject","floor":28.0,"gold_loss":0.0,"damage_taken":0.0,"cards_obtained":["Limit Break","Feed"]},{"damage_healed":0.0,"max_hp_gain":0.0,"max_hp_loss":0.0,"gold_gain":0.0,"event_name":"Colosseum","player_choice":"Fight","floor":30.0,"gold_loss":0.0,"damage_taken":0.0},{"damage_healed":0.0,"max_hp_gain":0.0,"max_hp_loss":0.0,"gold_gain":0.0,"event_name":"Colosseum","player_choice":"Fought Nobs","floor":30.0,"gold_loss":0.0,"damage_taken":0.0},{"damage_healed":0.0,"max_hp_gain":0.0,"max_hp_loss":0.0,"gold_gain":0.0,"event_name":"MindBloom","player_choice":"Fight","floor":36.0,"gold_loss":0.0,"damage_taken":0.0},{"damage_healed":0.0,"max_hp_gain":0.0,"max_hp_loss":0.0,"gold_gain":0.0,"event_name":"Mysterious Sphere","player_choice":"Fight","floor":37.0,"gold_loss":0.0,"damage_taken":0.0},{"damage_healed":0.0,"max_hp_gain":0.0,"max_hp_loss":5.0,"gold_gain":0.0,"event_name":"Winding Halls","player_choice":"Max HP","floor":42.0,"gold_loss":0.0,"damage_taken":0.0},{"cards_removed":["Shrug It Off"],"damage_healed":0.0,"max_hp_gain":0.0,"max_hp_loss":0.0,"gold_gain":0.0,"event_name":"Falling","player_choice":"Removed Skill","floor":46.0,"gold_loss":0.0,"damage_taken":0.0}],"is_beta":false,"boss_relics":[{"not_picked":["Eternal Feather","Cursed Key"],"picked":"Runic Dome"},{"not_picked":["Sozu","Runic Cube"],"picked":"Mark of Pain"}],"items_purged_floors":[19,38,54],"is_endless":false,"potions_floor_spawned":[7,10,14,16,18,25,33,36,37,44,47],"ascension_level":20}