{"gold_per_floor":[116,56,75,98,98,126,126,142,142,171,181,181,181,202,202,301,301,326,344,344,364,48,48],"floor_reached":23,"playtime":1046,"items_purged":["Strike_G"],"score":362,"play_id":"f9c3d885-8e94-4940-a2d4-49b482182059","local_time":"20190507165458","is_ascension_mode":true,"campfire_choices":[{"data":"Neutralize","floor":7,"key":"SMITH"},{"data":"Cloak And Dagger","floor":12,"key":"SMITH"},{"data":"Blade Dance","floor":15,"key":"SMITH"}],"neow_cost":"NONE","seed_source_timestamp":239606401829800,"circlet_count":0,"master_deck":["AscendersBane","Defend_G","Defend_G","Defend_G","Defend_G","Defend_G","Strike_G","Strike_G","Strike_G","Survivor","Neutralize+1","Poisoned Stab","Cloak And Dagger+1","Die Die Die","Noxious Fumes","Blade Dance+1","Backflip","Tools of the Trade","Dodge and Roll","Envenom","Blur"],"relics":["Ring of the Snake","Anchor","PreservedInsect","Blue Candle","Mercury Hourglass","Shuriken","Golden Idol","Black Star"],"potions_floor_usage":[6,16,20,21,23,23],"damage_taken":[{"damage":3,"enemies":"Jaw Worm","floor":1,"turns":5},{"damage":0,"enemies":"Cultist","floor":3,"turns":3},{"damage":12,"enemies":"Lagavulin","floor":6,"turns":6},{"damage":0,"enemies":"Small Slimes","floor":8,"turns":2},{"damage":12,"enemies":"Gremlin Nob","floor":10,"turns":4},{"damage":0,"enemies":"Gremlin Gang","floor":11,"turns":3},{"damage":0,"enemies":"3 Louse","floor":14,"turns":1},{"damage":18,"enemies":"Slime Boss","floor":16,"turns":7},{"damage":5,"enemies":"3 Byrds","floor":18,"turns":3},{"damage":15,"enemies":"2 Thieves","floor":19,"turns":4},{"damage":7,"enemies":"Colosseum Slavers","floor":20,"turns":4},{"damage":25,"enemies":"Snake Plant","floor":21,"turns":6},{"damage":15,"enemies":"Slavers","floor":23,"turns":2}],"seed_played":"-6365239639257007804","potions_obtained":[{"floor":3,"key":"Block Potion"},{"floor":8,"key":"SteroidPotion"},{"floor":14,"key":"Block Potion"},{"floor":18,"key":"PowerPotion"}],"is_trial":false,"path_per_floor":["M","?","M","T","?","E","R","M","T","E","M","R","?","M","R","B",null,"M","M","?","M","$","E"],"character_chosen":"THE_SILENT","items_purchased":["Fruit Juice","Blur","SkillPotion"],"campfire_rested":0,"item_purchase_floors":[22,22,22],"current_hp_per_floor":[62,62,62,62,62,50,50,50,50,38,38,38,38,38,38,20,54,49,34,27,2,2,0],"gold":48,"neow_bonus":"TEN_PERCENT_HP_BONUS","is_prod":false,"is_daily":false,"chose_seed":false,"campfire_upgraded":3,"win_rate":0,"timestamp":1557244498,"path_taken":["M","?","?","?","?","E","R","?","T","E","M","R","?","M","R","BOSS","M","M","?","M","$","E"],"build_version":"2019-01-23","purchased_purges":1,"victory":false,"max_hp_per_floor":[72,72,72,72,72,72,72,72,72,72,72,72,65,65,65,65,65,65,65,65,65,65,70],"card_choices":[{"not_picked":["Quick Slash","Acrobatics"],"picked":"Poisoned Stab","floor":1},{"not_picked":["Dagger Spray","Dodge and Roll"],"picked":"Cloak And Dagger","floor":3},{"not_picked":["Sucker Punch","Dagger Throw"],"picked":"Die Die Die","floor":6},{"not_picked":["Blade Dance","Endless Agony"],"picked":"Noxious Fumes","floor":8},{"not_picked":["Bane","Slice"],"picked":"Blade Dance","floor":10},{"not_picked":["Infinite Blades","Underhanded Strike"],"picked":"Backflip","floor":11},{"not_picked":["Dagger Throw","Caltrops","Prepared"],"picked":"SKIP","floor":14},{"not_picked":["Bullet Time","Night Terror"],"picked":"Tools of the Trade","floor":16},{"not_picked":["Acrobatics","All Out Attack","Poisoned Stab+1"],"picked":"SKIP","floor":18},{"not_picked":["Distraction","All Out Attack"],"picked":"Dodge and Roll","floor":19},{"not_picked":["Prepared","PiercingWail"],"picked":"Envenom","floor":21}],"player_experience":472662,"relics_obtained":[{"floor":4,"key":"PreservedInsect"},{"floor":6,"key":"Blue Candle"},{"floor":9,"key":"Mercury Hourglass"},{"floor":10,"key":"Shuriken"}],"event_choices":[{"damage_healed":0,"gold_gain":0,"player_choice":"Paid Gold","damage_taken":0,"relics_obtained":["Anchor"],"max_hp_gain":0,"max_hp_loss":0,"event_name":"WeMeetAgain","floor":2,"gold_loss":60},{"cards_removed":["Strike_G"],"damage_healed":0,"gold_gain":0,"player_choice":"Purged","damage_taken":0,"max_hp_gain":0,"max_hp_loss":0,"event_name":"Purifier","floor":5,"gold_loss":0},{"damage_healed":0,"gold_gain":0,"player_choice":"Lose Max HP","damage_taken":0,"relics_obtained":["Golden Idol"],"max_hp_gain":0,"max_hp_loss":7,"event_name":"Golden Idol","floor":13,"gold_loss":0},{"damage_healed":0,"gold_gain":0,"player_choice":"Fight","damage_taken":0,"max_hp_gain":0,"max_hp_loss":0,"event_name":"Colosseum","floor":20,"gold_loss":0},{"damage_healed":0,"gold_gain":0,"player_choice":"Fled From Nobs","damage_taken":0,"max_hp_gain":0,"max_hp_loss":0,"event_name":"Colosseum","floor":20,"gold_loss":0}],"is_beta":false,"boss_relics":[{"not_picked":["Fusion Hammer","Tiny House"],"picked":"Black Star"}],"items_purged_floors":[22],"is_endless":false,"potions_floor_spawned":[3,8,14,18,20],"killed_by":"Slavers","ascension_level":16}