{"gold_per_floor":[117,42,42,42,42,42,66,66,66,89,89,118,162,162,162,162],"floor_reached":16,"playtime":334,"items_purged":["Strike_R"],"score":192,"play_id":"757888be-5c2e-4c81-a27d-abca9e5d6e7a","local_time":"20190301131356","is_ascension_mode":true,"campfire_choices":[{"data":"Barricade","floor":6.0,"key":"SMITH"},{"data":"Bash","floor":8.0,"key":"SMITH"},{"floor":15,"key":"REST"}],"neow_cost":"TEN_PERCENT_HP_LOSS","seed_source_timestamp":8087077594764,"circlet_count":0,"master_deck":["AscendersBane","Strike_R","Strike_R","Strike_R","Defend_R","Defend_R","Defend_R","Defend_R","Bash+1","Barricade+1","Sword Boomerang","Battle Trance","Rampage"],"special_seed":0,"relics":["Burning Blood","Golden Idol","FaceOfCleric","Frozen Egg 2","Odd Mushroom","Bottled Tornado"],"potions_floor_usage":[],"damage_taken":[{"damage":16.0,"enemies":"Small Slimes","floor":1.0,"turns":5.0},{"damage":7.0,"enemies":"Cultist","floor":7.0,"turns":5.0},{"damage":9.0,"enemies":"Jaw Worm","floor":10.0,"turns":3.0},{"damage":17.0,"enemies":"The Mushroom Lair","floor":12.0,"turns":4.0},{"damage":38.0,"enemies":"Gremlin Nob","floor":13.0,"turns":4.0},{"damage":25,"enemies":"Hexaghost","floor":16,"turns":8}],"seed_played":"944902317957391950","potions_obtained":[{"floor":7.0,"key":"Explosive Potion"}],"is_trial":false,"path_per_floor":["M","$","?","?","?","R","M","R","T","M","?","?","E","?","R","B"],"character_chosen":"IRONCLAD","items_purchased":[],"campfire_rested":1,"item_purchase_floors":[],"current_hp_per_floor":[58,58,58,63,63,63,63,63,63,61,54,44,13,13,34,9],"gold":162,"neow_bonus":"THREE_RARE_CARDS","is_prod":false,"is_daily":false,"chose_seed":false,"campfire_upgraded":2,"win_rate":0,"timestamp":1551417236,"path_taken":["M","$","?","?","?","R","?","R","T","M","?","?","E","?","R","BOSS"],"build_version":"2019-01-23","purchased_purges":1,"victory":false,"max_hp_per_floor":[68,68,62,67,67,67,68,68,68,69,69,70,71,71,71,71],"card_choices":[{"not_picked":["Demon Form","Double Tap"],"picked":"Barricade","floor":0.0},{"not_picked":["Iron Wave","Havoc"],"picked":"Sword Boomerang","floor":1.0},{"not_picked":["Infernal Blade","Rupture"],"picked":"Battle Trance","floor":7.0},{"not_picked":["Dual Wield","Cleave","Searing Blow"],"picked":"SKIP","floor":10.0},{"not_picked":["True Grit","Perfected Strike"],"picked":"Rampage","floor":12.0},{"not_picked":["Pommel Strike","Hemokinesis","Brutality+1"],"picked":"SKIP","floor":13.0}],"player_experience":1119792,"relics_obtained":[{"floor":9.0,"key":"Frozen Egg 2"},{"floor":12.0,"key":"Odd Mushroom"},{"floor":13.0,"key":"Bottled Tornado"}],"event_choices":[{"damage_healed":0.0,"max_hp_gain":0.0,"max_hp_loss":6.0,"gold_gain":0.0,"event_name":"Golden Idol","player_choice":"Lose Max HP","floor":3.0,"gold_loss":0.0,"damage_taken":0.0,"relics_obtained":["Golden Idol"]},{"damage_healed":0.0,"max_hp_gain":5.0,"max_hp_loss":0.0,"gold_gain":0.0,"event_name":"Big Fish","player_choice":"Donut","floor":4.0,"gold_loss":0.0,"damage_taken":0.0},{"damage_healed":0.0,"max_hp_gain":0.0,"max_hp_loss":0.0,"gold_gain":0.0,"event_name":"FaceTrader","player_choice":"Trade","floor":5.0,"gold_loss":0.0,"damage_taken":0.0,"relics_obtained":["FaceOfCleric"]},{"cards_removed":["Strike_R"],"damage_healed":0.0,"max_hp_gain":0.0,"max_hp_loss":0.0,"gold_gain":0.0,"event_name":"Golden Wing","player_choice":"Card Removal","floor":11.0,"gold_loss":0.0,"damage_taken":7.0},{"damage_healed":0.0,"max_hp_gain":0.0,"max_hp_loss":0.0,"gold_gain":0.0,"event_name":"Mushrooms","player_choice":"Fought Mushrooms","floor":12.0,"gold_loss":0.0,"damage_taken":0.0},{"damage_healed":0.0,"max_hp_gain":0.0,"max_hp_loss":0.0,"gold_gain":0.0,"event_name":"Liars Game","player_choice":"Ignored","floor":14.0,"gold_loss":0.0,"damage_taken":0.0}],"is_beta":false,"boss_relics":[],"items_purged_floors":[2],"is_endless":false,"potions_floor_spawned":[7],"killed_by":"Hexaghost","ascension_level":20}