{"gold_per_floor":[218,198,218,236,311,311,341,341,341,352,352,362,362,17,17,92,92,72,72,72,83,8,8,20,20,20,39,57,75,107,126,126,202,202,222,222,240,165,177,211,229,239,239,239,271,271,290,306,306,306,306,306,306,43,73,73],"floor_reached":57,"playtime":3280,"items_purged":["Strike_R","Anger"],"score":2901,"play_id":"bc5a348c-6e45-4769-a93a-59bc2ee8d2c8","local_time":"20190503213222","is_ascension_mode":true,"campfire_choices":[{"data":"Armaments","floor":6.0,"key":"SMITH"},{"data":"Flex","floor":11.0,"key":"SMITH"},{"data":"Demon Form","floor":13.0,"key":"SMITH"},{"data":"Pommel Strike","floor":15.0,"key":"SMITH"},{"data":"RitualDagger","floor":23.0,"key":"SMITH"},{"data":"Bloodletting","floor":32.0,"key":"SMITH"},{"data":"Corruption","floor":44.0,"key":"SMITH"},{"data":"Dark Embrace","floor":46.0,"key":"SMITH"},{"floor":49.0,"key":"RECALL"},{"floor":53.0,"key":"DIG"}],"neow_cost":"NONE","seed_source_timestamp":0,"circlet_count":0,"master_deck":["AscendersBane","Defend_R","Defend_R","Defend_R","Bash","Armaments+1","Flex+1","Demon Form+1","Pommel Strike+1","Exhume","Intimidate","Ghostly","Ghostly","Ghostly","RitualDagger+1","Warcry","Bloodletting+1","Power Through+1","Pummel","Fiend Fire","Havoc","Corruption+1","Warcry","Dark Embrace+1","Clumsy","Burning Pact","Exhume","Offering"],"special_seed":0,"relics":["Burning Blood","Self Forming Clay","Dead Branch","Empty Cage","Gremlin Horn","Lantern","Cursed Key","Blood Vial","Bird Faced Urn","Shovel","Bottled Lightning","Letter Opener"],"potions_floor_usage":[56,56],"damage_taken":[{"damage":9.0,"enemies":"Jaw Worm","floor":1.0,"turns":3.0},{"damage":1.0,"enemies":"Cultist","floor":3.0,"turns":4.0},{"damage":8.0,"enemies":"2 Louse","floor":4.0,"turns":5.0},{"damage":31.0,"enemies":"3 Sentries","floor":7.0,"turns":9.0},{"damage":1.0,"enemies":"Looter","floor":10.0,"turns":4.0},{"damage":0.0,"enemies":"Gremlin Gang","floor":12.0,"turns":5.0},{"damage":29.0,"enemies":"Slime Boss","floor":16.0,"turns":6.0},{"damage":34.0,"enemies":"2 Thieves","floor":18.0,"turns":5.0},{"damage":0.0,"enemies":"Chosen","floor":21.0,"turns":5.0},{"damage":3.0,"enemies":"Snake Plant","floor":24.0,"turns":6.0},{"damage":5.0,"enemies":"Shelled Parasite and Fungi","floor":27.0,"turns":5.0},{"damage":9.0,"enemies":"Centurion and Healer","floor":28.0,"turns":7.0},{"damage":4.0,"enemies":"Cultist and Chosen","floor":29.0,"turns":6.0},{"damage":16.0,"enemies":"Slavers","floor":30.0,"turns":4.0},{"damage":3.0,"enemies":"Sentry and Sphere","floor":31.0,"turns":6.0},{"damage":13.0,"enemies":"Automaton","floor":33.0,"turns":9.0},{"damage":4.0,"enemies":"3 Darklings","floor":35.0,"turns":5.0},{"damage":0.0,"enemies":"Orb Walker","floor":37.0,"turns":2.0},{"damage":3.0,"enemies":"Spire Growth","floor":39.0,"turns":4.0},{"damage":3.0,"enemies":"Reptomancer","floor":40.0,"turns":3.0},{"damage":1.0,"enemies":"Jaw Worm Horde","floor":41.0,"turns":3.0},{"damage":3.0,"enemies":"Sphere and 2 Shapes","floor":42.0,"turns":5.0},{"damage":2.0,"enemies":"Giant Head","floor":45.0,"turns":4.0},{"damage":1.0,"enemies":"Writhing Mass","floor":47.0,"turns":3.0},{"damage":1.0,"enemies":"Spire Growth","floor":48.0,"turns":3.0},{"damage":10.0,"enemies":"Time Eater","floor":50.0,"turns":8.0},{"damage":31.0,"enemies":"Awakened One","floor":51.0,"turns":7.0},{"damage":15,"enemies":"Shield and Spear","floor":55,"turns":3},{"damage":9,"enemies":"The Heart","floor":56,"turns":4}],"seed_played":"455212220674685543","potions_obtained":[{"floor":1.0,"key":"Ancient Potion"},{"floor":2.0,"key":"PowerPotion"},{"floor":10.0,"key":"Fire Potion"},{"floor":12.0,"key":"Weak Potion"},{"floor":18.0,"key":"LiquidBronze"},{"floor":37.0,"key":"Block Potion"},{"floor":40.0,"key":"PowerPotion"},{"floor":55,"key":"EssenceOfSteel"}],"is_trial":false,"path_per_floor":["M","?","M","M","?","R","E","?","T","M","R","M","R","$","R","B",null,"M","?","?","M","$","R","M","?","T","M","M","M","E","M","R","B",null,"M","?","M","?","M","E","M","M","T","R","E","R","M","M","R","B","B",null,"R","$","E","B",null],"character_chosen":"IRONCLAD","items_purchased":["Dead Branch","Pommel Strike","Exhume"],"campfire_rested":0,"item_purchase_floors":[14,14,54],"current_hp_per_floor":[65,65,70,68,57,57,32,32,32,37,37,43,43,43,43,20,61,33,33,27,33,33,33,36,36,36,37,34,36,26,29,29,22,33,35,35,37,37,37,37,37,37,37,37,37,37,37,37,37,37,16,32,32,32,31,37],"gold":73,"neow_bonus":"HUNDRED_GOLD","is_prod":false,"is_daily":false,"chose_seed":false,"campfire_upgraded":8,"win_rate":0,"timestamp":1556890342,"path_taken":["M","?","?","M","?","R","E","?","T","M","R","?","R","?","R","BOSS","M","?","?","M","$","R","M","?","T","M","?","M","E","M","R","BOSS","M","?","?","?","M","E","M","M","T","R","E","R","M","M","R","BOSS","BOSS","R","$","E","BOSS"],"build_version":"2019-01-23","purchased_purges":2,"victory":true,"max_hp_per_floor":[75,75,75,75,75,75,75,75,75,75,75,75,75,75,75,75,75,75,37,37,37,37,37,37,37,37,37,37,37,37,37,37,37,37,37,37,37,37,37,37,37,37,37,37,37,37,37,37,37,37,37,37,37,37,37,37],"card_choices":[{"not_picked":["Bloodletting","Cleave"],"picked":"Armaments","floor":1.0},{"not_picked":["Sword Boomerang","Iron Wave","Warcry"],"picked":"SKIP","floor":3.0},{"not_picked":["Thunderclap","Heavy Blade","Combust"],"picked":"SKIP","floor":4.0},{"not_picked":["Perfected Strike","Hemokinesis"],"picked":"Flex","floor":7.0},{"not_picked":["Heavy Blade","Flex","Twin Strike"],"picked":"SKIP","floor":10.0},{"not_picked":["Iron Wave","Body Slam"],"picked":"Demon Form","floor":12.0},{"not_picked":["Double Tap","Berserk"],"picked":"Exhume","floor":16.0},{"not_picked":["Pommel Strike","Shrug It Off"],"picked":"Intimidate","floor":18.0},{"not_picked":["Armaments","Sword Boomerang+1"],"picked":"Warcry","floor":21.0},{"not_picked":["Dual Wield","Metallicize"],"picked":"Bloodletting","floor":24.0},{"not_picked":["Pommel Strike","Warcry"],"picked":"Power Through+1","floor":27.0},{"not_picked":["Inflame","Infernal Blade","Searing Blow"],"picked":"SKIP","floor":28.0},{"not_picked":["Iron Wave","Wild Strike+1","Whirlwind"],"picked":"SKIP","floor":29.0},{"not_picked":["Combust","Sentinel","Twin Strike"],"picked":"SKIP","floor":30.0},{"not_picked":["Shrug It Off","Twin Strike"],"picked":"Pummel","floor":31.0},{"not_picked":["Impervious","Brutality"],"picked":"Fiend Fire","floor":33.0},{"not_picked":["Carnage","Cleave","Havoc"],"picked":"SKIP","floor":35.0},{"not_picked":["Carnage","Cleave"],"picked":"Havoc","floor":35.0},{"not_picked":["Clothesline+1","Headbutt","Iron Wave+1"],"picked":"SKIP","floor":37.0},{"not_picked":["Wild Strike","Shrug It Off","Thunderclap"],"picked":"SKIP","floor":39.0},{"not_picked":["Searing Blow+1","Wild Strike"],"picked":"Warcry","floor":40.0},{"not_picked":["Anger","Armaments","Clothesline"],"picked":"SKIP","floor":41.0},{"not_picked":["Clothesline","Ghostly Armor"],"picked":"Dark Embrace","floor":42.0},{"not_picked":["Flame Barrier","Clash+1"],"picked":"Burning Pact","floor":45.0},{"not_picked":["Reckless Charge+1","Rupture","Anger+1"],"picked":"SKIP","floor":47.0},{"not_picked":["Perfected Strike","Entrench+1","Demon Form"],"picked":"SKIP","floor":48.0},{"not_picked":["Perfected Strike","Entrench+1","Demon Form"],"picked":"SKIP","floor":48.0},{"not_picked":["Shrug It Off","Heavy Blade+1"],"picked":"Offering","floor":55}],"player_experience":1833232,"relics_obtained":[{"floor":7.0,"key":"Self Forming Clay"},{"floor":26.0,"key":"Gremlin Horn"},{"floor":30.0,"key":"Lantern"},{"floor":40.0,"key":"Blood Vial"},{"floor":43.0,"key":"Bird Faced Urn"},{"floor":45.0,"key":"Shovel"},{"floor":53.0,"key":"Bottled Lightning"},{"floor":55,"key":"Letter Opener"}],"event_choices":[{"damage_healed":0.0,"max_hp_gain":0.0,"max_hp_loss":0.0,"gold_gain":0.0,"event_name":"The Woman in Blue","player_choice":"Bought 1 Potion","floor":2.0,"gold_loss":0.0,"damage_taken":0.0},{"damage_healed":0.0,"max_hp_gain":0.0,"max_hp_loss":0.0,"gold_gain":75.0,"event_name":"World of Goop","player_choice":"Gather Gold","floor":5.0,"gold_loss":0.0,"damage_taken":11.0},{"cards_removed":["Strike_R"],"damage_healed":0.0,"max_hp_gain":0.0,"max_hp_loss":0.0,"gold_gain":0.0,"event_name":"Bonfire Elementals","player_choice":"Offered Basic","floor":8.0,"gold_loss":0.0,"damage_taken":0.0},{"damage_healed":0.0,"max_hp_gain":0.0,"max_hp_loss":38.0,"gold_gain":0.0,"event_name":"Ghosts","player_choice":"Became a Ghost","floor":19.0,"gold_loss":0.0,"damage_taken":0.0,"cards_obtained":["Ghostly","Ghostly","Ghostly"]},{"damage_healed":0.0,"max_hp_gain":0.0,"max_hp_loss":0.0,"gold_gain":0.0,"event_name":"Nest","player_choice":"Joined the Cult","floor":20.0,"gold_loss":0.0,"damage_taken":6.0,"cards_obtained":["RitualDagger"]},{"damage_healed":0.0,"max_hp_gain":0.0,"max_hp_loss":0.0,"gold_gain":0.0,"event_name":"Beggar","player_choice":"Ignored","floor":25.0,"gold_loss":0.0,"damage_taken":0.0},{"damage_healed":0.0,"max_hp_gain":0.0,"max_hp_loss":0.0,"gold_gain":0.0,"event_name":"SecretPortal","player_choice":"Ignored","floor":36.0,"gold_loss":0.0,"damage_taken":0.0},{"damage_healed":0.0,"max_hp_gain":0.0,"max_hp_loss":0.0,"gold_gain":0.0,"cards_transformed":["Defend_R","Strike_R"],"event_name":"Designer","player_choice":"Transformed Cards","floor":38.0,"gold_loss":75.0,"damage_taken":0.0,"cards_obtained":["Corruption","Anger"]}],"is_beta":false,"boss_relics":[{"not_picked":["Runic Pyramid","Runic Cube"],"picked":"Empty Cage"},{"not_picked":["Astrolabe","Fusion Hammer"],"picked":"Cursed Key"}],"items_purged_floors":[22,54],"is_endless":false,"potions_floor_spawned":[1,10,12,16,18,28,29,37,39,40,42,55],"ascension_level":20}