{"gold_per_floor":[10,10,22,22,97,97,115,115,138,167,7,7,25,25,25,104,104,123,18,32,32,44,44,63,63,88,88],"floor_reached":27,"playtime":1601,"items_purged":["Strike_R"],"score":422,"play_id":"a7148171-d524-4cf7-8d5a-f42e1924db69","local_time":"20190328222634","is_ascension_mode":true,"campfire_choices":[{"data":"Juggernaut","floor":6.0,"key":"SMITH"},{"data":"True Grit","floor":8.0,"key":"SMITH"},{"data":"Evolve","floor":15.0,"key":"SMITH"},{"data":"Entrench","floor":23,"key":"SMITH"}],"neow_cost":"NO_GOLD","seed_source_timestamp":0,"circlet_count":0,"master_deck":["AscendersBane","Strike_R","Defend_R","Defend_R","Defend_R","Bash","Power Through","Juggernaut+1","True Grit+1","Shrug It Off","Evolve+1","Limit Break+1","Entrench+1","Finesse","Feel No Pain","Inflame"],"special_seed":0,"relics":["Burning Blood","Shuriken","Bag of Preparation","Red Skull","Lizard Tail","Bronze Scales"],"potions_floor_usage":[22],"damage_taken":[{"damage":7.0,"enemies":"Cultist","floor":1.0,"turns":4.0},{"damage":6.0,"enemies":"Small Slimes","floor":3.0,"turns":7.0},{"damage":0.0,"enemies":"2 Louse","floor":7.0,"turns":3.0},{"damage":40.0,"enemies":"Gremlin Nob","floor":10.0,"turns":5.0},{"damage":3.0,"enemies":"Blue Slaver","floor":13.0,"turns":5.0},{"damage":21.0,"enemies":"Slime Boss","floor":16.0,"turns":7.0},{"damage":42.0,"enemies":"Spheric Guardian","floor":18.0,"turns":8.0},{"damage":17.0,"enemies":"Shell Parasite","floor":20.0,"turns":8.0},{"damage":40,"enemies":"Snake Plant","floor":22,"turns":7},{"damage":3,"enemies":"Sentry and Sphere","floor":24,"turns":6},{"damage":23,"enemies":"Colosseum Slavers","floor":25,"turns":5},{"damage":9,"enemies":"Shelled Parasite and Fungi","floor":27,"turns":5}],"seed_played":"-6723449785780748759","potions_obtained":[{"floor":1.0,"key":"FearPotion"},{"floor":10.0,"key":"Strength Potion"},{"floor":13.0,"key":"SteroidPotion"},{"floor":18.0,"key":"FairyPotion"}],"is_trial":false,"path_per_floor":["M","T","M","?","?","R","M","R","T","E","$","?","M","?","R","B",null,"M","$","M","?","M","R","M","?","T","M"],"character_chosen":"IRONCLAD","items_purchased":["Evolve","Finesse"],"campfire_rested":0,"item_purchase_floors":[11,19],"current_hp_per_floor":[67,67,67,67,56,56,62,62,62,28,28,28,31,31,31,16,60,24,24,13,13,34,34,37,20,20,11],"gold":88,"neow_bonus":"REMOVE_TWO","is_prod":false,"is_daily":false,"chose_seed":true,"campfire_upgraded":4,"win_rate":0,"timestamp":1553783194,"path_taken":["M","?","M","?","?","R","M","R","T","E","?","?","?","?","R","BOSS","M","$","M","?","M","R","M","?","T","M"],"build_version":"2019-01-23","purchased_purges":1,"victory":false,"max_hp_per_floor":[75,75,75,75,75,75,75,75,75,75,75,75,75,75,75,75,75,75,75,75,75,75,75,75,75,75,75],"card_choices":[{"not_picked":["Seeing Red","Warcry","Dual Wield"],"picked":"SKIP","floor":1.0},{"not_picked":["Anger","Bloodletting"],"picked":"Power Through","floor":3.0},{"not_picked":["Heavy Blade","Corruption"],"picked":"True Grit","floor":7.0},{"not_picked":["Pummel","Armaments"],"picked":"Shrug It Off","floor":10.0},{"not_picked":["True Grit","Shrug It Off","Cleave"],"picked":"SKIP","floor":13.0},{"not_picked":["True Grit","Shrug It Off","Cleave"],"picked":"SKIP","floor":13.0},{"not_picked":["Headbutt","True Grit","Iron Wave"],"picked":"SKIP","floor":18.0},{"not_picked":["Seeing Red","Metallicize"],"picked":"Feel No Pain","floor":20.0},{"not_picked":["True Grit","Dual Wield","Evolve"],"picked":"SKIP","floor":22},{"not_picked":["Shrug It Off","Intimidate"],"picked":"Inflame","floor":24}],"player_experience":1389540,"relics_obtained":[{"floor":2.0,"key":"Shuriken"},{"floor":9.0,"key":"Bag of Preparation"},{"floor":10.0,"key":"Red Skull"},{"floor":26,"key":"Bronze Scales"}],"event_choices":[{"damage_healed":0.0,"max_hp_gain":0.0,"max_hp_loss":0.0,"gold_gain":0.0,"cards_transformed":["Defend_R"],"event_name":"Living Wall","player_choice":"Change","floor":4.0,"gold_loss":0.0,"damage_taken":0.0,"cards_obtained":["Juggernaut"]},{"damage_healed":0.0,"max_hp_gain":0.0,"max_hp_loss":0.0,"gold_gain":75.0,"event_name":"World of Goop","player_choice":"Gather Gold","floor":5.0,"gold_loss":0.0,"damage_taken":11.0},{"damage_healed":0.0,"max_hp_gain":0.0,"max_hp_loss":0.0,"gold_gain":0.0,"event_name":"Match and Keep!","player_choice":"2 cards matched","floor":12.0,"gold_loss":0.0,"damage_taken":0.0,"cards_obtained":["Limit Break","Entrench"]},{"damage_healed":0.0,"max_hp_gain":0.0,"max_hp_loss":0.0,"gold_gain":0.0,"event_name":"Upgrade Shrine","player_choice":"Upgraded","floor":14.0,"gold_loss":0.0,"damage_taken":0.0,"cards_upgraded":["Limit Break"]},{"cards_removed":["Strike_R"],"damage_healed":0,"gold_gain":0,"player_choice":"Elegance","damage_taken":0,"max_hp_gain":0,"max_hp_loss":0,"event_name":"Back to Basics","floor":21,"gold_loss":0},{"damage_healed":0,"gold_gain":0,"player_choice":"Fight","damage_taken":0,"max_hp_gain":0,"max_hp_loss":0,"event_name":"Colosseum","floor":25,"gold_loss":0},{"damage_healed":0,"gold_gain":0,"player_choice":"Fled From Nobs","damage_taken":0,"max_hp_gain":0,"max_hp_loss":0,"event_name":"Colosseum","floor":25,"gold_loss":0}],"is_beta":false,"boss_relics":[{"not_picked":["Snecko Eye","Velvet Choker"],"picked":"Lizard Tail"}],"items_purged_floors":[11],"is_endless":false,"potions_floor_spawned":[1,10,13,18,20],"killed_by":"Shelled Parasite and Fungi","ascension_level":20}