{"gold_per_floor":[114,114,128,42,42,59,90,105,128,128,162,181,200,232,232,303,303,257,54,65,78,78],"floor_reached":22,"playtime":845,"items_purged":["Strike_R"],"score":466,"play_id":"7ddc2831-f10a-4f11-bde2-d2cd40831623","local_time":"20190323115504","is_ascension_mode":true,"campfire_choices":[{"data":"True Grit","floor":10.0,"key":"SMITH"},{"data":"Limit Break","floor":15.0,"key":"SMITH"}],"neow_cost":"PERCENT_DAMAGE","seed_source_timestamp":694237468473380,"circlet_count":0,"master_deck":["AscendersBane","Strike_R","Strike_R","Defend_R","Defend_R","Defend_R","Defend_R","Bash","Limit Break+1","Rage","True Grit+1","Carnage+1","Evolve","Reaper","Flex","Fiend Fire","Pommel Strike+1","Battle Trance","Whirlwind","Shrug It Off"],"special_seed":0,"relics":["Burning Blood","PreservedInsect","Potion Belt","Happy Flower","Strawberry","Mark of Pain"],"potions_floor_usage":[],"damage_taken":[{"damage":9.0,"enemies":"Cultist","floor":1.0,"turns":5.0},{"damage":7.0,"enemies":"2 Louse","floor":3.0,"turns":4.0},{"damage":0.0,"enemies":"Small Slimes","floor":6.0,"turns":3.0},{"damage":14.0,"enemies":"Lagavulin","floor":7.0,"turns":5.0},{"damage":15.0,"enemies":"3 Louse","floor":8.0,"turns":5.0},{"damage":0.0,"enemies":"Gremlin Nob","floor":11.0,"turns":2.0},{"damage":9.0,"enemies":"Lots of Slimes","floor":12.0,"turns":6.0},{"damage":21.0,"enemies":"Large Slime","floor":13.0,"turns":7.0},{"damage":32.0,"enemies":"Lagavulin","floor":14.0,"turns":6.0},{"damage":31.0,"enemies":"Slime Boss","floor":16.0,"turns":9.0},{"damage":33.0,"enemies":"2 Thieves","floor":18.0,"turns":5.0},{"damage":17.0,"enemies":"3 Byrds","floor":20.0,"turns":5.0},{"damage":28,"enemies":"Sentry and Sphere","floor":21,"turns":5},{"damage":0,"enemies":"Shelled Parasite and Fungi","floor":22,"turns":1}],"seed_played":"8348897283244800229","potions_obtained":[{"floor":1.0,"key":"SneckoOil"},{"floor":3.0,"key":"AttackPotion"},{"floor":7.0,"key":"SkillPotion"},{"floor":8.0,"key":"GamblersBrew"},{"floor":14.0,"key":"FearPotion"},{"floor":18.0,"key":"Ancient Potion"}],"is_trial":false,"path_per_floor":["M","?","M","$","?","M","E","M","T","R","E","M","M","E","R","B",null,"M","$","M","M","M"],"character_chosen":"IRONCLAD","items_purchased":["Carnage","Battle Trance","Whirlwind"],"campfire_rested":0,"item_purchase_floors":[4,19,19],"current_hp_per_floor":[47,72,71,71,71,75,67,58,58,58,64,61,50,35,35,24,68,45,45,34,16,16],"gold":78,"neow_bonus":"TRANSFORM_TWO_CARDS","is_prod":false,"is_daily":false,"chose_seed":false,"campfire_upgraded":2,"win_rate":0,"timestamp":1553313304,"path_taken":["M","?","M","$","?","M","E","M","T","R","E","?","M","E","R","BOSS","M","$","M","M","M"],"build_version":"2019-01-23","purchased_purges":1,"victory":false,"max_hp_per_floor":[75,75,75,75,75,75,75,75,75,75,75,75,75,82,82,82,82,82,82,82,82,82],"card_choices":[{"not_picked":["Sever Soul","Cleave","Sentinel"],"picked":"SKIP","floor":1.0},{"not_picked":["Pummel","Wild Strike"],"picked":"True Grit","floor":3.0},{"not_picked":["Spot Weakness","Sword Boomerang"],"picked":"Evolve","floor":6.0},{"not_picked":["Pummel","Clothesline","Disarm"],"picked":"SKIP","floor":7.0},{"not_picked":["Intimidate","Twin Strike","Iron Wave"],"picked":"SKIP","floor":8.0},{"not_picked":["Cleave","Twin Strike","Wild Strike"],"picked":"SKIP","floor":11.0},{"not_picked":["Perfected Strike","Clash"],"picked":"Reaper","floor":12.0},{"not_picked":["Clash","Wild Strike","Clothesline"],"picked":"SKIP","floor":13.0},{"not_picked":["Body Slam","Shrug It Off"],"picked":"Flex","floor":14.0},{"not_picked":["Limit Break","Brutality"],"picked":"Fiend Fire","floor":16.0},{"not_picked":["Rampage","Heavy Blade+1"],"picked":"Pommel Strike+1","floor":18.0},{"not_picked":["Perfected Strike","Twin Strike+1","Rage"],"picked":"SKIP","floor":20.0},{"not_picked":["Reaper","Thunderclap+1"],"picked":"Shrug It Off","floor":21}],"player_experience":1353174,"relics_obtained":[{"floor":7.0,"key":"PreservedInsect"},{"floor":9.0,"key":"Potion Belt"},{"floor":11.0,"key":"Happy Flower"},{"floor":14.0,"key":"Strawberry"}],"event_choices":[{"damage_healed":25.0,"max_hp_gain":0.0,"max_hp_loss":0.0,"gold_gain":0.0,"event_name":"Big Fish","player_choice":"Banana","floor":2.0,"gold_loss":0.0,"damage_taken":0.0},{"damage_healed":0.0,"max_hp_gain":0.0,"max_hp_loss":0.0,"gold_gain":0.0,"event_name":"Accursed Blacksmith","player_choice":"Forge","floor":5.0,"gold_loss":0.0,"damage_taken":0.0,"cards_upgraded":["Carnage"]}],"is_beta":false,"boss_relics":[{"not_picked":["Empty Cage","Busted Crown"],"picked":"Mark of Pain"}],"items_purged_floors":[19],"is_endless":false,"potions_floor_spawned":[1,3,7,8,14,18],"killed_by":"Shelled Parasite and Fungi","ascension_level":20}