{"gold_per_floor":[115,115,133,150,150,181,181,207,234,246,17,17,17,29,29,130,130,146,146,163,163],"floor_reached":21,"playtime":1065,"items_purged":[],"score":263,"play_id":"1ef711c0-1d92-4c96-a367-8d45d5d8aa50","local_time":"20180731143442","is_ascension_mode":true,"campfire_choices":[{"floor":7,"key":"REST"},{"floor":12,"key":"REST"},{"data":"Defragment","floor":15,"key":"SMITH"}],"neow_cost":"NONE","seed_source_timestamp":192120433525740,"circlet_count":0,"master_deck":["Strike_B","Strike_B","Strike_B","Strike_B","Defend_B","Defend_B","Defend_B","Zap","Dualcast","Coolheaded","Defragment+1","Darkness","Reboot","Leap","Stack","Undo","Conserve Battery","Machine Learning","Cold Snap","Hologram","Melter","Consume","Capacitor","Reprogram+1","Streamline"],"relics":["Cracked Core","Boot","Potion Belt","Omamori","Lantern","Orrery"],"potions_floor_usage":[6,16],"damage_taken":[{"damage":10,"enemies":"Small Slimes","floor":1,"turns":5},{"damage":3,"enemies":"Cultist","floor":3,"turns":4},{"damage":4,"enemies":"2 Louse","floor":4,"turns":3},{"damage":48,"enemies":"Gremlin Nob","floor":6,"turns":5},{"damage":22,"enemies":"3 Sentries","floor":8,"turns":7},{"damage":7,"enemies":"Blue Slaver","floor":10,"turns":4},{"damage":5,"enemies":"Large Slime","floor":14,"turns":6},{"damage":0,"enemies":"The Guardian","floor":16,"turns":14},{"damage":6,"enemies":"Shell Parasite","floor":18,"turns":9},{"damage":14,"enemies":"Chosen","floor":20,"turns":7},{"damage":81,"enemies":"Slaver and Parasite","floor":21,"turns":9}],"seed_played":"1174783811112278405","potions_obtained":[{"floor":1,"key":"Energy Potion"},{"floor":6,"key":"Dexterity Potion"},{"floor":10,"key":"Regen Potion"}],"is_trial":false,"path_per_floor":["M","?","M","M","?","E","R","E","T","M","$","R","$","M","R","B",null,"M","?","M"],"character_chosen":"DEFECT","items_purchased":["Lantern","Undo","Energy Potion"],"campfire_rested":2,"item_purchase_floors":[11,11,11],"current_hp_per_floor":[72,72,69,65,70,22,48,26,26,19,19,45,45,40,40,55,87,81,81,67,0],"gold":163,"neow_bonus":"TEN_PERCENT_HP_BONUS","is_prod":false,"is_daily":false,"chose_seed":false,"campfire_upgraded":1,"win_rate":0,"timestamp":1533058482,"path_taken":["M","?","M","M","?","E","R","E","T","M","$","R","$","M","R","BOSS","M","?","M","M"],"build_version":"2018-07-12","purchased_purges":0,"victory":false,"max_hp_per_floor":[82,82,82,82,87,87,87,87,87,87,87,87,87,87,87,87,87,87,87,87,87],"card_choices":[{"not_picked":["Heatsinks","Go for the Eyes"],"picked":"Coolheaded","floor":1},{"not_picked":["Chaos","Sweeping Beam"],"picked":"Defragment","floor":3},{"not_picked":["Turbo","Hologram"],"picked":"Darkness","floor":4},{"not_picked":["Coolheaded","Hello World"],"picked":"Reboot","floor":6},{"not_picked":["Darkness","Genetic Algorithm"],"picked":"Leap","floor":8},{"not_picked":["Streamline","Leap"],"picked":"Stack","floor":10},{"not_picked":["Compile Driver","Steam"],"picked":"Conserve Battery","floor":14},{"not_picked":["Meteor Strike","Echo Form"],"picked":"Machine Learning","floor":16},{"not_picked":["Gash","Go for the Eyes"],"picked":"Cold Snap","floor":17},{"not_picked":["Gash","Compile Driver"],"picked":"Hologram","floor":17},{"not_picked":["Redo","Coolheaded"],"picked":"Melter","floor":17},{"not_picked":["FTL","Loop"],"picked":"Consume","floor":17},{"not_picked":["Tempest","Coolheaded"],"picked":"Capacitor","floor":17},{"not_picked":["Genetic Algorithm","Cold Snap"],"picked":"Reprogram+1","floor":18},{"not_picked":["Sweeping Beam","Melter","Streamline"],"picked":"SKIP","floor":20},{"not_picked":["Sweeping Beam","Melter","Streamline"],"picked":"SKIP","floor":20},{"not_picked":["Sweeping Beam","Melter"],"picked":"Streamline","floor":20}],"player_experience":413777,"relics_obtained":[{"floor":6,"key":"Boot"},{"floor":8,"key":"Potion Belt"},{"floor":9,"key":"Omamori"}],"event_choices":[{"event_name":"Bonfire Elementals","player_choice":"BASIC","floor":2,"damage_taken":0},{"event_name":"Big Fish","player_choice":"Donut","floor":5,"damage_taken":0},{"event_name":"Vampires","player_choice":"Ignored","floor":19,"damage_taken":0}],"boss_relics":[{"not_picked":["Coffee Dripper","Fusion Hammer"],"picked":"Orrery"}],"items_purged_floors":[],"is_endless":false,"potions_floor_spawned":[1,6,10],"killed_by":"Slaver and Parasite","ascension_level":2}