{"gold_per_floor":[112,112,112,41,65,100,100,115,115,115,79,96,96,46,46,143,143,161,174,188,113,130,130,130],"floor_reached":24,"playtime":1360,"items_purged":[],"score":262,"play_id":"d657ebd6-e8c6-4250-a310-041e9889406c","local_time":"20190305201651","is_ascension_mode":true,"campfire_choices":[{"data":"Chaos","floor":7,"key":"SMITH"},{"data":"Zap","floor":10,"key":"SMITH"},{"data":"Go for the Eyes","floor":13,"key":"SMITH"},{"floor":15,"key":"REST"},{"floor":23,"key":"REST"}],"neow_cost":"PERCENT_DAMAGE","seed_source_timestamp":167938708749601,"circlet_count":0,"master_deck":["Strike_B","Strike_B","Defend_B","Defend_B","Defend_B","Defend_B","Zap+1","Dualcast","Rebound","Go for the Eyes+1","Conserve Battery","Chaos+1","Rebound","Loop+1","Rip and Tear","Creative AI+1","Barrage","Genetic Algorithm","Compile Driver","Barrage+1"],"relics":["Cracked Core","Mango","Bag of Marbles","DataDisk","Ginger","Frozen Egg 2","Fusion Hammer"],"potions_floor_usage":[18,20,22,24],"damage_taken":[{"damage":0,"enemies":"Cultist","floor":1,"turns":3},{"damage":36,"enemies":"Lagavulin","floor":6,"turns":9},{"damage":0,"enemies":"2 Louse","floor":8,"turns":1},{"damage":0,"enemies":"Jaw Worm","floor":12,"turns":3},{"damage":33,"enemies":"The Guardian","floor":16,"turns":9},{"damage":1,"enemies":"Chosen","floor":18,"turns":4},{"damage":25,"enemies":"3 Byrds","floor":19,"turns":4},{"damage":23,"enemies":"Snecko","floor":20,"turns":5},{"damage":17,"enemies":"Shelled Parasite and Fungi","floor":22,"turns":6},{"damage":32,"enemies":"Book of Stabbing","floor":24,"turns":4}],"seed_played":"-6892894198808853493","potions_obtained":[{"floor":6,"key":"GamblersBrew"},{"floor":16,"key":"Dexterity Potion"},{"floor":18,"key":"Ancient Potion"},{"floor":19,"key":"Swift Potion"}],"is_trial":false,"path_per_floor":["M","?","?","$","T","E","R","M","T","R","$","M","R","?","R","B",null,"M","M","M","?","M","R","E"],"character_chosen":"DEFECT","items_purchased":["Go for the Eyes","Conserve Battery","Loop+1"],"campfire_rested":2,"item_purchase_floors":[4,4,11],"current_hp_per_floor":[64,64,57,57,57,21,21,21,21,21,21,21,21,21,47,14,70,69,44,21,21,4,30,0],"gold":130,"neow_bonus":"ONE_RARE_RELIC","is_prod":false,"is_daily":false,"chose_seed":false,"campfire_upgraded":3,"win_rate":0,"timestamp":1551845811,"path_taken":["M","?","?","$","?","E","R","M","T","R","$","?","R","?","R","BOSS","M","M","M","?","M","R","E"],"build_version":"2019-01-23","purchased_purges":0,"victory":false,"max_hp_per_floor":[89,89,89,89,89,89,89,89,89,89,89,89,89,89,89,89,89,89,89,89,89,89,89,89],"card_choices":[{"not_picked":["Stack","Coolheaded"],"picked":"Rebound","floor":1},{"not_picked":["Fission","Coolheaded"],"picked":"Chaos","floor":6},{"not_picked":["Hologram","Ball Lightning"],"picked":"Rebound","floor":8},{"not_picked":["Rebound","Cold Snap"],"picked":"Rip and Tear","floor":12},{"not_picked":["All For One","Biased Cognition+1"],"picked":"Creative AI+1","floor":16},{"not_picked":["Hologram","Double Energy"],"picked":"Barrage","floor":18},{"not_picked":["Compile Driver","Auto Shields"],"picked":"Genetic Algorithm","floor":19},{"not_picked":["Redo","Ball Lightning"],"picked":"Compile Driver","floor":20},{"not_picked":["Steam","Ball Lightning"],"picked":"Barrage+1","floor":22}],"player_experience":405248,"relics_obtained":[{"floor":5,"key":"DataDisk"},{"floor":6,"key":"Ginger"},{"floor":9,"key":"Frozen Egg 2"}],"event_choices":[{"damage_healed":0,"gold_gain":0,"player_choice":"Box","damage_taken":0,"relics_obtained":["Bag of Marbles"],"max_hp_gain":0,"max_hp_loss":0,"event_name":"Big Fish","floor":2,"gold_loss":0,"cards_obtained":["Regret"]},{"cards_removed":["Regret"],"damage_healed":0,"gold_gain":0,"player_choice":"Card Removal","damage_taken":7,"max_hp_gain":0,"max_hp_loss":0,"event_name":"Golden Wing","floor":3,"gold_loss":0},{"cards_removed":["Strike_B"],"damage_healed":0,"gold_gain":0,"player_choice":"Card Removal","damage_taken":0,"max_hp_gain":0,"max_hp_loss":0,"event_name":"The Cleric","floor":14,"gold_loss":50},{"cards_removed":["Strike_B"],"damage_healed":0,"gold_gain":0,"player_choice":"Gave Gold","damage_taken":0,"max_hp_gain":0,"max_hp_loss":0,"event_name":"Beggar","floor":21,"gold_loss":75}],"is_beta":false,"boss_relics":[{"not_picked":["Runic Dome","Orrery"],"picked":"Fusion Hammer"}],"items_purged_floors":[],"is_endless":false,"potions_floor_spawned":[6,16,18,19],"killed_by":"Book of Stabbing","ascension_level":7}