{"gold_per_floor":[115,115,130,140,140,140,140,150,176,195,195,218,218],"floor_reached":13,"playtime":688,"items_purged":[],"score":77,"play_id":"a6c8db49-c8d0-4afd-9c86-6a3fdb5425a9","local_time":"20181126145000","is_ascension_mode":false,"campfire_choices":[{"data":"Bloodletting","floor":6,"key":"SMITH"}],"neow_cost":"","seed_source_timestamp":965004164149803,"circlet_count":0,"master_deck":["Strike_R","Strike_R","Strike_R+1","Strike_R","Strike_R","Defend_R+1","Defend_R","Defend_R","Bash","Anger","Iron Wave","Bloodletting+1","Iron Wave","Cleave","Juggernaut","Cleave"],"relics":["Burning Blood","PreservedInsect","Boot","Golden Idol"],"potions_floor_usage":[],"damage_taken":[{"damage":5,"enemies":"Small Slimes","floor":1,"turns":4},{"damage":0,"enemies":"2 Louse","floor":3,"turns":3},{"damage":0,"enemies":"Cultist","floor":4,"turns":3},{"damage":8,"enemies":"Looter","floor":8,"turns":3},{"damage":6,"enemies":"3 Louse","floor":10,"turns":2},{"damage":18,"enemies":"Exordium Wildlife","floor":12,"turns":4},{"damage":27,"enemies":"Lagavulin Event","floor":13,"turns":3}],"seed_played":"-3640657548832558704","potions_obtained":[{"floor":1,"key":"Dexterity Potion"},{"floor":4,"key":"SkillPotion"},{"floor":10,"key":"SpeedPotion"}],"is_trial":false,"path_per_floor":["M","?","M","M","?","R","?","M","T","M","?","M","?"],"character_chosen":"IRONCLAD","items_purchased":[],"campfire_rested":0,"item_purchase_floors":[],"current_hp_per_floor":[80,64,70,76,58,58,58,56,56,56,36,24,0],"gold":218,"neow_bonus":"","is_prod":false,"is_daily":false,"chose_seed":false,"campfire_upgraded":1,"win_rate":0.0,"timestamp":1543261800,"path_taken":["M","?","M","M","?","R","?","M","T","?","?","M","?"],"build_version":"2018-11-15","purchased_purges":0,"victory":false,"max_hp_per_floor":[80,80,80,80,80,80,80,80,80,80,80,80,80],"card_choices":[{"not_picked":["Iron Wave","Corruption"],"picked":"Anger","floor":1},{"not_picked":["Clash","True Grit"],"picked":"Iron Wave","floor":3},{"not_picked":["Dual Wield","Armaments"],"picked":"Bloodletting","floor":4},{"not_picked":["Combust","Thunderclap"],"picked":"Cleave","floor":8},{"not_picked":["Iron Wave","Pummel"],"picked":"Juggernaut","floor":10},{"not_picked":["Reckless Charge","Clash"],"picked":"Cleave","floor":12}],"player_experience":0,"relics_obtained":[{"floor":9,"key":"Boot"}],"event_choices":[{"damage_healed":0,"gold_gain":0,"player_choice":"Entered Light","damage_taken":16,"max_hp_gain":0,"max_hp_loss":0,"event_name":"Shining Light","floor":2,"gold_loss":0,"cards_upgraded":["Strike_R","Defend_R"]},{"damage_healed":0,"gold_gain":0,"player_choice":"Success","damage_taken":18,"relics_obtained":["PreservedInsect"],"max_hp_gain":0,"max_hp_loss":0,"event_name":"Scrap Ooze","floor":5,"gold_loss":0},{"cards_removed":["Defend_R"],"damage_healed":0,"gold_gain":0,"player_choice":"Took Card","damage_taken":0,"max_hp_gain":0,"max_hp_loss":0,"event_name":"NoteForYourself","floor":7,"gold_loss":0,"cards_obtained":["Iron Wave"]},{"damage_healed":0,"gold_gain":0,"player_choice":"Take Damage","damage_taken":20,"relics_obtained":["Golden Idol"],"max_hp_gain":0,"max_hp_loss":0,"event_name":"Golden Idol","floor":11,"gold_loss":0},{"damage_healed":0,"gold_gain":0,"player_choice":"Searched \u00271\u0027 times","damage_taken":0,"max_hp_gain":0,"max_hp_loss":0,"event_name":"Dead Adventurer","floor":13,"gold_loss":0}],"is_beta":false,"boss_relics":[],"items_purged_floors":[],"is_endless":false,"potions_floor_spawned":[1,4,10],"killed_by":"Lagavulin Event","ascension_level":0}