{"gold_per_floor":[119,119,132,132,48,48,48,62,62,81,100,100],"floor_reached":12,"playtime":244,"items_purged":[],"score":140,"play_id":"af74d91f-4fd6-422c-b83d-f7890aeabe21","local_time":"20190227190351","is_ascension_mode":true,"campfire_choices":[{"data":"Carnage","floor":6.0,"key":"SMITH"}],"neow_cost":"PERCENT_DAMAGE","seed_source_timestamp":592848453828563,"circlet_count":0,"master_deck":["AscendersBane","Strike_R","Strike_R","Strike_R","Strike_R","Strike_R","Defend_R","Defend_R","Defend_R","Defend_R","Bash","Evolve","True Grit","Carnage+1","Body Slam","Shockwave","Spot Weakness"],"special_seed":0,"relics":["Burning Blood","Champion Belt","Torii"],"potions_floor_usage":[10,11],"damage_taken":[{"damage":6.0,"enemies":"2 Louse","floor":1.0,"turns":4.0},{"damage":9.0,"enemies":"Jaw Worm","floor":3.0,"turns":6.0},{"damage":8.0,"enemies":"Small Slimes","floor":8.0,"turns":4.0},{"damage":7,"enemies":"3 Louse","floor":10,"turns":4},{"damage":14,"enemies":"Exordium Wildlife","floor":11,"turns":3},{"damage":0,"enemies":"Exordium Thugs","floor":12,"turns":1}],"seed_played":"-1975807759296275852","potions_obtained":[{"floor":1.0,"key":"Dexterity Potion"},{"floor":8.0,"key":"BloodPotion"},{"floor":11,"key":"SpeedPotion"}],"is_trial":false,"path_per_floor":["M","?","M","?","$","R","?","M","T","M","M","M"],"character_chosen":"IRONCLAD","items_purchased":["Carnage"],"campfire_rested":0,"item_purchase_floors":[5],"current_hp_per_floor":[50,50,47,12,12,12,12,10,10,9,8,8],"gold":100,"neow_bonus":"ONE_RARE_RELIC","is_prod":false,"is_daily":false,"chose_seed":false,"campfire_upgraded":1,"win_rate":0,"timestamp":1551265431,"path_taken":["M","?","M","?","$","R","?","M","T","M","M","?"],"build_version":"2019-01-23","purchased_purges":0,"victory":false,"max_hp_per_floor":[75,75,75,75,75,75,75,75,75,75,75,75],"card_choices":[{"not_picked":["Rage","Thunderclap"],"picked":"Flame Barrier","floor":1.0},{"not_picked":["Evolve","Armaments"],"picked":"True Grit","floor":3.0},{"not_picked":["Twin Strike","Uppercut"],"picked":"Body Slam","floor":8.0},{"not_picked":["Clothesline","Iron Wave"],"picked":"Shockwave","floor":10},{"not_picked":["Intimidate","Clash"],"picked":"Spot Weakness","floor":11}],"player_experience":1086898,"relics_obtained":[],"event_choices":[{"damage_healed":0.0,"max_hp_gain":0.0,"max_hp_loss":0.0,"gold_gain":0.0,"cards_transformed":["Flame Barrier"],"event_name":"Living Wall","player_choice":"Change","floor":2.0,"gold_loss":0.0,"damage_taken":0.0,"cards_obtained":["Evolve"]},{"damage_healed":0.0,"max_hp_gain":0.0,"max_hp_loss":0.0,"gold_gain":0.0,"event_name":"Scrap Ooze","player_choice":"Success","floor":4.0,"gold_loss":0.0,"damage_taken":35.0,"relics_obtained":["Torii"]},{"damage_healed":0.0,"max_hp_gain":0.0,"max_hp_loss":0.0,"gold_gain":0.0,"event_name":"Shining Light","player_choice":"Ignored","floor":7.0,"gold_loss":0.0,"damage_taken":0.0}],"is_beta":false,"boss_relics":[],"items_purged_floors":[],"is_endless":false,"potions_floor_spawned":[1,8,11],"killed_by":"Exordium Thugs","ascension_level":20}