{"gold_per_floor":[126,153,165,194,131,143,165,177,258,29,42,67,80,99,99,177,177,192,226,240,257,104,104,134,153,234,269,281,310,310,329,329,402,402,420,57,71,84,98,132,148,183,183,183,68,68,68,97,97,97,97,97,97,68,100,100],"floor_reached":57,"playtime":2653,"items_purged":["Strike_R","Strike_R","Bash"],"score":3537,"play_id":"cde908ce-4b7b-48c7-a084-f670f6af126a","local_time":"20190515235149","is_ascension_mode":true,"campfire_choices":[{"data":"Fiend Fire","floor":6.0,"key":"SMITH"},{"data":"Body Slam","floor":8.0,"key":"SMITH"},{"data":"Second Wind","floor":15.0,"key":"SMITH"},{"data":"Dark Embrace","floor":23.0,"key":"SMITH"},{"data":"Burning Pact","floor":32.0,"key":"SMITH"},{"floor":47.0,"key":"RECALL"},{"floor":49.0,"key":"REST"},{"floor":53.0,"key":"REST"}],"neow_cost":"NONE","seed_source_timestamp":1777569125521806,"circlet_count":0,"master_deck":["AscendersBane","Body Slam+1","Power Through+1","Fiend Fire+1","Second Wind+1","Feel No Pain+1","Shrug It Off+1","Dark Embrace+1","Feel No Pain+1","Burning Pact+1","Evolve+1","Clash+1","Barricade+1","Evolve+1","Ghostly Armor+1","Warcry+1","Clash"],"special_seed":0,"relics":["Burning Blood","MawBank","Singing Bowl","Omamori","Runic Dome","Red Mask","FossilizedHelix","Gremlin Horn","Potion Belt","Pandora\u0027s Box","Membership Card","War Paint","Anchor","Red Skull","Shuriken","Mark of the Bloom","Lee\u0027s Waffle","Nunchaku","Lantern"],"potions_floor_usage":[56,56,56,56],"damage_taken":[{"damage":9.0,"enemies":"Jaw Worm","floor":1.0,"turns":4.0},{"damage":4.0,"enemies":"2 Louse","floor":2.0,"turns":4.0},{"damage":1.0,"enemies":"Cultist","floor":4.0,"turns":4.0},{"damage":4.0,"enemies":"2 Fungi Beasts","floor":7.0,"turns":5.0},{"damage":4.0,"enemies":"Looter","floor":11.0,"turns":4.0},{"damage":1.0,"enemies":"3 Sentries","floor":12.0,"turns":19.0},{"damage":4.0,"enemies":"Lots of Slimes","floor":13.0,"turns":5.0},{"damage":20.0,"enemies":"Exordium Wildlife","floor":14.0,"turns":4.0},{"damage":0.0,"enemies":"The Guardian","floor":16.0,"turns":9.0},{"damage":5.0,"enemies":"2 Thieves","floor":18.0,"turns":4.0},{"damage":9.0,"enemies":"Masked Bandits","floor":19.0,"turns":4.0},{"damage":5.0,"enemies":"Shell Parasite","floor":20.0,"turns":5.0},{"damage":9.0,"enemies":"Shelled Parasite and Fungi","floor":21.0,"turns":4.0},{"damage":0.0,"enemies":"Book of Stabbing","floor":24.0,"turns":4.0},{"damage":0.0,"enemies":"Snake Plant","floor":25.0,"turns":3.0},{"damage":35.0,"enemies":"Gremlin Leader","floor":27.0,"turns":4.0},{"damage":0.0,"enemies":"Cultist and Chosen","floor":28.0,"turns":3.0},{"damage":16.0,"enemies":"Slavers","floor":29.0,"turns":3.0},{"damage":0.0,"enemies":"Snecko","floor":31.0,"turns":4.0},{"damage":0.0,"enemies":"Automaton","floor":33.0,"turns":5.0},{"damage":0.0,"enemies":"3 Shapes","floor":35.0,"turns":2.0},{"damage":0.0,"enemies":"Orb Walker","floor":37.0,"turns":3.0},{"damage":0.0,"enemies":"4 Shapes","floor":38.0,"turns":2.0},{"damage":0.0,"enemies":"Maw","floor":39.0,"turns":5.0},{"damage":0.0,"enemies":"Nemesis","floor":40.0,"turns":5.0},{"damage":0.0,"enemies":"3 Darklings","floor":41.0,"turns":3.0},{"damage":0.0,"enemies":"Reptomancer","floor":42.0,"turns":4.0},{"damage":0.0,"enemies":"Giant Head","floor":48.0,"turns":4.0},{"damage":0.0,"enemies":"Donu and Deca","floor":50.0,"turns":5.0},{"damage":0.0,"enemies":"Time Eater","floor":51.0,"turns":5.0},{"damage":0.0,"enemies":"Shield and Spear","floor":55.0,"turns":4.0},{"damage":0,"enemies":"The Heart","floor":56,"turns":6}],"seed_played":"-620416025833882603","potions_obtained":[{"floor":2.0,"key":"Ancient Potion"},{"floor":11.0,"key":"Regen Potion"},{"floor":12.0,"key":"SkillPotion"},{"floor":13.0,"key":"LiquidBronze"},{"floor":18.0,"key":"Swift Potion"},{"floor":19.0,"key":"Regen Potion"},{"floor":33.0,"key":"Swift Potion"},{"floor":37.0,"key":"SpeedPotion"},{"floor":42.0,"key":"SkillPotion"},{"floor":48.0,"key":"SkillPotion"}],"is_trial":false,"path_per_floor":["M","M","?","M","?","R","M","R","T","$","M","E","M","M","R","B",null,"M","?","M","M","$","R","E","M","T","E","M","E","?","M","R","B",null,"M","$","M","M","M","E","M","E","T","?","$","?","R","E","R","B","B",null,"R","$","E","B",null],"character_chosen":"IRONCLAD","items_purchased":["Second Wind","Feel No Pain","PowerPotion","Membership Card","War Paint","Lee\u0027s Waffle","Clash"],"campfire_rested":2,"item_purchase_floors":[10,10,22,36,36,45,54],"current_hp_per_floor":[65,67,60,65,65,65,67,67,67,67,69,76,79,67,67,73,79,80,79,82,87,87,87,87,87,87,60,68,60,60,68,68,76,92,97,97,99,101,103,105,107,109,109,109,109,109,109,109,109,109,109,109,109,109,109,109],"gold":100,"neow_bonus":"RANDOM_COMMON_RELIC","is_prod":false,"is_daily":false,"chose_seed":false,"campfire_upgraded":5,"win_rate":0,"timestamp":1557935509,"path_taken":["M","M","?","M","?","R","M","R","T","?","M","E","?","M","R","BOSS","M","?","M","M","$","R","E","M","T","E","M","E","?","M","R","BOSS","M","$","?","M","M","E","M","E","T","?","$","?","R","E","R","BOSS","BOSS","R","$","E","BOSS"],"build_version":"2019-01-23","purchased_purges":3,"victory":true,"max_hp_per_floor":[75,75,75,75,75,75,75,75,75,75,75,77,79,81,81,81,81,81,83,85,87,87,87,87,87,87,89,91,93,93,95,95,97,97,97,97,99,101,103,105,107,109,109,109,116,116,116,118,118,118,118,118,118,118,120,120],"card_choices":[{"not_picked":["Twin Strike","Flex"],"picked":"Body Slam","floor":1.0},{"not_picked":["Inflame","Wild Strike"],"picked":"Power Through","floor":2.0},{"not_picked":["Iron Wave","Cleave"],"picked":"Fiend Fire","floor":4.0},{"not_picked":["Anger","Flex","Intimidate"],"picked":"SKIP","floor":7.0},{"not_picked":["True Grit","Body Slam"],"picked":"Shrug It Off","floor":11.0},{"not_picked":["Blood for Blood","Anger","Warcry"],"picked":"Singing Bowl","floor":12.0},{"not_picked":["Heavy Blade","Infernal Blade","Twin Strike"],"picked":"Singing Bowl","floor":13.0},{"not_picked":["Reaper","Dropkick","Clash"],"picked":"Singing Bowl","floor":14.0},{"not_picked":["Reaper","Double Tap"],"picked":"Dark Embrace","floor":16.0},{"not_picked":["Hemokinesis","Headbutt"],"picked":"Feel No Pain","floor":18.0},{"not_picked":["Wild Strike","Headbutt","Perfected Strike"],"picked":"Singing Bowl","floor":19.0},{"not_picked":["Combust","Fire Breathing","Seeing Red"],"picked":"Singing Bowl","floor":20.0},{"not_picked":["Thunderclap+1","Perfected Strike","Iron Wave+1"],"picked":"Singing Bowl","floor":21.0},{"not_picked":["Sword Boomerang","Clash"],"picked":"Burning Pact","floor":24.0},{"not_picked":["Pommel Strike","Dark Embrace"],"picked":"Evolve+1","floor":25.0},{"not_picked":["Spot Weakness","Disarm","Metallicize"],"picked":"Singing Bowl","floor":27.0},{"not_picked":["Iron Wave","Shrug It Off","Spot Weakness"],"picked":"Singing Bowl","floor":28.0},{"not_picked":["Perfected Strike","Havoc","Carnage"],"picked":"Singing Bowl","floor":29.0},{"not_picked":["Corruption","Heavy Blade","Warcry"],"picked":"Singing Bowl","floor":31.0},{"not_picked":["Double Tap","Immolate","Brutality"],"picked":"Singing Bowl","floor":33.0},{"not_picked":["Heavy Blade+1","Shockwave"],"picked":"Warcry+1","floor":35.0},{"not_picked":["Carnage","Thunderclap","Havoc"],"picked":"Singing Bowl","floor":37.0},{"not_picked":["Iron Wave","Uppercut","Havoc"],"picked":"Singing Bowl","floor":38.0},{"not_picked":["Searing Blow+1","Iron Wave","Corruption"],"picked":"Singing Bowl","floor":39.0},{"not_picked":["Carnage","Body Slam","Fire Breathing"],"picked":"Singing Bowl","floor":40.0},{"not_picked":["Twin Strike","Anger+1","Clash"],"picked":"Singing Bowl","floor":41.0},{"not_picked":["Headbutt","Dropkick","Juggernaut"],"picked":"Singing Bowl","floor":42.0},{"not_picked":["Intimidate+1","Reaper","Sword Boomerang"],"picked":"Singing Bowl","floor":48.0},{"not_picked":["Iron Wave","Flex","Rupture"],"picked":"Singing Bowl","floor":55.0}],"player_experience":1989505,"relics_obtained":[{"floor":9.0,"key":"Singing Bowl"},{"floor":12.0,"key":"Omamori"},{"floor":19.0,"key":"Red Mask"},{"floor":24.0,"key":"FossilizedHelix"},{"floor":27.0,"key":"Gremlin Horn"},{"floor":29.0,"key":"Potion Belt"},{"floor":40.0,"key":"Anchor"},{"floor":42.0,"key":"Red Skull"},{"floor":43.0,"key":"Shuriken"},{"floor":48.0,"key":"Nunchaku"},{"floor":55.0,"key":"Lantern"}],"event_choices":[{"cards_removed":["Strike_R"],"damage_healed":0.0,"max_hp_gain":0.0,"max_hp_loss":0.0,"gold_gain":0.0,"event_name":"Golden Wing","player_choice":"Card Removal","floor":3.0,"gold_loss":0.0,"damage_taken":7.0},{"cards_removed":["Strike_R"],"damage_healed":0.0,"max_hp_gain":0.0,"max_hp_loss":0.0,"gold_gain":0.0,"event_name":"The Cleric","player_choice":"Card Removal","floor":5.0,"gold_loss":75.0,"damage_taken":0.0},{"damage_healed":0.0,"max_hp_gain":0.0,"max_hp_loss":0.0,"gold_gain":0.0,"event_name":"Masked Bandits","player_choice":"Fought Bandits","floor":19.0,"gold_loss":0.0,"damage_taken":0.0},{"cards_removed":["Strike_R"],"damage_healed":0.0,"max_hp_gain":0.0,"max_hp_loss":0.0,"gold_gain":0.0,"event_name":"Bonfire Elementals","player_choice":"Offered Basic","floor":30.0,"gold_loss":0.0,"damage_taken":0.0},{"damage_healed":0.0,"max_hp_gain":0.0,"max_hp_loss":0.0,"gold_gain":0.0,"event_name":"MindBloom","player_choice":"Upgrade","floor":44.0,"gold_loss":0.0,"damage_taken":0.0,"cards_upgraded":["Feel No Pain","Feel No Pain","Clash","Barricade","Evolve","Ghostly Armor"],"relics_obtained":["Mark of the Bloom"]},{"damage_healed":23.0,"max_hp_gain":0.0,"max_hp_loss":0.0,"gold_gain":0.0,"event_name":"Winding Halls","player_choice":"Writhe","floor":46.0,"gold_loss":0.0,"damage_taken":0.0,"cards_obtained":["Writhe"]}],"is_beta":false,"boss_relics":[{"not_picked":["Empty Cage","Velvet Choker"],"picked":"Runic Dome"},{"not_picked":["Eternal Feather","Fusion Hammer"],"picked":"Pandora\u0027s Box"}],"items_purged_floors":[10,22,36],"is_endless":false,"potions_floor_spawned":[2,11,12,13,14,18,19,24,25,28,33,37,39,42,48],"ascension_level":20}