{"gold_per_floor":[369,383,397,42,61,61,94,109,109,109,109,124,124,144,144,215,215,225,240,260,260,260,260,292,292,344,74,88,0,0],"floor_reached":30,"playtime":854,"items_purged":["Strike_B"],"score":491,"play_id":"cd4206e8-1945-4d1f-bb9a-3ffe5c20af1b","local_time":"20181015130155","is_ascension_mode":true,"campfire_choices":[{"data":"Sunder","floor":6,"key":"SMITH"},{"data":"Zap","floor":10,"key":"SMITH"},{"data":"Capacitor","floor":13,"key":"SMITH"},{"floor":15,"key":"REST"},{"floor":23,"key":"REST"},{"floor":25,"key":"REST"}],"neow_cost":"TEN_PERCENT_HP_LOSS","seed_source_timestamp":102669000254996,"circlet_count":0,"master_deck":["Defend_B","Defend_B","Defend_B","Defend_B+1","Zap+1","Dualcast","AscendersBane","Barrage+1","BootSequence","Sunder+1","Capacitor+1","Conserve Battery","Darkness","Cold Snap","Creative AI","Echo Form","Cold Snap","Melter","Conserve Battery","Go for the Eyes","Conserve Battery+1","Conserve Battery+1","Bite","Bite","Bite","Bite","Bite","Decay","Turbo","Skim"],"relics":["Cracked Core","Vajra","Bottled Tornado","Singing Bowl","Orrery","Letter Opener","War Paint","Oddly Smooth Stone"],"potions_floor_usage":[16,16,30],"damage_taken":[{"damage":0,"enemies":"Small Slimes","floor":1,"turns":3},{"damage":1,"enemies":"Cultist","floor":2,"turns":4},{"damage":4,"enemies":"2 Louse","floor":3,"turns":2},{"damage":4,"enemies":"Red Slaver","floor":5,"turns":3},{"damage":24,"enemies":"Gremlin Nob","floor":7,"turns":4},{"damage":0,"enemies":"Looter","floor":8,"turns":2},{"damage":3,"enemies":"Exordium Thugs","floor":12,"turns":3},{"damage":9,"enemies":"Exordium Wildlife","floor":14,"turns":5},{"damage":12,"enemies":"Hexaghost","floor":16,"turns":9},{"damage":16,"enemies":"3 Byrds","floor":18,"turns":6},{"damage":10,"enemies":"Chosen","floor":19,"turns":4},{"damage":15,"enemies":"Sentry and Sphere","floor":20,"turns":4},{"damage":35,"enemies":"Book of Stabbing","floor":24,"turns":6},{"damage":21,"enemies":"Centurion and Healer","floor":28,"turns":11},{"damage":29,"enemies":"Gremlin Leader","floor":30,"turns":3}],"seed_played":"7398095687568581036","potions_obtained":[{"floor":3,"key":"SpeedPotion"},{"floor":16,"key":"Dexterity Potion"},{"floor":18,"key":"Strength Potion"}],"is_trial":false,"path_per_floor":["M","M","M","$","M","R","E","M","T","R","?","M","R","M","R","B",null,"M","M","M","?","?","R","E","R","T","$","M","?"],"character_chosen":"DEFECT","items_purchased":["Vajra","Capacitor","SteroidPotion","Oddly Smooth Stone","Turbo","Skim"],"campfire_rested":3,"item_purchase_floors":[4,4,4,27,27,27],"current_hp_per_floor":[64,63,59,59,55,55,31,31,31,31,31,28,28,19,38,26,55,39,31,16,16,16,29,6,20,20,20,21,21,0],"gold":0,"neow_bonus":"TWO_FIFTY_GOLD","is_prod":false,"is_daily":false,"chose_seed":false,"campfire_upgraded":3,"win_rate":0,"timestamp":1539619315,"path_taken":["M","M","M","$","M","R","E","M","T","R","?","M","R","M","R","BOSS","M","M","M","?","?","R","E","R","T","$","?","?","E"],"build_version":"2018-07-12","purchased_purges":1,"victory":false,"max_hp_per_floor":[64,64,64,64,64,64,64,64,64,64,64,64,64,64,64,64,64,64,66,66,46,46,46,48,48,48,48,50,50,50],"card_choices":[{"not_picked":["Beam Cell","Steam"],"picked":"Barrage","floor":1},{"not_picked":["Beam Cell","Gash"],"picked":"BootSequence","floor":2},{"not_picked":["Leap","Gash"],"picked":"Sunder","floor":3},{"not_picked":["Blizzard","Sweeping Beam"],"picked":"Conserve Battery","floor":5},{"not_picked":["Doom and Gloom","Sweeping Beam","Gash"],"picked":"SKIP","floor":7},{"not_picked":["Doom and Gloom","Sweeping Beam","Gash"],"picked":"SKIP","floor":7},{"not_picked":["Turbo","Hologram","Chill"],"picked":"SKIP","floor":8},{"not_picked":["Blizzard","Gash"],"picked":"Darkness","floor":12},{"not_picked":["Sweeping Beam","Amplify"],"picked":"Cold Snap","floor":14},{"not_picked":["Hyperbeam","Reboot"],"picked":"Creative AI","floor":16},{"not_picked":["Ball Lightning","Steam"],"picked":"Echo Form","floor":17},{"not_picked":["Rebound","Go for the Eyes"],"picked":"Cold Snap","floor":17},{"not_picked":["Storm","Capacitor"],"picked":"Melter","floor":17},{"not_picked":["Genetic Algorithm","Capacitor"],"picked":"Conserve Battery","floor":17},{"not_picked":["Sweeping Beam","Reprogram"],"picked":"Go for the Eyes","floor":17},{"not_picked":["Leap","Beam Cell"],"picked":"Conserve Battery+1","floor":18},{"not_picked":["Stack","Doom and Gloom","Tempest+1"],"picked":"Singing Bowl","floor":19},{"not_picked":["Doom and Gloom","Storm"],"picked":"Conserve Battery","floor":20},{"not_picked":["Rebound","Stack","Multi-Cast"],"picked":"Singing Bowl","floor":24},{"not_picked":["Undo","Barrage","Genetic Algorithm"],"picked":"Singing Bowl","floor":28}],"player_experience":966044,"relics_obtained":[{"floor":7,"key":"Bottled Tornado"},{"floor":9,"key":"Singing Bowl"},{"floor":24,"key":"Letter Opener"},{"floor":26,"key":"War Paint"}],"event_choices":[{"event_name":"Upgrade Shrine","player_choice":"Upgraded","floor":11,"damage_taken":0},{"event_name":"Vampires","player_choice":"Became a vampire","floor":21,"damage_taken":0},{"event_name":"Forgotten Altar","player_choice":"Smashed Altar","floor":22,"damage_taken":0},{"event_name":"Masked Bandits","player_choice":"Paid Bandits 88 gold","floor":29,"damage_taken":0}],"boss_relics":[{"not_picked":["White Beast Statue","Black Star"],"picked":"Orrery"}],"items_purged_floors":[4],"is_endless":false,"potions_floor_spawned":[3,5,14,16,18,19,28],"killed_by":"Gremlin Leader","ascension_level":15}