{"gold_per_floor":[117,117,129,142,155,155,173,192,239,259,277,296,296,306,306,402,402,414,424,438,84,9,9,9,9,56,71,71,89,99,22,22,125,125,142,159,174,174,184,184,216,216,216,216,236,251,251,267,267,267],"floor_reached":50,"playtime":2711,"items_purged":[],"score":501,"play_id":"9c3049b4-ef94-418f-8c95-52d4e99caad2","local_time":"20181128141147","is_ascension_mode":false,"campfire_choices":[{"data":"Battle Trance","floor":6,"key":"SMITH"},{"data":"Seeing Red","floor":13,"key":"SMITH"},{"data":"Demon Form","floor":15,"key":"SMITH"},{"data":"Armaments","floor":23,"key":"SMITH"},{"floor":32,"key":"REST"},{"data":"Heavy Blade","floor":40,"key":"SMITH"},{"data":"Bludgeon","floor":42,"key":"SMITH"},{"data":"Armaments","floor":47,"key":"SMITH"},{"data":"Double Tap","floor":49,"key":"SMITH"}],"neow_cost":"NONE","seed_source_timestamp":1133504180556761,"circlet_count":0,"master_deck":["Strike_R","Strike_R","Strike_R","Strike_R","Defend_R","Defend_R","Defend_R","Bash","Battle Trance+1","Shrug It Off","Thunderclap","Twin Strike","Disarm","Armaments+1","Seeing Red+1","Heavy Blade+1","Demon Form+1","Double Tap+1","Carnage+1","Warcry","Flex","Headbutt","Pommel Strike","Shrug It Off+1","Pummel+1","Cleave","Spot Weakness+1","Bludgeon+1","Spot Weakness+1","Shockwave+1","Iron Wave+1","Anger+1","Disarm+1","Armaments+1","Carnage+1"],"relics":["Burning Blood","Dream Catcher","Mark of Pain","Ornamental Fan","Oddly Smooth Stone","Coffee Dripper","Bag of Marbles","Dodecahedron"],"potions_floor_usage":[8,8,16,16,16,33,33,33,45,50],"damage_taken":[{"damage":0,"enemies":"2 Louse","floor":1,"turns":2},{"damage":5,"enemies":"Cultist","floor":3,"turns":4},{"damage":6,"enemies":"Jaw Worm","floor":4,"turns":5},{"damage":14,"enemies":"3 Louse","floor":5,"turns":3},{"damage":4,"enemies":"Gremlin Gang","floor":7,"turns":3},{"damage":0,"enemies":"Looter","floor":8,"turns":4},{"damage":10,"enemies":"Red Slaver","floor":10,"turns":4},{"damage":6,"enemies":"Exordium Thugs","floor":11,"turns":5},{"damage":5,"enemies":"Large Slime","floor":12,"turns":8},{"damage":2,"enemies":"3 Louse","floor":14,"turns":4},{"damage":24,"enemies":"Hexaghost","floor":16,"turns":8},{"damage":5,"enemies":"Shell Parasite","floor":18,"turns":4},{"damage":15,"enemies":"3 Byrds","floor":19,"turns":5},{"damage":23,"enemies":"Centurion and Healer","floor":20,"turns":6},{"damage":17,"enemies":"Snake Plant","floor":27,"turns":3},{"damage":22,"enemies":"3 Cultists","floor":29,"turns":5},{"damage":12,"enemies":"Snecko","floor":30,"turns":6},{"damage":16,"enemies":"Champ","floor":33,"turns":6},{"damage":11,"enemies":"3 Shapes","floor":35,"turns":3},{"damage":0,"enemies":"Orb Walker","floor":36,"turns":3},{"damage":15,"enemies":"4 Shapes","floor":37,"turns":4},{"damage":24,"enemies":"Sphere and 2 Shapes","floor":39,"turns":4},{"damage":31,"enemies":"Nemesis","floor":41,"turns":5},{"damage":30,"enemies":"Writhing Mass","floor":45,"turns":2},{"damage":0,"enemies":"Transient","floor":46,"turns":5},{"damage":36,"enemies":"Sphere and 2 Shapes","floor":48,"turns":5},{"damage":26,"enemies":"Donu and Deca","floor":50,"turns":3}],"seed_played":"-1919520188192548491","potions_obtained":[{"floor":3,"key":"Swift Potion"},{"floor":4,"key":"Ancient Potion"},{"floor":5,"key":"Strength Potion"},{"floor":8,"key":"Dexterity Potion"},{"floor":10,"key":"Block Potion"},{"floor":20,"key":"GamblersBrew"},{"floor":27,"key":"Regen Potion"},{"floor":28,"key":"Block Potion"},{"floor":33,"key":"SteroidPotion"},{"floor":39,"key":"Energy Potion"},{"floor":41,"key":"Explosive Potion"},{"floor":45,"key":"AttackPotion"}],"is_trial":false,"path_per_floor":["M","?","M","M","M","R","M","M","T","M","M","M","R","M","R","B",null,"M","M","M","$","?","R","$","?","T","M","?","M","M","$","R","B",null,"M","M","M","?","M","R","E","R","T","?","M","M","R","M","R","B"],"character_chosen":"IRONCLAD","items_purchased":["Headbutt","Pommel Strike","Ornamental Fan","Inflame"],"campfire_rested":1,"item_purchase_floors":[21,21,21,31],"current_hp_per_floor":[80,80,80,80,72,72,74,80,80,76,76,77,77,80,80,62,80,80,71,54,54,54,54,54,54,54,43,43,27,21,21,45,50,80,75,80,71,71,53,53,28,28,28,70,46,52,52,22,22,0],"gold":267,"neow_bonus":"TRANSFORM_CARD","is_prod":false,"is_daily":false,"chose_seed":false,"campfire_upgraded":8,"win_rate":0.0,"timestamp":1543432307,"path_taken":["M","?","M","?","M","R","M","M","T","M","M","M","R","M","R","BOSS","M","?","M","$","?","R","$","?","T","?","?","?","M","?","R","BOSS","M","M","M","?","M","R","E","R","T","?","M","M","R","M","R","BOSS"],"build_version":"2018-11-15","purchased_purges":0,"victory":false,"max_hp_per_floor":[80,80,80,80,80,80,80,80,80,80,80,80,80,80,80,80,80,80,80,80,80,80,80,80,80,80,80,80,80,80,80,80,80,80,80,80,80,80,80,80,80,80,80,70,70,70,70,70,70,70],"card_choices":[{"not_picked":["Uppercut","Hemokinesis"],"picked":"Shrug It Off","floor":1},{"not_picked":["Fire Breathing","Body Slam","Bloodletting"],"picked":"SKIP","floor":3},{"not_picked":["Second Wind","Entrench"],"picked":"Thunderclap","floor":4},{"not_picked":["Infernal Blade","Anger"],"picked":"Twin Strike","floor":5},{"not_picked":["True Grit","Corruption"],"picked":"Disarm","floor":7},{"not_picked":["Combust","True Grit","Wild Strike"],"picked":"SKIP","floor":8},{"not_picked":["Warcry","Thunderclap"],"picked":"Armaments","floor":10},{"not_picked":["Armaments","Iron Wave"],"picked":"Seeing Red","floor":11},{"not_picked":["Pommel Strike","Hemokinesis"],"picked":"Heavy Blade","floor":12},{"not_picked":["Body Slam","Twin Strike"],"picked":"Demon Form","floor":14},{"not_picked":["Impervious","Berserk"],"picked":"Double Tap","floor":16},{"not_picked":["Seeing Red","Disarm"],"picked":"Carnage","floor":18},{"not_picked":["Battle Trance+1","Uppercut"],"picked":"Warcry","floor":19},{"not_picked":["Clothesline+1","Body Slam+1"],"picked":"Flex","floor":20},{"not_picked":["Rage+1","Infernal Blade"],"picked":"Shrug It Off+1","floor":27},{"not_picked":["Reaper","True Grit"],"picked":"Pummel+1","floor":29},{"not_picked":["Infernal Blade","Pommel Strike"],"picked":"Cleave","floor":30},{"not_picked":["Shockwave","Bloodletting"],"picked":"Spot Weakness+1","floor":32},{"not_picked":["Juggernaut","Demon Form"],"picked":"Bludgeon","floor":33},{"not_picked":["Flex","Heavy Blade+1"],"picked":"Spot Weakness+1","floor":35},{"not_picked":["Combust","Disarm"],"picked":"Shockwave+1","floor":36},{"not_picked":["Shrug It Off","Combust+1"],"picked":"Iron Wave+1","floor":37},{"not_picked":["Clothesline+1","Armaments"],"picked":"Anger+1","floor":39},{"not_picked":["Fire Breathing","Sever Soul"],"picked":"Disarm+1","floor":41},{"not_picked":["Combust","Bloodletting"],"picked":"Armaments","floor":45},{"not_picked":["Thunderclap","Perfected Strike+1","Warcry"],"picked":"SKIP","floor":46},{"not_picked":["Anger+1","Evolve"],"picked":"Carnage+1","floor":48}],"player_experience":55478,"relics_obtained":[{"floor":9,"key":"Dream Catcher"},{"floor":26,"key":"Oddly Smooth Stone"},{"floor":41,"key":"Bag of Marbles"},{"floor":43,"key":"Dodecahedron"}],"event_choices":[{"damage_healed":0,"gold_gain":0,"cards_transformed":["Strike_R"],"player_choice":"Transformed","damage_taken":0,"max_hp_gain":0,"max_hp_loss":0,"event_name":"Transmorgrifier","floor":2,"gold_loss":0,"cards_obtained":["Brutality"]},{"cards_removed":["Brutality"],"damage_healed":0,"gold_gain":0,"player_choice":"Gave Gold","damage_taken":0,"max_hp_gain":0,"max_hp_loss":0,"event_name":"Beggar","floor":22,"gold_loss":75},{"damage_healed":0,"gold_gain":0,"player_choice":"Forge","damage_taken":0,"max_hp_gain":0,"max_hp_loss":0,"event_name":"Accursed Blacksmith","floor":25,"gold_loss":0,"cards_upgraded":["Carnage"]},{"damage_healed":0,"gold_gain":0,"player_choice":"Got Potions","damage_taken":0,"max_hp_gain":0,"max_hp_loss":0,"event_name":"Lab","floor":28,"gold_loss":0},{"cards_removed":["Inflame"],"damage_healed":0,"gold_gain":0,"player_choice":"Removed Power","damage_taken":0,"max_hp_gain":0,"max_hp_loss":0,"event_name":"Falling","floor":38,"gold_loss":0},{"damage_healed":70,"gold_gain":0,"player_choice":"Heal","damage_taken":0,"max_hp_gain":0,"max_hp_loss":10,"event_name":"The Moai Head","floor":44,"gold_loss":0}],"is_beta":false,"boss_relics":[{"not_picked":["Runic Pyramid","Sozu"],"picked":"Mark of Pain"},{"not_picked":["Snecko Eye","Runic Dome"],"picked":"Coffee Dripper"}],"items_purged_floors":[],"is_endless":false,"potions_floor_spawned":[3,4,5,8,10,12,20,27,33,39,41,45,46],"killed_by":"Donu and Deca","ascension_level":0}