{"gold_per_floor":[113,127,127,127,150,184,184,198,198,25,25,45,63,10,10,106,106,125,125,83,8,8,49,49,93,93,93,106,106,106,129,129,218,218,237,253,274,297,297,297,310,310,310,310,323,61,61,75,75,75],"floor_reached":50,"playtime":3644,"items_purged":["Strike_R","Doubt"],"score":993,"play_id":"6f875314-61fb-463a-a9e7-1e2f62641ec4","local_time":"20190430213250","is_ascension_mode":true,"campfire_choices":[{"data":"Armaments","floor":7,"key":"SMITH"},{"floor":11,"key":"REST"},{"data":"Whirlwind","floor":15,"key":"SMITH"},{"floor":24,"key":"REST"},{"floor":27,"key":"REST"},{"floor":30,"key":"REST"},{"data":"Shockwave","floor":32,"key":"SMITH"},{"floor":40,"key":"REST"},{"data":"Metallicize","floor":47,"key":"SMITH"},{"floor":49,"key":"REST"}],"neow_cost":"TEN_PERCENT_HP_LOSS","seed_source_timestamp":1225554269153000,"circlet_count":0,"master_deck":["AscendersBane","Strike_R","Defend_R","Defend_R","Defend_R","Bash","Iron Wave","Dropkick","Armaments+1","Shrug It Off","Shockwave+1","Double Tap","Metallicize+1","Whirlwind+1","Ghostly Armor","Evolve","Demon Form","Carnage+1","Shrug It Off","Shrug It Off","Offering","Power Through","Disarm","Wild Strike+1"],"relics":["Burning Blood","Golden Idol","Pen Nib","Blue Candle","Smiling Mask","Velvet Choker","Art of War","Ancient Tea Set","Darkstone Periapt","Mark of Pain","Letter Opener","Chemical X"],"potions_floor_usage":[16,16,20,25,33,41,50,50],"damage_taken":[{"damage":2,"enemies":"Cultist","floor":1,"turns":4},{"damage":3,"enemies":"2 Louse","floor":2,"turns":4},{"damage":7,"enemies":"Jaw Worm","floor":5,"turns":5},{"damage":25,"enemies":"Gremlin Nob","floor":6,"turns":4},{"damage":10,"enemies":"Gremlin Gang","floor":8,"turns":5},{"damage":1,"enemies":"2 Fungi Beasts","floor":12,"turns":2},{"damage":9,"enemies":"Large Slime","floor":13,"turns":6},{"damage":37,"enemies":"Hexaghost","floor":16,"turns":9},{"damage":12,"enemies":"Chosen","floor":18,"turns":5},{"damage":28,"enemies":"2 Thieves","floor":20,"turns":5},{"damage":16,"enemies":"Slavers","floor":23,"turns":2},{"damage":25,"enemies":"Book of Stabbing","floor":25,"turns":6},{"damage":18,"enemies":"Shelled Parasite and Fungi","floor":28,"turns":3},{"damage":7,"enemies":"Cultist and Chosen","floor":31,"turns":5},{"damage":10,"enemies":"Collector","floor":33,"turns":6},{"damage":7,"enemies":"3 Shapes","floor":35,"turns":6},{"damage":18,"enemies":"Orb Walker","floor":36,"turns":4},{"damage":7,"enemies":"4 Shapes","floor":37,"turns":6},{"damage":24,"enemies":"Transient","floor":38,"turns":6},{"damage":25,"enemies":"Spire Growth","floor":41,"turns":5},{"damage":12,"enemies":"4 Shapes","floor":45,"turns":12},{"damage":18,"enemies":"Writhing Mass","floor":48,"turns":5},{"damage":74,"enemies":"Time Eater","floor":50,"turns":10}],"seed_played":"2018581054727846360","potions_obtained":[{"floor":2,"key":"SkillPotion"},{"floor":6,"key":"Strength Potion"},{"floor":18,"key":"LiquidBronze"},{"floor":23,"key":"LiquidBronze"},{"floor":25,"key":"BloodPotion"},{"floor":28,"key":"Block Potion"},{"floor":35,"key":"BloodPotion"},{"floor":41,"key":"Ancient Potion"}],"is_trial":false,"path_per_floor":["M","M","?","?","M","E","R","M","T","$","R","M","M","?","R","B",null,"M","?","M","?","?","E","R","E","T","R","M","?","R","M","R","B",null,"M","M","M","M","?","R","M","?","T","?","M","$","R","M","R","B"],"character_chosen":"IRONCLAD","items_purchased":["Metallicize","Whirlwind","Chemical X"],"campfire_rested":6,"item_purchase_floors":[10,10,46],"current_hp_per_floor":[68,68,62,62,61,42,42,38,38,38,56,61,58,58,58,27,53,47,62,40,40,40,30,48,29,29,47,35,29,47,46,46,42,57,56,44,43,25,25,43,30,68,68,68,62,62,62,50,68,0],"gold":75,"neow_bonus":"TRANSFORM_TWO_CARDS","is_prod":false,"is_daily":false,"chose_seed":false,"campfire_upgraded":4,"win_rate":0,"timestamp":1556656370,"path_taken":["M","M","?","?","?","E","R","M","T","?","R","?","M","?","R","BOSS","M","?","?","?","?","E","R","E","T","R","M","?","R","M","R","BOSS","M","M","?","M","?","R","M","?","T","?","?","$","R","M","R","BOSS"],"build_version":"2019-01-23","purchased_purges":2,"victory":false,"max_hp_per_floor":[68,68,62,62,62,62,62,62,62,62,62,62,62,62,62,62,62,62,62,62,62,62,62,62,62,62,62,62,62,62,62,62,62,62,62,62,62,62,62,62,62,68,68,68,68,68,68,68,68,68],"card_choices":[{"not_picked":["Clash","Body Slam","Anger"],"picked":"SKIP","floor":1},{"not_picked":["Corruption","Pommel Strike"],"picked":"Armaments","floor":2},{"not_picked":["Corruption","Havoc"],"picked":"Shrug It Off","floor":5},{"not_picked":["Clash","Cleave"],"picked":"Shockwave","floor":6},{"not_picked":["Clothesline","True Grit"],"picked":"Double Tap","floor":8},{"not_picked":["Clash","Rupture"],"picked":"Ghostly Armor","floor":12},{"not_picked":["Reckless Charge","Wild Strike"],"picked":"Evolve","floor":13},{"not_picked":["Reaper","Double Tap"],"picked":"Demon Form","floor":16},{"not_picked":["Thunderclap+1","Havoc","Reckless Charge"],"picked":"SKIP","floor":18},{"not_picked":["Cleave+1","Havoc","Blood for Blood"],"picked":"SKIP","floor":20},{"not_picked":["Armaments","Rupture"],"picked":"Carnage+1","floor":23},{"not_picked":["Wild Strike","Perfected Strike+1","Rampage+1"],"picked":"SKIP","floor":25},{"not_picked":["True Grit","Brutality"],"picked":"Shrug It Off","floor":28},{"not_picked":["Reckless Charge","Corruption"],"picked":"Shrug It Off","floor":31},{"not_picked":["Juggernaut","Impervious"],"picked":"Offering","floor":33},{"not_picked":["Carnage","Clothesline","Cleave"],"picked":"SKIP","floor":35},{"not_picked":["Warcry","Sword Boomerang","Twin Strike"],"picked":"SKIP","floor":36},{"not_picked":["Perfected Strike+1","Sword Boomerang"],"picked":"Power Through","floor":37},{"not_picked":["Headbutt","Blood for Blood","Shockwave"],"picked":"SKIP","floor":38},{"not_picked":["Clothesline","Flex"],"picked":"Disarm","floor":41},{"not_picked":["Power Through","Searing Blow+1"],"picked":"Wild Strike+1","floor":45},{"not_picked":["Wild Strike","Searing Blow","Ghostly Armor+1"],"picked":"SKIP","floor":48}],"player_experience":431576,"relics_obtained":[{"floor":4,"key":"Pen Nib"},{"floor":6,"key":"Blue Candle"},{"floor":9,"key":"Smiling Mask"},{"floor":23,"key":"Art of War"},{"floor":25,"key":"Ancient Tea Set"},{"floor":26,"key":"Darkstone Periapt"},{"floor":43,"key":"Letter Opener"}],"event_choices":[{"damage_healed":0,"gold_gain":0,"player_choice":"Lose Max HP","damage_taken":0,"relics_obtained":["Golden Idol"],"max_hp_gain":0,"max_hp_loss":6,"event_name":"Golden Idol","floor":3,"gold_loss":0},{"damage_healed":0,"gold_gain":0,"player_choice":"Relic","damage_taken":0,"max_hp_gain":0,"max_hp_loss":0,"event_name":"Wheel of Change","floor":4,"gold_loss":0},{"damage_healed":0,"gold_gain":0,"player_choice":"Left Gold","damage_taken":0,"max_hp_gain":0,"max_hp_loss":0,"event_name":"World of Goop","floor":14,"gold_loss":53},{"damage_healed":15,"gold_gain":0,"player_choice":"Full Heal","damage_taken":0,"max_hp_gain":0,"max_hp_loss":0,"event_name":"Wheel of Change","floor":19,"gold_loss":0},{"cards_removed":["Defend_R"],"damage_healed":0,"gold_gain":0,"player_choice":"Gave Gold","damage_taken":0,"max_hp_gain":0,"max_hp_loss":0,"event_name":"Beggar","floor":21,"gold_loss":75},{"cards_removed":["Strike_R"],"damage_healed":0,"gold_gain":0,"player_choice":"Elegance","damage_taken":0,"max_hp_gain":0,"max_hp_loss":0,"event_name":"Back to Basics","floor":22,"gold_loss":0},{"damage_healed":0,"gold_gain":0,"player_choice":"","damage_taken":6,"max_hp_gain":0,"max_hp_loss":0,"event_name":"Knowing Skull","floor":29,"potions_obtained":[],"gold_loss":0,"cards_obtained":[]},{"damage_healed":0,"gold_gain":0,"player_choice":"Ignored","damage_taken":0,"max_hp_gain":0,"max_hp_loss":0,"event_name":"Tomb of Lord Red Mask","floor":39,"gold_loss":0},{"damage_healed":32,"gold_gain":0,"player_choice":"Heal","damage_taken":0,"max_hp_gain":0,"max_hp_loss":0,"event_name":"MindBloom","floor":42,"gold_loss":0,"cards_obtained":["Doubt"]},{"damage_healed":0,"gold_gain":0,"player_choice":"Memory 1","damage_taken":0,"max_hp_gain":0,"max_hp_loss":0,"event_name":"SensoryStone","floor":44,"gold_loss":0}],"is_beta":false,"boss_relics":[{"not_picked":["Calling Bell","Lizard Tail"],"picked":"Velvet Choker"},{"not_picked":["Runic Pyramid","Astrolabe"],"picked":"Mark of Pain"}],"items_purged_floors":[10,46],"is_endless":false,"potions_floor_spawned":[2,6,8,13,18,23,25,28,35,41,48],"killed_by":"Time Eater","ascension_level":20}