{"path_per_floor":["M","M","M","M","M","R","M","R","T","?","R","?","$","?","R","B",null,"M","$","?","M","$","R","M","M","T","E","M","R","M","M","R","B",null,"M","?","?","$","M","R","M","M","T","M","R","$","M","M","R"],"character_chosen":"IRONCLAD","items_purchased":["Ginger","War Paint"],"gold_per_floor":[111,131,151,164,179,179,192,192,192,192,192,192,117,147,147,247,247,267,167,167,180,55,55,74,91,91,124,144,144,160,175,175,277,277,292,292,292,1,18,18,35,49,349,365,365,69,81,101,101],"floor_reached":50,"campfire_rested":0,"playtime":2570,"current_hp_per_floor":[80,80,80,76,76,76,75,75,75,63,63,63,63,63,63,48,80,60,60,60,58,58,62,53,55,55,50,52,58,54,51,57,29,80,59,59,59,59,63,71,67,65,65,49,57,57,48,55,63],"items_purged":["Regret","Strike_R","Defend_R","Strike_R"],"gold":101,"score":511,"play_id":"7cf16a10-8a0e-4e49-8e50-58ab703236cb","local_time":"20180311200306","is_prod":false,"is_daily":false,"is_ascension_mode":false,"campfire_upgraded":4,"timestamp":1520816586,"path_taken":["M","?","M","M","M","R","M","R","T","?","R","?","$","?","R","BOSS","M","$","?","M","?","R","M","M","T","E","?","R","?","?","R","BOSS","M","?","?","$","?","R","M","M","T","?","R","$","M","M","R","BOSS"],"build_version":"2018-03-08-BETA","purchased_purges":7,"victory":false,"master_deck":["Strike_R","Strike_R","Strike_R","Defend_R+1","Defend_R","Defend_R+1","Bash","Limit Break+1","Anger+1","Offering+1","Offering+1","Anger","Clash","Inflame","Armaments+1","Anger","Anger+1","Clash","Exhume","Anger","Armaments+1","Rupture+1"],"max_hp_per_floor":[80,80,80,80,80,80,80,80,80,80,80,80,80,80,80,80,80,80,80,80,80,80,80,80,80,80,80,80,80,80,80,80,80,80,80,80,80,80,80,80,80,80,80,80,80,80,80,80,80],"relics":["Burning Blood","Dead Branch","Shovel","Charon\u0027s Ashes","Meat on the Bone","Blood Vial","Bird Faced Urn","Eternal Feather","Orichalcum","Du-Vu Doll","Lantern","Pantograph","Bag of Marbles","Sozu","Ginger","Old Coin","War Paint","Sundial"],"card_choices":[{"not_picked":["Body Slam","Flex"],"picked":"Limit Break"},{"not_picked":["Pommel Strike","Perfected Strike"],"picked":"Anger"},{"not_picked":["Heavy Blade","Anger"],"picked":"Offering"},{"not_picked":["Bludgeon","Feed"],"picked":"Offering"},{"not_picked":["Sword Boomerang","Rage"],"picked":"Anger"},{"not_picked":["Clothesline","Headbutt"],"picked":"Inflame"},{"not_picked":["Wild Strike","Pummel"],"picked":"Armaments"},{"not_picked":["True Grit","Perfected Strike"],"picked":"Anger"},{"not_picked":["Iron Wave","Shrug It Off"],"picked":"Anger"},{"not_picked":["Body Slam","Clothesline"],"picked":"Clash"},{"not_picked":["Brutality","Feed"],"picked":"Exhume"},{"not_picked":["Corruption","Iron Wave"],"picked":"Clash"},{"not_picked":["Combust","Warcry"],"picked":"Anger"},{"not_picked":["Feel No Pain","Intimidate"],"picked":"Armaments"},{"not_picked":["Sword Boomerang","Second Wind"],"picked":"Rupture"}],"player_experience":148004,"potions_floor_usage":[24,33,50,50,50],"damage_taken":[{"damage":6,"enemies":"Cultist","floor":1,"turns":4},{"damage":2,"enemies":"2 Louse","floor":2,"turns":3},{"damage":2,"enemies":"Small Slimes","floor":3,"turns":3},{"damage":10,"enemies":"Looter","floor":4,"turns":3},{"damage":6,"enemies":"2 Fungi Beasts","floor":5,"turns":4},{"damage":7,"enemies":"3 Louse","floor":7,"turns":4},{"damage":23,"enemies":"Slime Boss","floor":16,"turns":8},{"damage":28,"enemies":"2 Thieves","floor":18,"turns":4},{"damage":22,"enemies":"Spheric Guardian","floor":21,"turns":4},{"damage":17,"enemies":"Snecko","floor":24,"turns":4},{"damage":12,"enemies":"Centurion and Healer","floor":25,"turns":3},{"damage":15,"enemies":"Book of Stabbing","floor":27,"turns":3},{"damage":8,"enemies":"Snake Plant","floor":28,"turns":1},{"damage":16,"enemies":"Slaver and Parasite","floor":30,"turns":3},{"damage":25,"enemies":"Snecko","floor":31,"turns":5},{"damage":85,"enemies":"Automaton","floor":33,"turns":8},{"damage":27,"enemies":"3 Darklings","floor":35,"turns":4},{"damage":8,"enemies":"3 Shapes","floor":39,"turns":1},{"damage":12,"enemies":"Sphere and 2 Shapes","floor":41,"turns":2},{"damage":12,"enemies":"Maw","floor":42,"turns":4},{"damage":26,"enemies":"Spire Growth","floor":44,"turns":4},{"damage":19,"enemies":"Sphere and 2 Shapes","floor":47,"turns":1},{"damage":19,"enemies":"4 Shapes","floor":48,"turns":3},{"damage":87,"enemies":"Awakened One","floor":50,"turns":5}],"event_choices":[{"event_name":"Scrap Ooze","player_choice":"success","floor":10,"damage_taken":12},{"event_name":"Big Fish","player_choice":"Box","floor":12,"damage_taken":0},{"event_name":"Dead Adventurer","player_choice":"Searched \u00273\u0027 times","floor":14,"damage_taken":0},{"event_name":"The Library","player_choice":"Read","floor":20,"damage_taken":0},{"event_name":"Tomb of Lord Red Mask","player_choice":"Ignored","floor":36,"damage_taken":0}],"boss_relics":[{"not_picked":["Lizard Tail","Velvet Choker"],"picked":"Eternal Feather"},{"not_picked":["Cursed Key","Astrolabe"],"picked":"Sozu"}],"potions_floor_spawned":[5,16,25,28,31,33,35,39,42],"seed_played":"2417870292187763676","killed_by":"Awakened One","ascension_level":0,"is_trial":false}