{"gold_per_floor":[115,126,185,196,43,43,76,132,132,102],"floor_reached":10,"playtime":260,"items_purged":[],"score":106,"play_id":"11076db4-f5e5-4db9-9cae-ed060b5c5d67","local_time":"20180830082913","is_ascension_mode":true,"campfire_choices":[{"data":"Sunder","floor":6,"key":"SMITH"}],"neow_cost":"NONE","seed_source_timestamp":160412718441075,"circlet_count":0,"master_deck":["Strike_B","Strike_B","Strike_B","Strike_B","Defend_B","Defend_B","Defend_B","Defend_B","Zap","Dualcast","AscendersBane","Cold Snap","Sunder+1","Rip and Tear","Genetic Algorithm"],"relics":["Cracked Core","Bronze Scales","Question Card","Pen Nib","Shuriken"],"potions_floor_usage":[7,8,10],"damage_taken":[{"damage":1,"enemies":"2 Louse","floor":1,"turns":3},{"damage":2,"enemies":"Jaw Worm","floor":2,"turns":5},{"damage":1,"enemies":"Cultist","floor":4,"turns":3},{"damage":37,"enemies":"Lagavulin","floor":7,"turns":6},{"damage":32,"enemies":"Gremlin Nob","floor":8,"turns":4},{"damage":10,"enemies":"Looter","floor":10,"turns":2}],"seed_played":"2473411826113040744","potions_obtained":[{"floor":1,"key":"Regen Potion"},{"floor":8,"key":"PowerPotion"}],"is_trial":false,"path_per_floor":["M","M","?","M","$","R","E","?","T"],"character_chosen":"DEFECT","items_purchased":["Bronze Scales"],"campfire_rested":0,"item_purchase_floors":[5],"current_hp_per_floor":[67,65,65,64,64,64,27,7,7,0],"gold":102,"neow_bonus":"THREE_SMALL_POTIONS","is_prod":false,"is_daily":false,"chose_seed":false,"campfire_upgraded":1,"win_rate":0,"timestamp":1535628553,"path_taken":["M","M","?","M","$","R","E","?","T","M"],"build_version":"2018-07-12","purchased_purges":0,"victory":false,"max_hp_per_floor":[75,75,75,75,75,75,75,75,75,75],"card_choices":[{"not_picked":["Genetic Algorithm","Go for the Eyes"],"picked":"Cold Snap","floor":1},{"not_picked":["Steam","Barrage"],"picked":"Sunder","floor":2},{"not_picked":["Creative AI","Sweeping Beam","Stack"],"picked":"SKIP","floor":4},{"not_picked":["Machine Learning","Streamline"],"picked":"Rip and Tear","floor":7},{"not_picked":["Melter","Beam Cell","Redo"],"picked":"Genetic Algorithm","floor":8}],"player_experience":752281,"relics_obtained":[{"floor":7,"key":"Question Card"},{"floor":9,"key":"Shuriken"}],"event_choices":[{"event_name":"Golden Wing","player_choice":"Gained Gold","floor":3,"damage_taken":0},{"event_name":"Dead Adventurer","player_choice":"Searched \u00273\u0027 times","floor":8,"damage_taken":0}],"boss_relics":[],"items_purged_floors":[],"is_endless":false,"potions_floor_spawned":[1,2,8],"killed_by":"Looter","ascension_level":12}