{"gold_per_floor":[118,43,43,43,60,60,95,95,149,179,179,179,197,218,218,290,290,308,121,171,96,7,7,26,44,67,98,110,122,134,163,175,264,276,302,314,338,350,377,416,510,522,534,556,568],"floor_reached":45,"playtime":1642,"items_purged":["Strike_R","Strike_R"],"score":948,"play_id":"42218547-e95c-4d56-955d-2dad847a396d","local_time":"20190304174524","is_ascension_mode":true,"campfire_choices":[{"data":"Carnage","floor":6.0,"key":"SMITH"},{"data":"Shrug It Off","floor":8.0,"key":"SMITH"},{"data":"Bash","floor":12.0,"key":"SMITH"},{"data":"True Grit","floor":15.0,"key":"SMITH"},{"data":"Limit Break","floor":23.0,"key":"SMITH"},{"data":"Body Slam","floor":28.0,"key":"SMITH"},{"data":"Bloodletting","floor":30.0,"key":"SMITH"},{"data":"Burning Pact","floor":32.0,"key":"SMITH"},{"floor":42.0,"key":"REST"}],"neow_cost":"NONE","seed_source_timestamp":281037444268958,"circlet_count":0,"master_deck":["AscendersBane","Strike_R","Strike_R","Defend_R","Defend_R","Defend_R","Defend_R","Bash+1","Carnage+1","Shrug It Off+1","Power Through","True Grit+1","Limit Break+1","Burning Pact+1","Inflame","Battle Trance","Body Slam+1","Evolve","Bloodletting+1","Sword Boomerang","Double Tap","Limit Break+1","Feel No Pain","Pummel+1","Injury","Shame"],"special_seed":0,"relics":["Burning Blood","Regal Pillow","Dodecahedron","Orichalcum","Bag of Preparation","Odd Mushroom","Orrery","MawBank","Cursed Key","Du-Vu Doll","Sundial"],"potions_floor_usage":[],"damage_taken":[{"damage":2.0,"enemies":"2 Louse","floor":1.0,"turns":3.0},{"damage":0.0,"enemies":"Cultist","floor":5.0,"turns":3.0},{"damage":31.0,"enemies":"Gremlin Nob","floor":7.0,"turns":4.0},{"damage":23.0,"enemies":"Lagavulin","floor":10.0,"turns":6.0},{"damage":1.0,"enemies":"Jaw Worm","floor":13.0,"turns":2.0},{"damage":2.0,"enemies":"The Mushroom Lair","floor":14.0,"turns":5.0},{"damage":42.0,"enemies":"The Guardian","floor":16.0,"turns":15.0},{"damage":17.0,"enemies":"2 Thieves","floor":18.0,"turns":5.0},{"damage":0.0,"enemies":"Chosen","floor":24.0,"turns":5.0},{"damage":22.0,"enemies":"Snecko","floor":25.0,"turns":7.0},{"damage":14.0,"enemies":"Centurion and Healer","floor":27.0,"turns":7.0},{"damage":27.0,"enemies":"Sentry and Sphere","floor":31.0,"turns":5.0},{"damage":22.0,"enemies":"Champ","floor":33.0,"turns":7.0},{"damage":5.0,"enemies":"3 Shapes","floor":35.0,"turns":8.0},{"damage":4.0,"enemies":"Orb Walker","floor":37.0,"turns":2.0},{"damage":0.0,"enemies":"Spire Growth","floor":39.0,"turns":2.0},{"damage":68.0,"enemies":"Giant Head","floor":40.0,"turns":7.0},{"damage":29.0,"enemies":"Jaw Worm Horde","floor":44.0,"turns":6.0},{"damage":46,"enemies":"Transient","floor":45,"turns":3}],"seed_played":"3549827704447244980","potions_obtained":[{"floor":5.0,"key":"SpeedPotion"},{"floor":10.0,"key":"BloodPotion"},{"floor":14.0,"key":"SpeedPotion"},{"floor":16.0,"key":"GamblersBrew"},{"floor":24.0,"key":"Energy Potion"},{"floor":31.0,"key":"Swift Potion"},{"floor":33.0,"key":"Regen Potion"},{"floor":35.0,"key":"BloodPotion"},{"floor":37.0,"key":"SteroidPotion"},{"floor":39.0,"key":"Weak Potion"}],"is_trial":false,"path_per_floor":["M","$","?","$","M","R","E","R","T","E","?","R","M","?","R","B",null,"M","$","?","?","$","R","M","M","T","M","R","?","R","M","R","B",null,"M","?","M","?","M","E","T","R","T","M","M"],"character_chosen":"IRONCLAD","items_purchased":["Evolve","Bloodletting"],"campfire_rested":1,"item_purchase_floors":[19,22],"current_hp_per_floor":[72,72,72,72,75,75,50,50,50,33,33,33,38,42,42,13,60,49,49,49,49,49,49,55,39,39,31,31,46,46,25,25,9,59,60,60,69,69,75,13,13,50,50,41,0],"gold":568,"neow_bonus":"RANDOM_COMMON_RELIC","is_prod":false,"is_daily":false,"chose_seed":false,"campfire_upgraded":8,"win_rate":0,"timestamp":1551692724,"path_taken":["M","$","?","?","M","R","E","R","T","E","?","R","M","?","R","BOSS","M","$","?","?","$","R","M","M","T","M","R","?","R","M","R","BOSS","M","?","?","?","M","E","?","R","T","M","M"],"build_version":"2019-01-23","purchased_purges":2,"victory":false,"max_hp_per_floor":[75,75,75,75,75,75,75,75,75,75,75,75,75,75,75,75,75,75,75,75,75,75,75,75,75,75,75,75,75,75,75,75,75,75,75,75,75,75,75,75,75,75,75,75,75],"card_choices":[{"not_picked":["Twin Strike","Seeing Red"],"picked":"Carnage","floor":1.0},{"not_picked":["Dual Wield","Infernal Blade"],"picked":"Shrug It Off","floor":5.0},{"not_picked":["Headbutt","Clash","Exhume"],"picked":"SKIP","floor":7.0},{"not_picked":["Body Slam","Warcry"],"picked":"Power Through","floor":10.0},{"not_picked":["Inflame","Twin Strike","Dual Wield"],"picked":"SKIP","floor":13.0},{"not_picked":["Metallicize","Flex"],"picked":"True Grit","floor":14.0},{"not_picked":["Bludgeon","Reaper"],"picked":"Limit Break","floor":16.0},{"not_picked":["Sword Boomerang","Blood for Blood"],"picked":"Burning Pact","floor":17.0},{"not_picked":["Anger","Rage"],"picked":"Inflame","floor":17.0},{"not_picked":["Armaments","True Grit"],"picked":"Battle Trance","floor":17.0},{"not_picked":["Bloodletting","Clash"],"picked":"Body Slam","floor":17.0},{"not_picked":["Inflame","Rage","Havoc"],"picked":"SKIP","floor":18.0},{"not_picked":["Battle Trance+1","Iron Wave"],"picked":"Sword Boomerang","floor":24.0},{"not_picked":["Fire Breathing+1","Perfected Strike"],"picked":"Double Tap","floor":25.0},{"not_picked":["Body Slam","Corruption","Rampage"],"picked":"SKIP","floor":27.0},{"not_picked":["Cleave","Fire Breathing","Wild Strike"],"picked":"SKIP","floor":31.0},{"not_picked":["Intimidate","Sentinel","Headbutt"],"picked":"SKIP","floor":35.0},{"not_picked":["Clothesline","Body Slam","Rage"],"picked":"SKIP","floor":37.0},{"not_picked":["Intimidate","Havoc"],"picked":"Feel No Pain","floor":39.0},{"not_picked":["True Grit","Rampage+1"],"picked":"Pummel+1","floor":40.0},{"not_picked":["Twin Strike","Clothesline","Sword Boomerang"],"picked":"SKIP","floor":44.0}],"player_experience":1149008,"relics_obtained":[{"floor":7.0,"key":"Dodecahedron"},{"floor":9.0,"key":"Orichalcum"},{"floor":10.0,"key":"Bag of Preparation"},{"floor":14.0,"key":"Odd Mushroom"},{"floor":26.0,"key":"MawBank"},{"floor":40.0,"key":"Du-Vu Doll"},{"floor":41.0,"key":"Sundial"}],"event_choices":[{"damage_healed":0.0,"max_hp_gain":0.0,"max_hp_loss":0.0,"gold_gain":0.0,"event_name":"WeMeetAgain","player_choice":"Ignored","floor":3.0,"gold_loss":0.0,"damage_taken":0.0},{"damage_healed":0.0,"max_hp_gain":0.0,"max_hp_loss":0.0,"gold_gain":0.0,"event_name":"Shining Light","player_choice":"Ignored","floor":11.0,"gold_loss":0.0,"damage_taken":0.0},{"damage_healed":0.0,"max_hp_gain":0.0,"max_hp_loss":0.0,"gold_gain":0.0,"event_name":"Mushrooms","player_choice":"Fought Mushrooms","floor":14.0,"gold_loss":0.0,"damage_taken":0.0},{"damage_healed":0.0,"max_hp_gain":0.0,"max_hp_loss":0.0,"gold_gain":50.0,"event_name":"Nest","player_choice":"Stole From Cult","floor":20.0,"gold_loss":0.0,"damage_taken":0.0},{"cards_removed":["Strike_R"],"damage_healed":0.0,"max_hp_gain":0.0,"max_hp_loss":0.0,"gold_gain":0.0,"event_name":"Beggar","player_choice":"Gave Gold","floor":21.0,"gold_loss":75.0,"damage_taken":0.0},{"damage_healed":15.0,"max_hp_gain":0.0,"max_hp_loss":0.0,"gold_gain":0.0,"event_name":"The Library","player_choice":"Heal","floor":29.0,"gold_loss":0.0,"damage_taken":0.0},{"damage_healed":0.0,"max_hp_gain":0.0,"max_hp_loss":0.0,"gold_gain":0.0,"event_name":"Duplicator","player_choice":"Copied","floor":36.0,"gold_loss":0.0,"damage_taken":0.0,"cards_obtained":["Limit Break"]},{"damage_healed":0.0,"max_hp_gain":0.0,"max_hp_loss":0.0,"gold_gain":0.0,"event_name":"Tomb of Lord Red Mask","player_choice":"Ignored","floor":38.0,"gold_loss":0.0,"damage_taken":0.0}],"is_beta":false,"boss_relics":[{"not_picked":["Runic Dome","Runic Cube"],"picked":"Orrery"},{"not_picked":["Velvet Choker","Astrolabe"],"picked":"Cursed Key"}],"items_purged_floors":[2,19],"is_endless":false,"potions_floor_spawned":[5,10,14,16,24,31,33,35,37,39],"killed_by":"Transient","ascension_level":20}