{"gold_per_floor":[118,118,128,93,93,122,122,157,157,157,170,185,185,215,215,320,320,295,20,32,48,82,82,101,101,101,136,146,246,273,70,70,170,170,184,198,198,218,218,218,218,218,218,440,473,255,255],"floor_reached":47,"playtime":1805,"items_purged":["Burning Pact+1","Strike_R","Dropkick"],"score":662,"play_id":"a980f2bd-71dd-4bb8-970c-6b3dfb05d770","local_time":"20180714040339","is_ascension_mode":true,"campfire_choices":[{"floor":7,"key":"DIG"},{"floor":10,"key":"DIG"},{"floor":13,"key":"DIG"},{"floor":15,"key":"DIG"},{"floor":23,"key":"DIG"},{"floor":25,"key":"DIG"},{"floor":32,"key":"DIG"},{"floor":40,"key":"DIG"},{"floor":42,"key":"DIG"}],"neow_cost":"NONE","seed_source_timestamp":106111844373605,"circlet_count":0,"master_deck":["Strike_R","Strike_R","Defend_R","Defend_R","Defend_R","Bash","Shrug It Off","Shrug It Off","Flex","Flex+1","Armaments+1","Sword Boomerang","Armaments+1","Double Tap+1","Rupture+1","Rupture+1","Double Tap+1","Pummel+1","Sword Boomerang","Offering+1","Sword Boomerang+1","Limit Break+1","Limit Break+1","Flex+1","Battle Trance+1","Madness+1","Madness+1","Apotheosis+1"],"relics":["Burning Blood","Shovel","Blue Candle","Toxic Egg 2","Mummified Hand","Peace Pipe","Centennial Puzzle","Orichalcum","Mercury Hourglass","Red Skull","Astrolabe","DollysMirror","Red Mask","Shuriken","Meat on the Bone","Pear","The Courier","Gremlin Horn","Matryoshka","Mark of Pain","Dodecahedron","Anchor","Question Card","Lantern","Pantograph","Smiling Mask","Art of War"],"potions_floor_usage":[18,30,33,35,47],"damage_taken":[{"damage":7,"enemies":"Small Slimes","floor":1,"turns":3},{"damage":11,"enemies":"Cultist","floor":3,"turns":4},{"damage":19,"enemies":"3 Sentries","floor":6,"turns":11},{"damage":23,"enemies":"Gremlin Nob","floor":8,"turns":5},{"damage":0,"enemies":"2 Louse","floor":11,"turns":3},{"damage":1,"enemies":"Red Slaver","floor":12,"turns":5},{"damage":17,"enemies":"Lagavulin","floor":14,"turns":6},{"damage":2,"enemies":"Slime Boss","floor":16,"turns":7},{"damage":11,"enemies":"2 Thieves","floor":18,"turns":5},{"damage":0,"enemies":"3 Byrds","floor":20,"turns":4},{"damage":19,"enemies":"Snake Plant","floor":21,"turns":3},{"damage":10,"floor":22,"turns":3},{"damage":5,"enemies":"Centurion and Healer","floor":24,"turns":5},{"damage":27,"enemies":"Slavers","floor":27,"turns":7},{"damage":7,"enemies":"Chosen and Byrds","floor":28,"turns":2},{"damage":14,"enemies":"Gremlin Leader","floor":30,"turns":4},{"damage":12,"enemies":"Automaton","floor":33,"turns":4},{"damage":16,"enemies":"3 Darklings","floor":35,"turns":3},{"damage":6,"enemies":"3 Shapes","floor":36,"turns":3},{"damage":25,"enemies":"Maw","floor":38,"turns":4},{"damage":4,"enemies":"2 Orb Walkers","floor":45,"turns":3},{"damage":67,"enemies":"Nemesis","floor":47,"turns":6}],"seed_played":"-8561288552480815233","potions_obtained":[{"floor":8,"key":"EssenceOfSteel"},{"floor":12,"key":"BloodPotion"},{"floor":16,"key":"Block Potion"},{"floor":22,"key":"Dexterity Potion"},{"floor":24,"key":"SteroidPotion"},{"floor":28,"key":"Fruit Juice"},{"floor":30,"key":"LiquidBronze"},{"floor":33,"key":"Swift Potion"},{"floor":35,"key":"Dexterity Potion"},{"floor":39,"key":"Fruit Juice"},{"floor":39,"key":"SteroidPotion"}],"is_trial":false,"path_per_floor":["M","?","M","?","?","E","R","E","T","R","M","M","R","E","R","B",null,"M","$","M","M","?","R","M","R","T","E","M","?","E","$","R","B",null,"M","M","?","M","?","R","T","R","T","?","E","$"],"character_chosen":"IRONCLAD","items_purchased":["DollysMirror","Limit Break+1","Apotheosis+1"],"campfire_rested":0,"item_purchase_floors":[19,31,46],"current_hp_per_floor":[79,61,56,76,80,67,67,50,50,50,56,61,61,50,50,54,80,75,75,80,67,63,63,64,64,74,53,52,52,61,61,61,55,95,85,85,73,54,54,54,54,54,54,54,56,56,0],"gold":255,"neow_bonus":"THREE_CARDS","is_prod":false,"is_daily":false,"chose_seed":false,"campfire_upgraded":0,"win_rate":0,"timestamp":1531559019,"path_taken":["M","?","M","?","?","E","R","E","T","R","M","M","R","E","R","BOSS","M","$","M","M","?","R","M","R","T","E","M","?","E","?","R","BOSS","M","M","?","?","?","R","?","R","T","?","E","$","E"],"build_version":"2018-07-13","purchased_purges":3,"victory":false,"max_hp_per_floor":[80,80,80,80,80,80,80,80,80,80,80,80,80,80,80,80,80,80,80,80,80,80,80,80,80,90,90,90,90,95,95,95,95,95,95,95,95,95,95,95,95,95,95,95,95,95,100],"card_choices":[{"not_picked":["Entrench","Second Wind"],"picked":"Shrug It Off","floor":0},{"not_picked":["Body Slam","Anger"],"picked":"Shrug It Off","floor":1},{"not_picked":["Bloodletting","Heavy Blade"],"picked":"Dropkick","floor":3},{"not_picked":["Metallicize","Blood for Blood"],"picked":"Flex","floor":6},{"not_picked":["Bloodletting+1","Twin Strike"],"picked":"Flex+1","floor":8},{"not_picked":["Headbutt","Burning Pact+1"],"picked":"Armaments+1","floor":11},{"not_picked":["Iron Wave","Wild Strike"],"picked":"Sword Boomerang","floor":12},{"not_picked":["Battle Trance+1","Demon Form"],"picked":"Armaments+1","floor":14},{"not_picked":["Feed","Dark Embrace"],"picked":"Double Tap+1","floor":16},{"not_picked":["Burning Pact+1","Clothesline","True Grit+1"],"picked":"SKIP","floor":18},{"not_picked":["Flex+1","Armaments+1","Perfected Strike+1"],"picked":"SKIP","floor":20},{"not_picked":["Headbutt","Exhume+1"],"picked":"Pummel+1","floor":21},{"not_picked":["Infernal Blade+1","Warcry+1"],"picked":"Sword Boomerang","floor":24},{"not_picked":["Clothesline+1","Uppercut"],"picked":"Offering+1","floor":27},{"not_picked":["Twin Strike+1","Thunderclap"],"picked":"Sword Boomerang+1","floor":28},{"not_picked":["Immolate","Blood for Blood+1"],"picked":"Limit Break+1","floor":30},{"not_picked":["Clash+1","Headbutt"],"picked":"Flex+1","floor":35},{"not_picked":["Heavy Blade","Metallicize"],"picked":"Battle Trance+1","floor":36},{"not_picked":["Flame Barrier+1","Wild Strike+1","Burning Pact+1"],"picked":"SKIP","floor":38},{"not_picked":["Impervious+1","Clothesline","Flame Barrier+1","Heavy Blade"],"picked":"SKIP","floor":45}],"player_experience":230853,"relics_obtained":[{"floor":6,"key":"Blue Candle"},{"floor":7,"key":"Toxic Egg 2"},{"floor":8,"key":"Mummified Hand"},{"floor":9,"key":"Peace Pipe"},{"floor":10,"key":"Centennial Puzzle"},{"floor":13,"key":"Orichalcum"},{"floor":14,"key":"Mercury Hourglass"},{"floor":15,"key":"Red Skull"},{"floor":22,"key":"Red Mask"},{"floor":23,"key":"Shuriken"},{"floor":25,"key":"Meat on the Bone"},{"floor":26,"key":"Pear"},{"floor":27,"key":"The Courier"},{"floor":30,"key":"Gremlin Horn"},{"floor":32,"key":"Matryoshka"},{"floor":40,"key":"Dodecahedron"},{"floor":41,"key":"Anchor"},{"floor":41,"key":"Question Card"},{"floor":42,"key":"Lantern"},{"floor":43,"key":"Pantograph"},{"floor":43,"key":"Smiling Mask"},{"floor":45,"key":"Art of War"}],"event_choices":[{"event_name":"Scrap Ooze","player_choice":"success","floor":2,"damage_taken":18},{"event_name":"The Cleric","player_choice":"Healed","floor":4,"damage_taken":0},{"event_name":"Wheel of Change","player_choice":"Full Heal","floor":5,"damage_taken":0},{"event_name":"Masked Bandits","player_choice":"Fought over 48 gold","floor":22,"damage_taken":0},{"event_name":"Golden Shrine","player_choice":"Pray","floor":29,"damage_taken":0},{"event_name":"Winding Halls","player_choice":"Embrace Madness","floor":37,"damage_taken":0},{"event_name":"The Lab","player_choice":"Got Potions","floor":39,"damage_taken":0},{"event_name":"Tomb of Lord Red Mask","player_choice":"Wore Mask","floor":44,"damage_taken":0}],"boss_relics":[{"not_picked":["Snecko Eye","Runic Cube"],"picked":"Astrolabe"},{"not_picked":["Eternal Feather","Coffee Dripper"],"picked":"Mark of Pain"}],"items_purged_floors":[19,31,46],"is_endless":false,"potions_floor_spawned":[8,12,16,22,24,28,30,33,35],"killed_by":"Nemesis","ascension_level":2}