{"gold_per_floor":[111,286,286,300,300,300,326,326,326,358,358,373,430,450,450,450],"floor_reached":16,"playtime":653,"items_purged":[],"score":171,"play_id":"dce6d19c-9975-4aa9-a910-29418f9f85f3","local_time":"20181224132311","is_ascension_mode":true,"campfire_choices":[{"data":"Infernal Blade","floor":6.0,"key":"SMITH"},{"data":"Rage","floor":8.0,"key":"SMITH"},{"floor":11.0,"key":"REST"},{"floor":15.0,"key":"REST"}],"neow_cost":"NONE","seed_source_timestamp":265805542207300,"circlet_count":0,"master_deck":["Strike_R","Strike_R","Strike_R","Strike_R","Defend_R","Defend_R","Defend_R","Defend_R","Bash","Purity","Infernal Blade+1","Havoc","Rage+1","Thunderclap","Shrug It Off","Rampage"],"special_seed":0,"relics":["Burning Blood","Anchor","Gremlin Horn","Bag of Preparation","Tiny Chest"],"potions_floor_usage":[16],"damage_taken":[{"damage":2.0,"enemies":"Small Slimes","floor":1.0,"turns":6.0},{"damage":2.0,"enemies":"Jaw Worm","floor":4.0,"turns":4.0},{"damage":32.0,"enemies":"Gremlin Nob","floor":7.0,"turns":4.0},{"damage":25.0,"enemies":"Lagavulin","floor":10.0,"turns":6.0},{"damage":0.0,"enemies":"2 Louse","floor":12.0,"turns":2.0},{"damage":30.0,"enemies":"3 Sentries","floor":13.0,"turns":6.0},{"damage":0.0,"enemies":"Gremlin Gang","floor":14.0,"turns":4.0},{"damage":72,"enemies":"Slime Boss","floor":16,"turns":9}],"seed_played":"-117975600283642121","potions_obtained":[{"floor":7.0,"key":"Weak Potion"},{"floor":10.0,"key":"Swift Potion"},{"floor":13.0,"key":"Ancient Potion"}],"is_trial":false,"path_per_floor":["M","?","?","M","?","R","E","R","T","E","R","M","E","M","R","B"],"character_chosen":"IRONCLAD","items_purchased":[],"campfire_rested":2,"item_purchase_floors":[],"current_hp_per_floor":[76,76,69,73,73,73,47,47,47,28,52,58,34,40,64,0],"gold":450,"neow_bonus":"RANDOM_COLORLESS","is_prod":false,"is_daily":false,"chose_seed":false,"campfire_upgraded":2,"win_rate":0,"timestamp":1545675791,"path_taken":["M","?","?","M","?","R","E","R","T","E","R","?","E","M","R","BOSS"],"build_version":"2018-12-20","purchased_purges":0,"victory":false,"max_hp_per_floor":[80,80,80,80,80,80,80,80,80,80,80,80,80,80,80,80],"card_choices":[{"not_picked":["Clash","Flex"],"picked":"Infernal Blade","floor":1.0},{"not_picked":["Sever Soul","Heavy Blade"],"picked":"Havoc","floor":4.0},{"not_picked":["Heavy Blade","Clash"],"picked":"Rage","floor":7.0},{"not_picked":["Hemokinesis","Exhume"],"picked":"Thunderclap","floor":10.0},{"not_picked":["Clash","Heavy Blade","Searing Blow"],"picked":"SKIP","floor":12.0},{"not_picked":["Second Wind","Clash"],"picked":"Shrug It Off","floor":13.0},{"not_picked":["Wild Strike","Combust"],"picked":"Rampage","floor":14.0}],"player_experience":193068,"relics_obtained":[{"floor":7.0,"key":"Anchor"},{"floor":9.0,"key":"Gremlin Horn"},{"floor":10.0,"key":"Bag of Preparation"},{"floor":13.0,"key":"Tiny Chest"}],"event_choices":[{"damage_healed":0.0,"max_hp_gain":0.0,"max_hp_loss":0.0,"gold_gain":175.0,"event_name":"Liars Game","player_choice":"AGREE","floor":2.0,"gold_loss":0.0,"damage_taken":0.0,"cards_obtained":["Doubt"]},{"cards_removed":["Doubt"],"damage_healed":0.0,"max_hp_gain":0.0,"max_hp_loss":0.0,"gold_gain":0.0,"event_name":"Golden Wing","player_choice":"Card Removal","floor":3.0,"gold_loss":0.0,"damage_taken":7.0},{"cards_removed":["Strike_R"],"damage_healed":0.0,"max_hp_gain":0.0,"max_hp_loss":0.0,"gold_gain":0.0,"event_name":"Purifier","player_choice":"Purged","floor":5.0,"gold_loss":0.0,"damage_taken":0.0}],"is_beta":false,"boss_relics":[],"items_purged_floors":[],"is_endless":false,"potions_floor_spawned":[7,10,13],"killed_by":"Slime Boss","ascension_level":9}