{"gold_per_floor":[116,116,30,30,44,85,85,128,182,182,220,220,236,49,49,49],"floor_reached":16,"playtime":550,"items_purged":[],"score":282,"play_id":"fe69b7d7-0f31-482d-9838-68c74d908f7a","local_time":"20190510121558","is_ascension_mode":true,"campfire_choices":[{"data":"Glass Knife","floor":7,"key":"SMITH"},{"floor":10,"key":"REST"},{"floor":12,"key":"REST"},{"floor":15,"key":"REST"}],"neow_cost":"NONE","seed_source_timestamp":482567036236300,"circlet_count":0,"master_deck":["AscendersBane","Defend_G","Defend_G","Defend_G","Defend_G","Defend_G","Strike_G","Strike_G","Strike_G","Strike_G","Strike_G","Survivor","Neutralize","Acrobatics","Footwork","Dagger Throw","Glass Knife+1","Cloak And Dagger","Crippling Poison","PiercingWail"],"relics":["Ring of the Snake","NeowsBlessing","Golden Idol","Juzu Bracelet","Letter Opener","Ancient Tea Set","Ninja Scroll","Tiny Chest"],"potions_floor_usage":[8,16],"damage_taken":[{"damage":0,"enemies":"Jaw Worm","floor":1,"turns":1},{"damage":0,"enemies":"2 Louse","floor":5,"turns":1},{"damage":0,"enemies":"Gremlin Nob","floor":6,"turns":1},{"damage":26,"enemies":"3 Sentries","floor":8,"turns":11},{"damage":32,"enemies":"Gremlin Nob","floor":11,"turns":4},{"damage":0,"enemies":"Small Slimes","floor":13,"turns":1},{"damage":56,"enemies":"Hexaghost","floor":16,"turns":15}],"seed_played":"2799943478982669752","potions_obtained":[{"floor":5,"key":"SkillPotion"},{"floor":11,"key":"Dexterity Potion"}],"is_trial":false,"path_per_floor":["M","?","$","?","M","E","R","E","T","R","E","R","M","$","R","B"],"character_chosen":"THE_SILENT","items_purchased":["Footwork","Tiny Chest","PiercingWail"],"campfire_rested":3,"item_purchase_floors":[3,14,14],"current_hp_per_floor":[59,59,59,59,59,59,59,33,33,51,19,37,37,37,55,0],"gold":49,"neow_bonus":"THREE_ENEMY_KILL","is_prod":false,"is_daily":false,"chose_seed":false,"campfire_upgraded":1,"win_rate":0,"timestamp":1557486958,"path_taken":["M","?","$","?","M","E","R","E","T","R","E","R","M","$","R","BOSS"],"build_version":"2019-01-23","purchased_purges":0,"victory":false,"max_hp_per_floor":[66,66,66,60,60,60,60,60,60,60,60,60,60,60,60,60],"card_choices":[{"not_picked":["Flying Knee","Reflex"],"picked":"Acrobatics","floor":1},{"not_picked":["Acrobatics","Slice"],"picked":"Dagger Throw","floor":5},{"not_picked":["Terror","Calculated Gamble"],"picked":"Glass Knife","floor":6},{"not_picked":["Predator","Skewer"],"picked":"Cloak And Dagger","floor":8},{"not_picked":["Sucker Punch","Slice","Flying Knee"],"picked":"SKIP","floor":11},{"not_picked":["Expertise","Setup"],"picked":"Crippling Poison","floor":13}],"player_experience":509573,"relics_obtained":[{"floor":6,"key":"Juzu Bracelet"},{"floor":8,"key":"Letter Opener"},{"floor":9,"key":"Ancient Tea Set"},{"floor":11,"key":"Ninja Scroll"}],"event_choices":[{"damage_healed":0,"gold_gain":0,"player_choice":"Leave","damage_taken":0,"max_hp_gain":0,"max_hp_loss":0,"event_name":"The Cleric","floor":2,"gold_loss":0},{"damage_healed":0,"gold_gain":0,"player_choice":"Lose Max HP","damage_taken":0,"relics_obtained":["Golden Idol"],"max_hp_gain":0,"max_hp_loss":6,"event_name":"Golden Idol","floor":4,"gold_loss":0}],"is_beta":false,"boss_relics":[],"items_purged_floors":[],"is_endless":false,"potions_floor_spawned":[5,11],"killed_by":"Hexaghost","ascension_level":20}