{"gold_per_floor":[114,46,46,57,74,74,99,99,99,134,152,168,182,200,200,295,295,311,311,36,46,61,61,77,77,129,142,142,43,43,75,75,178,178,196,247,258,274,274,274,274],"floor_reached":41,"playtime":1633,"items_purged":["Strike_B"],"score":489,"play_id":"258972d4-d203-416a-9a23-5bbc541a3c61","local_time":"20180802200702","is_ascension_mode":true,"campfire_choices":[{"data":"Defragment","floor":6,"key":"SMITH"},{"data":"Coolheaded","floor":8,"key":"SMITH"},{"data":"Redo","floor":15,"key":"SMITH"},{"data":"Reboot","floor":23,"key":"SMITH"},{"data":"Streamline","floor":25,"key":"SMITH"},{"data":"Conserve Battery","floor":28,"key":"SMITH"},{"floor":32,"key":"REST"},{"floor":40,"key":"REST"}],"neow_cost":"NONE","seed_source_timestamp":8440138310197,"circlet_count":0,"master_deck":["Strike_B","Strike_B","Defend_B","Defend_B","Defend_B","Defend_B","Zap+1","Dualcast","Streamline+1","Defragment+1","Conserve Battery+1","All For One","Coolheaded+1","Cold Snap","Redo+1","Recycle","Reboot+1","Go for the Eyes+1","Melter","Defragment+1","Ball Lightning","Self Repair+1","Undo+1","Scrape","Redo","Leap","Electrodynamics","Darkness+1","Steam Power+1","Stack+1"],"relics":["Cracked Core","NeowsBlessing","Bronze Scales","Blue Candle","Shuriken","Sozu","DollysMirror","Boot","Orichalcum","Girya"],"potions_floor_usage":[7,16,27,33],"damage_taken":[{"damage":0,"enemies":"Cultist","floor":1,"turns":1},{"damage":0,"enemies":"Jaw Worm","floor":4,"turns":1},{"damage":0,"enemies":"2 Louse","floor":5,"turns":1},{"damage":18,"enemies":"Gremlin Nob","floor":7,"turns":3},{"damage":8,"enemies":"Lagavulin","floor":10,"turns":5},{"damage":0,"enemies":"Red Slaver","floor":11,"turns":3},{"damage":9,"enemies":"Blue Slaver","floor":12,"turns":3},{"damage":6,"enemies":"Looter","floor":13,"turns":3},{"damage":4,"enemies":"2 Fungi Beasts","floor":14,"turns":3},{"damage":29,"enemies":"Hexaghost","floor":16,"turns":8},{"damage":0,"enemies":"Shell Parasite","floor":18,"turns":4},{"damage":0,"enemies":"Spheric Guardian","floor":21,"turns":2},{"damage":16,"enemies":"Centurion and Healer","floor":22,"turns":5},{"damage":3,"enemies":"Snake Plant","floor":24,"turns":3},{"damage":3,"enemies":"Cultist and Chosen","floor":27,"turns":3},{"damage":9,"enemies":"Book of Stabbing","floor":31,"turns":5},{"damage":29,"enemies":"Champ","floor":33,"turns":10},{"damage":0,"enemies":"3 Shapes","floor":35,"turns":3},{"damage":32,"floor":36,"turns":5},{"damage":11,"enemies":"Orb Walker","floor":37,"turns":4},{"damage":19,"enemies":"Maw","floor":38,"turns":6},{"damage":47,"enemies":"Transient","floor":41,"turns":5}],"seed_played":"-7547582241043200235","potions_obtained":[{"floor":1,"key":"Energy Potion"},{"floor":4,"key":"SteroidPotion"},{"floor":14,"key":"GamblersBrew"},{"floor":16,"key":"PowerPotion"}],"is_trial":false,"path_per_floor":["M","$","?","M","M","R","E","R","T","E","M","M","M","M","R","B",null,"M","?","$","M","M","R","M","R","T","M","R","$","?","E","R","B",null,"M","?","M","M","?","R"],"character_chosen":"DEFECT","items_purchased":["Defragment","DollysMirror","Scrape","Redo"],"campfire_rested":2,"item_purchase_floors":[2,20,29,29],"current_hp_per_floor":[75,75,75,75,75,75,57,57,57,49,49,40,34,30,30,1,75,75,75,75,75,59,59,56,56,56,53,53,53,53,54,75,56,75,75,43,32,23,23,45,0],"gold":274,"neow_bonus":"THREE_ENEMY_KILL","is_prod":false,"is_daily":false,"chose_seed":false,"campfire_upgraded":6,"win_rate":0,"timestamp":1533251222,"path_taken":["M","$","?","?","?","R","E","R","T","E","M","M","M","M","R","BOSS","M","?","$","M","M","R","M","R","T","M","R","$","?","E","R","BOSS","M","?","M","M","?","R","M"],"build_version":"2018-07-12","purchased_purges":1,"victory":false,"max_hp_per_floor":[75,75,75,75,75,75,75,75,75,75,75,75,75,75,75,75,75,75,75,75,75,75,75,75,75,75,75,75,75,75,75,75,75,75,75,75,75,75,75,75,75],"card_choices":[{"not_picked":["Static Discharge","Compile Driver"],"picked":"Streamline","floor":1},{"not_picked":["Hologram","Coolheaded"],"picked":"Conserve Battery","floor":4},{"not_picked":["Rebound","Conserve Battery"],"picked":"All For One","floor":5},{"not_picked":["Barrage","Steam Power"],"picked":"Coolheaded","floor":7},{"not_picked":["Turbo","Leap"],"picked":"Cold Snap","floor":10},{"not_picked":["Cold Snap","Self Repair","Streamline"],"picked":"SKIP","floor":11},{"not_picked":["Hello World","Chaos"],"picked":"Redo","floor":12},{"not_picked":["Aggregate","Beam Cell","Force Field"],"picked":"SKIP","floor":13},{"not_picked":["Aggregate","Stack"],"picked":"Recycle","floor":14},{"not_picked":["All For One","Rainbow"],"picked":"Reboot","floor":16},{"not_picked":["Stack","Hologram+1"],"picked":"Go for the Eyes+1","floor":18},{"not_picked":["Barrage","Hologram"],"picked":"Ball Lightning","floor":21},{"not_picked":["Sweeping Beam","Go for the Eyes","Tempest"],"picked":"SKIP","floor":22},{"not_picked":["Sweeping Beam","Go for the Eyes","Tempest"],"picked":"SKIP","floor":22},{"not_picked":["Rip and Tear","Gash"],"picked":"Self Repair+1","floor":24},{"not_picked":["Cold Snap+1","Sweeping Beam"],"picked":"Undo+1","floor":27},{"not_picked":["Turbo","Sunder"],"picked":"Leap","floor":31},{"not_picked":["Biased Cognition","Creative AI"],"picked":"Electrodynamics","floor":33},{"not_picked":["Sunder+1","Ball Lightning"],"picked":"Darkness+1","floor":35},{"not_picked":["Go for the Eyes+1","Double Energy+1"],"picked":"Steam Power+1","floor":36},{"not_picked":["Melter+1","Leap"],"picked":"Stack+1","floor":37},{"not_picked":["Recycle","Stack","Turbo+1"],"picked":"SKIP","floor":38}],"player_experience":422917,"relics_obtained":[{"floor":7,"key":"Bronze Scales"},{"floor":9,"key":"Blue Candle"},{"floor":10,"key":"Shuriken"},{"floor":26,"key":"Boot"},{"floor":31,"key":"Orichalcum"},{"floor":36,"key":"Girya"}],"event_choices":[{"event_name":"Upgrade Shrine","player_choice":"Upgraded","floor":3,"damage_taken":0},{"event_name":"Transmorgrifier","player_choice":"Transform","floor":19,"damage_taken":0},{"event_name":"Vampires","player_choice":"Ignored","floor":30,"damage_taken":0},{"event_name":"Mysterious Sphere","player_choice":"Fight","floor":36,"damage_taken":0},{"event_name":"Match and Keep!","player_choice":"0 cards matched","floor":39,"damage_taken":0}],"boss_relics":[{"not_picked":["Empty Cage","Pandora\u0027s Box"],"picked":"Sozu"},{"not_picked":["Runic Dome","Busted Crown","Coffee Dripper"]}],"items_purged_floors":[20],"is_endless":false,"potions_floor_spawned":[1,4,14,16,24,27,31,33,37],"killed_by":"Transient","ascension_level":3}