{"gold_per_floor":[366,120,138,149,90,120,120,133,160,174,99,99,134,150,150,227,227,239,339,27,27],"floor_reached":21,"playtime":2447,"items_purged":["Strike_R","Strike_R"],"score":378,"play_id":"b3d10bda-ee18-416b-8a1c-6ea95782428f","local_time":"20190430113511","is_ascension_mode":true,"campfire_choices":[{"data":"Immolate","floor":7.0,"key":"SMITH"},{"data":"Dark Embrace","floor":15.0,"key":"SMITH"}],"neow_cost":"PERCENT_DAMAGE","seed_source_timestamp":437058079246874,"circlet_count":0,"master_deck":["AscendersBane","Strike_R","Strike_R","Defend_R","Defend_R+1","Defend_R","Defend_R","Bash","Shrug It Off","Immolate+1","Power Through+1","True Grit","Dark Embrace+1","Feed","Offering","Burning Pact+1","Reaper"],"special_seed":0,"relics":["Burning Blood","Pen Nib","Oddly Smooth Stone","Dream Catcher","Eternal Feather","Gambling Chip","Darkstone Periapt","Membership Card"],"potions_floor_usage":[19],"damage_taken":[{"damage":4.0,"enemies":"2 Louse","floor":1.0,"turns":4.0},{"damage":4.0,"enemies":"Jaw Worm","floor":3.0,"turns":2.0},{"damage":7.0,"enemies":"Small Slimes","floor":4.0,"turns":4.0},{"damage":21.0,"enemies":"Gremlin Nob","floor":6.0,"turns":4.0},{"damage":6.0,"enemies":"3 Louse","floor":8.0,"turns":3.0},{"damage":0.0,"enemies":"Blue Slaver","floor":10.0,"turns":6.0},{"damage":6.0,"enemies":"Lagavulin","floor":13.0,"turns":6.0},{"damage":0.0,"enemies":"2 Fungi Beasts","floor":14.0,"turns":1.0},{"damage":20.0,"enemies":"Slime Boss","floor":16.0,"turns":8.0},{"damage":20.0,"enemies":"2 Thieves","floor":18.0,"turns":4.0},{"damage":39,"enemies":"Colosseum Slavers","floor":19,"turns":6},{"damage":8,"enemies":"Colosseum Nobs","floor":19,"turns":3},{"damage":18,"enemies":"Shell Parasite","floor":21,"turns":10}],"seed_played":"-1268964315148707934","potions_obtained":[{"floor":3.0,"key":"Energy Potion"},{"floor":8.0,"key":"Swift Potion"},{"floor":13.0,"key":"Strength Potion"},{"floor":16.0,"key":"SkillPotion"},{"floor":19,"key":"Strength Potion"}],"is_trial":false,"path_per_floor":["M","$","M","M","$","E","R","M","T","M","?","?","E","M","R","B",null,"M","?","$","M"],"character_chosen":"IRONCLAD","items_purchased":["Immolate","True Grit","Membership Card","Reaper"],"campfire_rested":0,"item_purchase_floors":[2,5,20,20],"current_hp_per_floor":[52,52,54,53,53,38,38,38,38,44,44,21,21,27,27,13,60,49,17,17,0],"gold":27,"neow_bonus":"TWO_FIFTY_GOLD","is_prod":false,"is_daily":false,"chose_seed":false,"campfire_upgraded":2,"win_rate":0,"timestamp":1556595311,"path_taken":["M","$","M","M","$","E","R","M","T","M","?","?","E","M","R","BOSS","M","?","$","M"],"build_version":"2019-01-23","purchased_purges":2,"victory":false,"max_hp_per_floor":[75,75,75,75,75,75,75,75,75,75,75,75,75,75,75,75,75,78,81,81,81],"card_choices":[{"not_picked":["Thunderclap","Seeing Red"],"picked":"Shrug It Off","floor":1.0},{"not_picked":["Reckless Charge","Flame Barrier","Iron Wave"],"picked":"SKIP","floor":3.0},{"not_picked":["Whirlwind","Thunderclap"],"picked":"Power Through","floor":4.0},{"not_picked":["Warcry","True Grit"],"picked":"Dark Embrace","floor":6.0},{"not_picked":["Twin Strike","Warcry","Metallicize"],"picked":"SKIP","floor":8.0},{"not_picked":["Flex","Thunderclap","Carnage"],"picked":"SKIP","floor":10.0},{"not_picked":["Flex","Thunderclap","Carnage"],"picked":"SKIP","floor":10.0},{"not_picked":["Twin Strike","Dual Wield"],"picked":"Feed","floor":13.0},{"not_picked":["Perfected Strike","Infernal Blade","Dual Wield"],"picked":"SKIP","floor":14.0},{"not_picked":["Dark Embrace","Bludgeon"],"picked":"Offering","floor":16.0},{"not_picked":["Armaments","Thunderclap"],"picked":"Burning Pact+1","floor":18.0}],"player_experience":1777506,"relics_obtained":[{"floor":6.0,"key":"Pen Nib"},{"floor":9.0,"key":"Oddly Smooth Stone"},{"floor":13.0,"key":"Dream Catcher"},{"floor":19,"key":"Gambling Chip"},{"floor":19,"key":"Darkstone Periapt"}],"event_choices":[{"cards_removed":["Strike_R"],"damage_healed":0.0,"max_hp_gain":0.0,"max_hp_loss":0.0,"gold_gain":0.0,"event_name":"The Cleric","player_choice":"Card Removal","floor":11.0,"gold_loss":75.0,"damage_taken":0.0},{"damage_healed":0.0,"max_hp_gain":0.0,"max_hp_loss":0.0,"gold_gain":0.0,"event_name":"Shining Light","player_choice":"Entered Light","floor":12.0,"gold_loss":0.0,"damage_taken":23.0,"cards_upgraded":["Defend_R","Power Through"]},{"damage_healed":0,"gold_gain":0,"player_choice":"Fight","damage_taken":0,"max_hp_gain":0,"max_hp_loss":0,"event_name":"Colosseum","floor":19,"gold_loss":0},{"damage_healed":0,"gold_gain":0,"player_choice":"Fought Nobs","damage_taken":0,"max_hp_gain":0,"max_hp_loss":0,"event_name":"Colosseum","floor":19,"gold_loss":0}],"is_beta":false,"boss_relics":[{"not_picked":["Tiny House","Velvet Choker"],"picked":"Eternal Feather"}],"items_purged_floors":[2,20],"is_endless":false,"potions_floor_spawned":[3,8,13,16,19,19],"killed_by":"Shell Parasite","ascension_level":20}