{"gold_per_floor":[119,133,133,152,169,169,195,295,295,295,311,367,367,397,397,497,497,513,513,531,531,251,251],"floor_reached":23,"playtime":758,"items_purged":["Defend_B"],"score":298,"play_id":"b8cd0209-157e-41c2-9bb3-a508dacf18d1","local_time":"20180802044408","is_ascension_mode":true,"campfire_choices":[{"data":"Zap","floor":6,"key":"SMITH"},{"data":"Multi-Cast","floor":13,"key":"SMITH"},{"data":"Rainbow","floor":15,"key":"SMITH"}],"neow_cost":"NONE","seed_source_timestamp":272341050724405,"circlet_count":0,"master_deck":["Strike_B","Strike_B","Defend_B","Defend_B","Defend_B","Zap+1","Dualcast","Ball Lightning","Defragment+1","Ball Lightning","Leap","Multi-Cast+1","Hologram","Rainbow+1","Creative AI","Necronomicurse","Apotheosis"],"relics":["Coffee Dripper","Letter Opener","Cables","Tiny Chest","Juzu Bracelet","Busted Crown","Necronomicon"],"potions_floor_usage":[16,23],"damage_taken":[{"damage":0,"enemies":"Small Slimes","floor":1,"turns":3},{"damage":0,"enemies":"Cultist","floor":2,"turns":2},{"damage":0,"enemies":"2 Louse","floor":4,"turns":2},{"damage":0,"enemies":"Large Slime","floor":5,"turns":4},{"damage":27,"enemies":"Gremlin Nob","floor":7,"turns":4},{"damage":0,"enemies":"Exordium Thugs","floor":11,"turns":3},{"damage":20,"enemies":"Lagavulin","floor":12,"turns":4},{"damage":22,"enemies":"Gremlin Nob","floor":14,"turns":4},{"damage":0,"enemies":"The Guardian","floor":16,"turns":8},{"damage":22,"enemies":"Spheric Guardian","floor":18,"turns":4},{"damage":2,"enemies":"Shell Parasite","floor":20,"turns":3},{"damage":35,"enemies":"Slavers","floor":23,"turns":2}],"seed_played":"8892777792614347547","potions_obtained":[{"floor":4,"key":"LiquidBronze"},{"floor":7,"key":"Energy Potion"},{"floor":11,"key":"SteroidPotion"}],"is_trial":false,"path_per_floor":["M","M","?","M","M","R","E","?","T","?","M","E","R","E","R","B",null,"M","?","M","?","$"],"character_chosen":"DEFECT","items_purchased":["Apotheosis"],"campfire_rested":0,"item_purchase_floors":[22],"current_hp_per_floor":[75,75,75,75,75,75,48,48,48,48,48,28,28,6,6,6,75,53,53,51,35,35,0],"gold":251,"neow_bonus":"BOSS_RELIC","is_prod":false,"is_daily":false,"chose_seed":false,"campfire_upgraded":3,"win_rate":0,"timestamp":1533203048,"path_taken":["M","M","?","M","M","R","E","?","T","?","M","E","R","E","R","BOSS","M","?","M","?","$","E"],"build_version":"2018-08-01","purchased_purges":1,"victory":false,"max_hp_per_floor":[75,75,75,75,75,75,75,75,75,75,75,75,75,75,75,75,75,75,75,75,75,75,75],"card_choices":[{"not_picked":["Barrage","Coolheaded"],"picked":"Ball Lightning","floor":1},{"not_picked":["Streamline","Reprogram"],"picked":"Defragment","floor":2},{"not_picked":["Redo","Stack"],"picked":"Ball Lightning","floor":4},{"not_picked":["Coolheaded","Stack"],"picked":"Leap","floor":5},{"not_picked":["Chill","Cold Snap","Sweeping Beam"],"picked":"SKIP","floor":7},{"not_picked":["Doom and Gloom","Cold Snap","Go for the Eyes"],"picked":"SKIP","floor":11},{"not_picked":["Heatsinks","Fusion"],"picked":"Hologram","floor":12},{"not_picked":["Ball Lightning","Streamline"],"picked":"Rainbow","floor":14},{"not_picked":["Hyperbeam","All For One"],"picked":"Creative AI","floor":16},{"not_picked":["Undo"],"picked":"SKIP","floor":18},{"not_picked":["Streamline"],"picked":"SKIP","floor":20}],"player_experience":236602,"relics_obtained":[{"floor":7,"key":"Letter Opener"},{"floor":9,"key":"Cables"},{"floor":12,"key":"Tiny Chest"},{"floor":14,"key":"Juzu Bracelet"},{"floor":21,"key":"Necronomicon"}],"event_choices":[{"event_name":"Upgrade Shrine","player_choice":"Upgraded","floor":3,"damage_taken":0},{"event_name":"Golden Shrine","player_choice":"Pray","floor":8,"damage_taken":0},{"event_name":"Transmorgrifier","player_choice":"Transform","floor":10,"damage_taken":0},{"event_name":"Bonfire Elementals","player_choice":"BASIC","floor":19,"damage_taken":0},{"event_name":"Cursed Tome","player_choice":"Obtained Book","floor":21,"damage_taken":0}],"is_beta":true,"boss_relics":[{"not_picked":["White Beast Statue","Philosopher\u0027s Stone"],"picked":"Busted Crown"}],"items_purged_floors":[22],"is_endless":false,"potions_floor_spawned":[4,7,11,12],"killed_by":"Slavers","ascension_level":3}