{"gold_per_floor":[365,440,440,318,338,338,350,350,350,364,364,364],"floor_reached":12,"playtime":258,"items_purged":[],"score":82,"play_id":"c8804647-baa2-44c4-b2c6-ea83ae61a495","local_time":"20190516134151","is_ascension_mode":true,"campfire_choices":[{"data":"Zap","floor":6,"key":"SMITH"},{"data":"Genetic Algorithm","floor":8,"key":"SMITH"}],"neow_cost":"PERCENT_DAMAGE","seed_source_timestamp":4589650898100,"circlet_count":0,"master_deck":["Strike_B","Strike_B","Strike_B","Defend_B","Defend_B","Defend_B","Defend_B","Zap+1","Dualcast","Ball Lightning","Conserve Battery","Self Repair+1","Double Energy","Genetic Algorithm+1","Heatsinks"],"relics":["Cracked Core","Bird Faced Urn"],"potions_floor_usage":[12],"damage_taken":[{"damage":1,"enemies":"Cultist","floor":1,"turns":3},{"damage":1,"enemies":"Small Slimes","floor":5,"turns":3},{"damage":3,"enemies":"2 Louse","floor":7,"turns":3},{"damage":33,"enemies":"Exordium Thugs","floor":10,"turns":6},{"damage":59,"enemies":"Gremlin Nob","floor":12,"turns":4}],"seed_played":"-9037162673798609761","potions_obtained":[{"floor":10,"key":"Dexterity Potion"}],"is_trial":false,"path_per_floor":["M","?","?","$","M","R","M","R","T","M","?","E"],"character_chosen":"DEFECT","items_purchased":["Conserve Battery","Self Repair"],"campfire_rested":0,"item_purchase_floors":[4,4],"current_hp_per_floor":[53,42,42,42,48,48,52,52,52,28,28,0],"gold":364,"neow_bonus":"TWO_FIFTY_GOLD","is_prod":false,"is_daily":false,"chose_seed":false,"campfire_upgraded":2,"win_rate":0,"timestamp":1558028511,"path_taken":["M","?","?","$","?","R","M","R","T","M","?","E"],"build_version":"2019-01-23","purchased_purges":0,"victory":false,"max_hp_per_floor":[75,75,75,75,75,75,75,75,75,75,75,75],"card_choices":[{"not_picked":["Barrage","Blizzard"],"picked":"Ball Lightning","floor":1},{"not_picked":["Turbo","Conserve Battery"],"picked":"Double Energy","floor":5},{"not_picked":["Conserve Battery","Cold Snap"],"picked":"Genetic Algorithm","floor":7},{"not_picked":["Steam Power","Rebound"],"picked":"Heatsinks","floor":10}],"player_experience":199280,"relics_obtained":[{"floor":9,"key":"Bird Faced Urn"}],"event_choices":[{"damage_healed":0,"gold_gain":75,"player_choice":"Gather Gold","damage_taken":11,"max_hp_gain":0,"max_hp_loss":0,"event_name":"World of Goop","floor":2,"gold_loss":0},{"cards_removed":["Strike_B"],"damage_healed":0,"gold_gain":0,"player_choice":"Offered Basic","damage_taken":0,"max_hp_gain":0,"max_hp_loss":0,"event_name":"Bonfire Elementals","floor":3,"gold_loss":0},{"damage_healed":0,"gold_gain":0,"player_choice":"Upgraded","damage_taken":0,"max_hp_gain":0,"max_hp_loss":0,"event_name":"Upgrade Shrine","floor":11,"gold_loss":0,"cards_upgraded":["Self Repair"]}],"is_beta":false,"boss_relics":[],"items_purged_floors":[],"is_endless":false,"potions_floor_spawned":[10],"killed_by":"Gremlin Nob","ascension_level":4}