{"gold_per_floor":[117,137,62,10,26,57,57,77,156,185,185],"floor_reached":11,"playtime":425,"items_purged":["Defend_R"],"score":104,"play_id":"ecfaca2b-32e9-4c74-aa47-47ddb328af17","local_time":"20190501211018","is_ascension_mode":true,"campfire_choices":[{"floor":7,"key":"REST"}],"neow_cost":"NONE","seed_source_timestamp":44674527658480,"circlet_count":0,"master_deck":["Strike_R+1","Strike_R+1","Strike_R","Strike_R","Strike_R","Defend_R","Defend_R","Defend_R","Bash","Disarm","Flame Barrier"],"relics":["Burning Blood","Bird Faced Urn","Whetstone","Dodecahedron","Molten Egg 2"],"potions_floor_usage":[6,10],"damage_taken":[{"damage":6,"enemies":"Cultist","floor":1,"turns":3},{"damage":7,"enemies":"Jaw Worm","floor":2,"turns":3},{"damage":7,"enemies":"2 Louse","floor":5,"turns":3},{"damage":58,"enemies":"3 Sentries","floor":6,"turns":13},{"damage":31,"enemies":"Large Slime","floor":8,"turns":8},{"damage":31,"enemies":"Lagavulin","floor":10,"turns":6},{"damage":10,"enemies":"Exordium Thugs","floor":11,"turns":3}],"seed_played":"-7127772666750042605","potions_obtained":[{"floor":1,"key":"Poison Potion"},{"floor":8,"key":"GamblersBrew"}],"is_trial":false,"path_per_floor":["M","M","$","?","M","E","R","M","T","E","M"],"character_chosen":"IRONCLAD","items_purchased":[],"campfire_rested":1,"item_purchase_floors":[],"current_hp_per_floor":[88,87,87,87,86,34,60,35,35,10,0],"gold":185,"neow_bonus":"TEN_PERCENT_HP_BONUS","is_prod":false,"is_daily":false,"chose_seed":false,"campfire_upgraded":0,"win_rate":0,"timestamp":1556763018,"path_taken":["M","?","$","?","M","E","R","?","T","E","M"],"build_version":"2019-01-23","purchased_purges":1,"victory":false,"max_hp_per_floor":[88,88,88,88,88,88,88,88,88,88,88],"card_choices":[{"not_picked":["Blood for Blood","Pummel","Seeing Red"],"picked":"SKIP","floor":1},{"not_picked":["Carnage","Sword Boomerang"],"picked":"Disarm","floor":2},{"not_picked":["Clothesline","Warcry","Flex"],"picked":"SKIP","floor":5},{"not_picked":["Cleave","Pommel Strike","Perfected Strike"],"picked":"SKIP","floor":6},{"not_picked":["Twin Strike","Warcry","Impervious"],"picked":"SKIP","floor":8},{"not_picked":["Headbutt","Immolate"],"picked":"Flame Barrier","floor":10}],"player_experience":122421,"relics_obtained":[{"floor":6,"key":"Whetstone"},{"floor":9,"key":"Dodecahedron"},{"floor":10,"key":"Molten Egg 2"}],"event_choices":[{"damage_healed":0,"gold_gain":0,"player_choice":"Paid Gold","damage_taken":0,"relics_obtained":["Bird Faced Urn"],"max_hp_gain":0,"max_hp_loss":0,"event_name":"WeMeetAgain","floor":4,"gold_loss":52}],"is_beta":false,"boss_relics":[],"items_purged_floors":[3],"is_endless":false,"potions_floor_spawned":[1,8],"killed_by":"Exordium Thugs","ascension_level":5}