{"gold_per_floor":[109,59,234,254,254,283,283,302,302,302,328,338,363,373,373,474,474,493,493,408,116,126,126,156,156,201,13,13,33,33,46,46,46],"floor_reached":33,"playtime":1534,"items_purged":["Strike_R"],"score":487,"play_id":"3a41c7dd-94b1-408a-b340-c67672c3b678","local_time":"20190101154735","is_ascension_mode":true,"campfire_choices":[{"data":"Shockwave","floor":7,"key":"SMITH"},{"data":"Havoc","floor":10,"key":"SMITH"},{"data":"Sentinel","floor":15,"key":"SMITH"},{"data":"Immolate","floor":23,"key":"SMITH"},{"data":"Iron Wave","floor":25,"key":"SMITH"},{"data":"Feed","floor":30,"key":"SMITH"},{"floor":32,"key":"REST"}],"neow_cost":"NONE","seed_source_timestamp":964906497622145,"circlet_count":0,"master_deck":["AscendersBane","Strike_R+1","Strike_R+1","Strike_R+1","Defend_R+1","Defend_R+1","Defend_R+1","Defend_R+1","Bash+1","Headbutt","Thunderclap","Sentinel+1","Shockwave+1","Havoc+1","Shrug It Off","Inflame+1","Armaments+1","Intimidate+1","Offering+1","Spot Weakness+1","Immolate+1","True Grit+1","Iron Wave+1","Feed+1","Feel No Pain+1","Burning Pact+1","Flex+1"],"relics":["Burning Blood","NeowsBlessing","Incense Burner","Frozen Egg 2","Pocketwatch","Toxic Egg 2","Empty Cage","Enchiridion","Pear","Sundial","Vajra"],"potions_floor_usage":[5,11,16,16,24,24],"damage_taken":[{"damage":0,"enemies":"2 Louse","floor":1,"turns":1},{"damage":0,"enemies":"Jaw Worm","floor":4,"turns":1},{"damage":0,"enemies":"3 Sentries","floor":6,"turns":1},{"damage":7,"enemies":"Cultist","floor":8,"turns":5},{"damage":39,"enemies":"Lagavulin","floor":11,"turns":13},{"damage":6,"enemies":"Looter","floor":12,"turns":4},{"damage":8,"enemies":"3 Sentries","floor":13,"turns":5},{"damage":7,"enemies":"Large Slime","floor":14,"turns":6},{"damage":43,"enemies":"Hexaghost","floor":16,"turns":14},{"damage":24,"enemies":"Spheric Guardian","floor":18,"turns":8},{"damage":19,"enemies":"3 Byrds","floor":22,"turns":3},{"damage":14,"enemies":"Book of Stabbing","floor":24,"turns":6},{"damage":7,"enemies":"Centurion and Healer","floor":29,"turns":4},{"damage":6,"enemies":"Snake Plant","floor":31,"turns":3},{"damage":68,"enemies":"Champ","floor":33,"turns":6}],"seed_played":"-6263486264102868581","potions_obtained":[{"floor":4,"key":"Fruit Juice"},{"floor":6,"key":"PowerPotion"},{"floor":8,"key":"BloodPotion"},{"floor":14,"key":"Explosive Potion"},{"floor":16,"key":"EssenceOfSteel"},{"floor":18,"key":"Strength Potion"}],"is_trial":false,"path_per_floor":["M","$","?","M","?","E","R","M","T","R","E","M","E","M","R","B",null,"M","?","?","$","M","R","E","R","T","$","?","M","R","M","R","B"],"character_chosen":"IRONCLAD","items_purchased":["Thunderclap","Spot Weakness+1","Immolate","BloodPotion","Feed","Feel No Pain+1"],"campfire_rested":1,"item_purchase_floors":[2,21,21,21,27,27],"current_hp_per_floor":[78,78,78,80,85,85,85,84,84,84,51,51,49,48,48,19,69,51,35,45,45,32,32,33,33,33,33,33,32,32,36,65,0],"gold":46,"neow_bonus":"THREE_ENEMY_KILL","is_prod":false,"is_daily":false,"chose_seed":false,"campfire_upgraded":6,"win_rate":0,"timestamp":1546375655,"path_taken":["M","$","?","M","?","E","R","M","T","R","E","?","E","M","R","BOSS","M","?","?","$","M","R","E","R","T","$","?","M","R","M","R","BOSS"],"build_version":"2018-12-20","purchased_purges":1,"victory":false,"max_hp_per_floor":[80,80,80,80,85,85,85,85,85,85,85,85,85,85,85,85,85,85,85,95,95,95,95,95,95,95,95,95,95,95,99,99,99],"card_choices":[{"not_picked":["Heavy Blade","Combust"],"picked":"Headbutt","floor":1},{"not_picked":["Sword Boomerang","Power Through"],"picked":"Sentinel","floor":4},{"not_picked":["Hemokinesis","Iron Wave"],"picked":"Shockwave","floor":6},{"not_picked":["Anger","Hemokinesis"],"picked":"Havoc","floor":8},{"not_picked":["Clash","Cleave"],"picked":"Shrug It Off","floor":11},{"not_picked":["Blood for Blood","Clothesline"],"picked":"Inflame+1","floor":12},{"not_picked":["Infernal Blade","Wild Strike"],"picked":"Armaments","floor":13},{"not_picked":["Sword Boomerang","Blood for Blood"],"picked":"Intimidate+1","floor":14},{"not_picked":["Feed","Exhume+1"],"picked":"Offering+1","floor":16},{"not_picked":["Havoc+1","Clash","Hemokinesis"],"picked":"SKIP","floor":18},{"not_picked":["Thunderclap","Uppercut"],"picked":"True Grit+1","floor":22},{"not_picked":["Clash","Disarm+1"],"picked":"Iron Wave","floor":24},{"not_picked":["Flex+1","Blood for Blood"],"picked":"Burning Pact+1","floor":29},{"not_picked":["Anger","Sever Soul"],"picked":"Flex+1","floor":31}],"player_experience":208280,"relics_obtained":[{"floor":6,"key":"Incense Burner"},{"floor":9,"key":"Frozen Egg 2"},{"floor":11,"key":"Pocketwatch"},{"floor":13,"key":"Toxic Egg 2"},{"floor":19,"key":"Enchiridion"},{"floor":24,"key":"Sundial"},{"floor":26,"key":"Vajra"}],"event_choices":[{"damage_healed":0,"gold_gain":175,"player_choice":"AGREE","damage_taken":0,"max_hp_gain":0,"max_hp_loss":0,"event_name":"Liars Game","floor":3,"gold_loss":0,"cards_obtained":["Doubt"]},{"damage_healed":0,"gold_gain":0,"player_choice":"Upgraded","damage_taken":0,"max_hp_gain":0,"max_hp_loss":0,"event_name":"Upgrade Shrine","floor":5,"gold_loss":0,"cards_upgraded":["Bash"]},{"damage_healed":0,"gold_gain":0,"player_choice":"Obtained Book","damage_taken":16,"max_hp_gain":0,"max_hp_loss":0,"event_name":"Cursed Tome","floor":19,"gold_loss":0},{"damage_healed":0,"gold_gain":0,"player_choice":"Obtained Relic","damage_taken":0,"relics_obtained":["Pear"],"max_hp_gain":0,"max_hp_loss":0,"event_name":"Addict","floor":20,"gold_loss":85},{"damage_healed":0,"gold_gain":0,"player_choice":"Simplicity","damage_taken":0,"max_hp_gain":0,"max_hp_loss":0,"event_name":"Back to Basics","floor":28,"gold_loss":0,"cards_upgraded":["Strike_R","Strike_R","Strike_R","Defend_R","Defend_R","Defend_R","Defend_R"]}],"is_beta":false,"boss_relics":[{"not_picked":["Calling Bell","Lizard Tail"],"picked":"Empty Cage"}],"items_purged_floors":[21],"is_endless":false,"potions_floor_spawned":[4,6,8,14,16,18],"killed_by":"Champ","ascension_level":10}