{"gold_per_floor":[111,111,128,145,39,65,78,78,101,101,26,46,46,65,65,138,138,151,171,183,27,27],"floor_reached":22,"playtime":740,"items_purged":["Strike_B"],"score":329,"play_id":"e41570a5-fdfc-4370-b804-bc0a0c288e29","local_time":"20180902083043","is_ascension_mode":true,"campfire_choices":[{"floor":10,"key":"REST"},{"data":"Defragment","floor":13,"key":"SMITH"},{"data":"Defragment","floor":15,"key":"SMITH"}],"neow_cost":"NONE","seed_source_timestamp":87248646366952,"circlet_count":0,"master_deck":["Strike_B","Strike_B","Strike_B","Defend_B","Defend_B","Defend_B","Defend_B","Zap+1","Dualcast","AscendersBane","Rebound","Cold Snap","Darkness","Conserve Battery","Defragment+1","Ball Lightning","Cold Snap","Defragment+1","Consume","Biased Cognition","Go for the Eyes","Conserve Battery","Steam","Self Repair","Conserve Battery"],"relics":["Cracked Core","Potion Belt","Blood Vial","Pen Nib","Runic Pyramid"],"potions_floor_usage":[6,6,16,20,22],"damage_taken":[{"damage":4,"enemies":"Jaw Worm","floor":1,"turns":5},{"damage":10,"enemies":"Small Slimes","floor":3,"turns":3},{"damage":0,"enemies":"Cultist","floor":4,"turns":3},{"damage":22,"enemies":"Gremlin Nob","floor":6,"turns":4},{"damage":22,"enemies":"Lots of Slimes","floor":7,"turns":4},{"damage":9,"enemies":"Red Slaver","floor":12,"turns":2},{"damage":2,"enemies":"2 Fungi Beasts","floor":14,"turns":3},{"damage":16,"enemies":"The Guardian","floor":16,"turns":10},{"damage":0,"enemies":"Spheric Guardian","floor":18,"turns":5},{"damage":29,"enemies":"2 Thieves","floor":19,"turns":5},{"damage":9,"enemies":"Centurion and Healer","floor":20,"turns":8},{"damage":26,"enemies":"Slaver and Parasite","floor":22,"turns":1}],"seed_played":"-1596525618947662107","potions_obtained":[{"floor":3,"key":"Strength Potion"},{"floor":4,"key":"Block Potion"},{"floor":7,"key":"FocusPotion"},{"floor":12,"key":"Strength Potion"},{"floor":18,"key":"FearPotion"},{"floor":19,"key":"Block Potion"},{"floor":20,"key":"Energy Potion"}],"is_trial":false,"path_per_floor":["M","?","M","M","$","E","M","?","T","R","$","M","R","M","R","B",null,"M","M","M","$"],"character_chosen":"DEFECT","items_purchased":["Conserve Battery","Defragment","LiquidBronze","Self Repair","Conserve Battery"],"campfire_rested":1,"item_purchase_floors":[5,5,11,21,21],"current_hp_per_floor":[60,60,50,50,50,28,8,8,8,29,29,22,22,22,22,8,55,57,30,23,23,0],"gold":27,"neow_bonus":"RANDOM_COMMON_RELIC","is_prod":false,"is_daily":false,"chose_seed":false,"campfire_upgraded":2,"win_rate":0,"timestamp":1535887843,"path_taken":["M","?","M","M","$","E","M","?","T","R","$","M","R","M","R","BOSS","M","?","M","?","M"],"build_version":"2018-07-12","purchased_purges":1,"victory":false,"max_hp_per_floor":[71,71,71,71,71,71,71,71,71,71,71,71,71,71,71,71,71,71,71,71,71,71],"card_choices":[{"not_picked":["Gash","Static Discharge"],"picked":"Rebound","floor":1},{"not_picked":["Compile Driver","Gash"],"picked":"Cold Snap","floor":3},{"not_picked":["Storm","Sweeping Beam"],"picked":"Darkness","floor":4},{"not_picked":["Lockon","Sunder"],"picked":"Ball Lightning","floor":6},{"not_picked":["Reinforced Body","Hologram"],"picked":"Cold Snap","floor":7},{"not_picked":["Streamline","Coolheaded"],"picked":"Defragment","floor":12},{"not_picked":["Genetic Algorithm","Static Discharge"],"picked":"Consume","floor":14},{"not_picked":["Hyperbeam","Meteor Strike"],"picked":"Biased Cognition","floor":16},{"not_picked":["Leap","Conserve Battery"],"picked":"Go for the Eyes","floor":18},{"not_picked":["Barrage","BootSequence"],"picked":"Conserve Battery","floor":19},{"not_picked":["Go for the Eyes","Rip and Tear"],"picked":"Steam","floor":20}],"player_experience":797607,"relics_obtained":[{"floor":6,"key":"Blood Vial"},{"floor":9,"key":"Pen Nib"}],"event_choices":[{"event_name":"Living Wall","player_choice":"Grow","floor":2,"damage_taken":0},{"event_name":"Scrap Ooze","player_choice":"unsuccessful","floor":8,"damage_taken":0}],"boss_relics":[{"not_picked":["Tiny House","Empty Cage"],"picked":"Runic Pyramid"}],"items_purged_floors":[21],"is_endless":false,"potions_floor_spawned":[3,4,7,12,18,19,20],"killed_by":"Slaver and Parasite","ascension_level":15}