{"gold_per_floor":[15,25,25,25,44,44,71,71,149,159,159,171,171,203,203,307,307,317,317,317,116,134,134,165,165,165,194,226,7,7,38,38,143,143,159,159,159,174,184,184,214,214,266,378,72,89,106,139,139,139],"floor_reached":51,"playtime":3731,"items_purged":["Writhe","Parasite"],"score":1242,"play_id":"465f9b4d-47ac-4e8f-a1c2-a6af8a4e59d8","local_time":"20190319205644","is_ascension_mode":true,"campfire_choices":[{"data":"Neutralize","floor":6.0,"key":"SMITH"},{"data":"Dash","floor":8.0,"key":"SMITH"},{"floor":11.0,"key":"REST"},{"floor":13.0,"key":"REST"},{"data":"Leg Sweep","floor":15.0,"key":"SMITH"},{"data":"Ghostly","floor":23.0,"key":"SMITH"},{"data":"Ghostly","floor":25.0,"key":"SMITH"},{"floor":32.0,"key":"REST"},{"data":"Ghostly","floor":40.0,"key":"SMITH"},{"data":"Noxious Fumes","floor":42.0,"key":"SMITH"},{"data":"Catalyst","floor":49.0,"key":"SMITH"}],"neow_cost":"NO_GOLD","seed_source_timestamp":587188175756222,"circlet_count":0,"master_deck":["AscendersBane","Defend_G+1","Defend_G+1","Defend_G+1","Defend_G+1","Defend_G+1","Strike_G+1","Strike_G+1","Strike_G+1","Strike_G+1","Survivor","Neutralize+1","Corpse Explosion","Catalyst+1","Dagger Spray","Leg Sweep+1","Dash+1","Dash","Deflect","Flying Knee","Wraith Form v2+1","Heel Hook+1","Ghostly+1","Ghostly+1","Ghostly+1","Ghostly","Ghostly","Quick Slash+1","Crippling Poison","Clumsy","Deadly Poison","Backflip+1","Dagger Spray+1","Noxious Fumes+1","Bullet Time","Sucker Punch+1","Deflect","Noxious Fumes","All Out Attack+1","Poisoned Stab+1","Sadistic Nature","Dodge and Roll+1","Crippling Poison+1","Deflect+1","Leg Sweep","Backstab+1","Noxious Fumes","Wraith Form v2"],"special_seed":0,"relics":["Ring of the Snake","Vajra","Ornamental Fan","The Courier","Cursed Key","Molten Egg 2","PreservedInsect","Centennial Puzzle","Matryoshka","Red Mask","Potion Belt","Pear","Bag of Preparation","Orrery","Pen Nib","MawBank","Bag of Marbles","Torii","ClockworkSouvenir","Gremlin Horn"],"potions_floor_usage":[50,50],"damage_taken":[{"damage":0.0,"enemies":"2 Louse","floor":1.0,"turns":2.0},{"damage":3.0,"enemies":"Jaw Worm","floor":2.0,"turns":5.0},{"damage":7.0,"enemies":"Small Slimes","floor":5.0,"turns":4.0},{"damage":33.0,"enemies":"Gremlin Nob","floor":7.0,"turns":6.0},{"damage":3.0,"enemies":"Looter","floor":10.0,"turns":3.0},{"damage":3.0,"enemies":"Large Slime","floor":12.0,"turns":5.0},{"damage":10.0,"enemies":"Lagavulin","floor":14.0,"turns":6.0},{"damage":27.0,"enemies":"The Guardian","floor":16.0,"turns":13.0},{"damage":0.0,"enemies":"Shell Parasite","floor":18.0,"turns":6.0},{"damage":2.0,"enemies":"Spheric Guardian","floor":22.0,"turns":8.0},{"damage":0.0,"enemies":"Slavers","floor":24.0,"turns":4.0},{"damage":0.0,"enemies":"Masked Bandits","floor":27.0,"turns":3.0},{"damage":4.0,"enemies":"Gremlin Leader","floor":28.0,"turns":5.0},{"damage":13.0,"enemies":"Book of Stabbing","floor":31.0,"turns":6.0},{"damage":31.0,"enemies":"Collector","floor":33.0,"turns":13.0},{"damage":1.0,"enemies":"Orb Walker","floor":35.0,"turns":5.0},{"damage":1.0,"enemies":"3 Darklings","floor":38.0,"turns":5.0},{"damage":0.0,"enemies":"Transient","floor":39.0,"turns":5.0},{"damage":1.0,"enemies":"Nemesis","floor":41.0,"turns":9.0},{"damage":0.0,"enemies":"Mind Bloom Boss Battle","floor":44.0,"turns":7.0},{"damage":0.0,"enemies":"Jaw Worm Horde","floor":46.0,"turns":5.0},{"damage":1.0,"enemies":"Spire Growth","floor":47.0,"turns":5.0},{"damage":0.0,"enemies":"Reptomancer","floor":48.0,"turns":4.0},{"damage":12,"enemies":"Time Eater","floor":50,"turns":12}],"seed_played":"-420317373691006572","potions_obtained":[{"floor":1.0,"key":"EssenceOfSteel"},{"floor":10.0,"key":"SkillPotion"},{"floor":12.0,"key":"GhostInAJar"},{"floor":33.0,"key":"EssenceOfSteel"},{"floor":35.0,"key":"SpeedPotion"},{"floor":39.0,"key":"Strength Potion"},{"floor":47.0,"key":"Poison Potion"}],"is_trial":false,"path_per_floor":["M","M","?","?","M","R","E","R","T","M","R","M","R","E","R","B",null,"M","?","?","$","M","R","E","R","T","?","E","$","?","E","R","B",null,"M","?","?","M","M","R","E","R","T","?","$","M","M","E","R","B",null],"character_chosen":"THE_SILENT","items_purchased":["PreservedInsect","Quick Slash+1","Pear","Dagger Spray+1","Backstab+1","Noxious Fumes","ClockworkSouvenir"],"campfire_rested":3,"item_purchase_floors":[21,21,29,29,45,45,45],"current_hp_per_floor":[63,60,53,58,51,51,18,18,18,15,37,34,56,46,46,19,61,61,37,37,37,35,35,35,35,35,35,31,41,41,28,42,11,38,37,37,37,36,36,36,35,35,35,35,35,35,34,34,34,22],"gold":139,"neow_bonus":"THREE_RARE_CARDS","is_prod":false,"is_daily":false,"chose_seed":false,"campfire_upgraded":8,"win_rate":0,"timestamp":1553054204,"path_taken":["M","M","?","?","M","R","E","R","T","M","R","M","R","E","R","BOSS","M","?","?","$","M","R","E","R","T","?","E","$","?","E","R","BOSS","M","?","?","M","?","R","E","R","T","?","$","M","M","E","R","BOSS"],"build_version":"2019-01-23","purchased_purges":2,"victory":true,"max_hp_per_floor":[70,70,70,75,75,75,75,75,75,75,75,75,75,75,75,75,75,75,37,37,37,37,37,37,37,37,37,37,47,47,47,47,47,47,47,47,47,47,47,47,47,47,47,47,44,44,44,44,44,44],"card_choices":[{"not_picked":["Doppelganger","Storm of Steel"],"picked":"Corpse Explosion","floor":0.0},{"not_picked":["Crippling Poison","Backflip"],"picked":"Catalyst","floor":1.0},{"not_picked":["Accuracy","Bane"],"picked":"Dagger Spray","floor":2.0},{"not_picked":["Skewer","Poisoned Stab"],"picked":"Leg Sweep","floor":5.0},{"not_picked":["Distraction","Deflect"],"picked":"Dash","floor":7.0},{"not_picked":["Dagger Throw","Underhanded Strike"],"picked":"Dash","floor":10.0},{"not_picked":["Expertise","Setup"],"picked":"Deflect","floor":12.0},{"not_picked":["Quick Slash","Outmaneuver"],"picked":"Flying Knee","floor":14.0},{"not_picked":["Glass Knife","Die Die Die"],"picked":"Wraith Form v2","floor":16.0},{"not_picked":["Dagger Spray","Caltrops"],"picked":"Heel Hook+1","floor":18.0},{"not_picked":["Reflex","Blade Dance"],"picked":"Crippling Poison","floor":22.0},{"not_picked":["Blade Dance","Underhanded Strike+1","Prepared"],"picked":"SKIP","floor":24.0},{"not_picked":["Blur","Prepared"],"picked":"Deadly Poison","floor":27.0},{"not_picked":["Choke+1","Grand Finale+1"],"picked":"Backflip+1","floor":28.0},{"not_picked":["Flechettes+1","Acrobatics"],"picked":"Noxious Fumes","floor":31.0},{"not_picked":["Corpse Explosion","Storm of Steel"],"picked":"Bullet Time","floor":33.0},{"not_picked":["Quick Slash+1","Crippling Poison+1"],"picked":"Sucker Punch+1","floor":34.0},{"not_picked":["Skewer+1","Acrobatics"],"picked":"Deflect","floor":34.0},{"not_picked":["Poisoned Stab+1","Dash+1"],"picked":"Noxious Fumes","floor":34.0},{"not_picked":["Quick Slash+1","Setup"],"picked":"All Out Attack+1","floor":34.0},{"not_picked":["Prepared","PiercingWail+1"],"picked":"Poisoned Stab+1","floor":35.0},{"not_picked":["Swift Strike+1","Forethought"],"picked":"Sadistic Nature","floor":36.0},{"not_picked":["Dagger Throw+1","Choke+1"],"picked":"Dodge and Roll+1","floor":38.0},{"not_picked":["Eviscerate+1","Dagger Spray+1"],"picked":"Crippling Poison+1","floor":39.0},{"not_picked":["Dodge and Roll","Poisoned Stab+1"],"picked":"Deflect+1","floor":41.0},{"not_picked":["Acrobatics","Blade Dance"],"picked":"Leg Sweep","floor":44.0},{"not_picked":["Cloak And Dagger+1","Quick Slash+1"],"picked":"Wraith Form v2","floor":46.0},{"not_picked":["Blade Dance+1","Prepared","Masterful Stab+1"],"picked":"SKIP","floor":47.0},{"not_picked":["Endless Agony+1","Corpse Explosion","Slice+1"],"picked":"SKIP","floor":48.0}],"player_experience":508066,"relics_obtained":[{"floor":7.0,"key":"Vajra"},{"floor":9.0,"key":"Ornamental Fan"},{"floor":14.0,"key":"The Courier"},{"floor":24.0,"key":"Centennial Puzzle"},{"floor":26.0,"key":"Matryoshka"},{"floor":27.0,"key":"Red Mask"},{"floor":28.0,"key":"Potion Belt"},{"floor":31.0,"key":"Bag of Preparation"},{"floor":41.0,"key":"Pen Nib"},{"floor":43.0,"key":"MawBank"},{"floor":43.0,"key":"Bag of Marbles"},{"floor":44.0,"key":"Torii"},{"floor":48.0,"key":"Gremlin Horn"}],"event_choices":[{"cards_removed":["Strike_G"],"damage_healed":0.0,"max_hp_gain":0.0,"max_hp_loss":0.0,"gold_gain":0.0,"event_name":"Golden Wing","player_choice":"Card Removal","floor":3.0,"gold_loss":0.0,"damage_taken":7.0},{"damage_healed":0.0,"max_hp_gain":5.0,"max_hp_loss":0.0,"gold_gain":0.0,"event_name":"Big Fish","player_choice":"Donut","floor":4.0,"gold_loss":0.0,"damage_taken":0.0},{"damage_healed":0.0,"max_hp_gain":0.0,"max_hp_loss":38.0,"gold_gain":0.0,"event_name":"Ghosts","player_choice":"Became a Ghost","floor":19.0,"gold_loss":0.0,"damage_taken":0.0,"cards_obtained":["Ghostly","Ghostly","Ghostly","Ghostly","Ghostly"]},{"damage_healed":0.0,"max_hp_gain":0.0,"max_hp_loss":0.0,"gold_gain":0.0,"event_name":"The Mausoleum","player_choice":"Opened","floor":20.0,"gold_loss":0.0,"damage_taken":0.0,"relics_obtained":["Molten Egg 2"],"cards_obtained":["Writhe"]},{"damage_healed":0.0,"max_hp_gain":0.0,"max_hp_loss":0.0,"gold_gain":0.0,"event_name":"Masked Bandits","player_choice":"Fought Bandits","floor":27.0,"gold_loss":0.0,"damage_taken":0.0},{"damage_healed":0.0,"max_hp_gain":0.0,"max_hp_loss":0.0,"gold_gain":0.0,"event_name":"Back to Basics","player_choice":"Simplicity","floor":30.0,"gold_loss":0.0,"damage_taken":0.0,"cards_upgraded":["Defend_G","Defend_G","Defend_G","Defend_G","Defend_G","Strike_G","Strike_G","Strike_G","Strike_G"]},{"damage_healed":0.0,"max_hp_gain":0.0,"max_hp_loss":0.0,"gold_gain":0.0,"event_name":"SensoryStone","player_choice":"Memory 1","floor":36.0,"gold_loss":0.0,"damage_taken":0.0},{"damage_healed":0.0,"max_hp_gain":0.0,"max_hp_loss":0.0,"gold_gain":0.0,"event_name":"Upgrade Shrine","player_choice":"Upgraded","floor":37.0,"gold_loss":0.0,"damage_taken":0.0,"cards_upgraded":["Wraith Form v2"]},{"damage_healed":0.0,"max_hp_gain":0.0,"max_hp_loss":0.0,"gold_gain":0.0,"event_name":"MindBloom","player_choice":"Fight","floor":44.0,"gold_loss":0.0,"damage_taken":0.0}],"is_beta":false,"boss_relics":[{"not_picked":["Tiny House","Astrolabe"],"picked":"Cursed Key"},{"not_picked":["Busted Crown","Calling Bell"],"picked":"Orrery"}],"items_purged_floors":[21,45],"is_endless":false,"potions_floor_spawned":[1,10,12,14,22,24,33,35,39,47],"ascension_level":11}