{"gold_per_floor":[109,129,38,38,53,53,88,88,114,131,131,131,143,170,170,248,248,265,106,119,79,96,96,96,21,97,142,160,160,180,195,195,269,269,280,294,305,305,318,347,347,377,377,395,407,439,449,463,463,463,463],"floor_reached":51,"playtime":3063,"items_purged":["Strike_R"],"score":1606,"play_id":"b011acbc-9010-4185-b9dc-9335c6bfda64","local_time":"20190307214015","is_ascension_mode":true,"campfire_choices":[{"data":"Shockwave","floor":6.0,"key":"SMITH"},{"data":"True Grit","floor":8.0,"key":"SMITH"},{"data":"Body Slam","floor":15.0,"key":"SMITH"},{"data":"Dual Wield","floor":23.0,"key":"SMITH"},{"data":"Burning Pact","floor":29.0,"key":"SMITH"},{"data":"Corruption","floor":32.0,"key":"SMITH"},{"floor":41.0,"key":"RECALL"},{"data":"Barricade","floor":49.0,"key":"SMITH"}],"neow_cost":"NONE","seed_source_timestamp":552297560529935,"circlet_count":0,"master_deck":["AscendersBane","Strike_R","Strike_R","Defend_R+1","Defend_R","Defend_R","Defend_R","Bash","Dropkick","True Grit+1","Discovery+1","Shockwave+1","Body Slam+1","Shrug It Off","Barricade+1","Pommel Strike","Dual Wield+1","Burning Pact+1","Corruption+1","Fiend Fire","Evolve","Disarm+1"],"special_seed":0,"relics":["Burning Blood","NeowsBlessing","War Paint","Bottled Lightning","Omamori","Orichalcum","Runic Pyramid","Tiny Chest","Regal Pillow","Coffee Dripper","Gremlin Horn","Anchor","PreservedInsect","Gambling Chip"],"potions_floor_usage":[],"damage_taken":[{"damage":0.0,"enemies":"Jaw Worm","floor":1.0,"turns":1.0},{"damage":0.0,"enemies":"Cultist","floor":2.0,"turns":1.0},{"damage":0.0,"enemies":"Small Slimes","floor":5.0,"turns":1.0},{"damage":12.0,"enemies":"Lagavulin","floor":7.0,"turns":5.0},{"damage":3.0,"enemies":"3 Louse","floor":10.0,"turns":5.0},{"damage":9.0,"enemies":"Blue Slaver","floor":13.0,"turns":3.0},{"damage":19.0,"enemies":"3 Sentries","floor":14.0,"turns":8.0},{"damage":46.0,"enemies":"Hexaghost","floor":16.0,"turns":12.0},{"damage":12.0,"enemies":"Chosen","floor":18.0,"turns":6.0},{"damage":6.0,"enemies":"Shell Parasite","floor":20.0,"turns":4.0},{"damage":19.0,"enemies":"Snake Plant","floor":22.0,"turns":5.0},{"damage":9.0,"enemies":"Chosen and Byrds","floor":28.0,"turns":6.0},{"damage":0.0,"enemies":"3 Cultists","floor":30.0,"turns":4.0},{"damage":0.0,"enemies":"Sentry and Sphere","floor":31.0,"turns":4.0},{"damage":0.0,"enemies":"Collector","floor":33.0,"turns":2.0},{"damage":0.0,"enemies":"3 Darklings","floor":35.0,"turns":3.0},{"damage":4.0,"enemies":"Orb Walker","floor":36.0,"turns":4.0},{"damage":6.0,"enemies":"Maw","floor":37.0,"turns":4.0},{"damage":17.0,"enemies":"3 Darklings","floor":39.0,"turns":4.0},{"damage":0.0,"enemies":"Giant Head","floor":40.0,"turns":4.0},{"damage":13.0,"enemies":"Reptomancer","floor":42.0,"turns":5.0},{"damage":13.0,"enemies":"Writhing Mass","floor":44.0,"turns":5.0},{"damage":0.0,"enemies":"Transient","floor":45.0,"turns":6.0},{"damage":7.0,"enemies":"Nemesis","floor":46.0,"turns":3.0},{"damage":7.0,"enemies":"4 Shapes","floor":47.0,"turns":6.0},{"damage":13.0,"enemies":"Writhing Mass","floor":48.0,"turns":6.0},{"damage":4,"enemies":"Awakened One","floor":50,"turns":5},{"damage":25,"enemies":"Time Eater","floor":51,"turns":6}],"seed_played":"7775952159458825485","potions_obtained":[{"floor":1.0,"key":"GamblersBrew"},{"floor":2.0,"key":"Strength Potion"},{"floor":13.0,"key":"SteroidPotion"},{"floor":16.0,"key":"Strength Potion"},{"floor":20.0,"key":"Strength Potion"},{"floor":31.0,"key":"SkillPotion"},{"floor":37.0,"key":"FearPotion"},{"floor":38.0,"key":"Energy Potion"},{"floor":39.0,"key":"SkillPotion"},{"floor":42.0,"key":"EssenceOfSteel"},{"floor":46.0,"key":"EssenceOfSteel"}],"is_trial":false,"path_per_floor":["M","M","$","?","M","R","E","R","T","M","?","?","M","E","R","B",null,"M","$","M","$","M","R","?","?","T","T","M","R","M","M","R","B",null,"M","M","M","?","M","E","R","E","T","M","M","E","M","M","R","B","B"],"character_chosen":"IRONCLAD","items_purchased":["Discovery","Dual Wield","Burning Pact"],"campfire_rested":0,"item_purchase_floors":[3,19,21],"current_hp_per_floor":[74,75,75,75,75,75,69,69,69,72,65,65,62,49,49,9,59,53,53,53,53,40,40,40,40,40,40,37,37,43,49,49,55,70,75,75,75,75,64,70,70,63,63,56,62,61,60,53,53,55,30],"gold":463,"neow_bonus":"THREE_ENEMY_KILL","is_prod":false,"is_daily":false,"chose_seed":false,"campfire_upgraded":7,"win_rate":0,"timestamp":1551966015,"path_taken":["M","M","$","?","M","R","E","R","T","?","?","?","M","E","R","BOSS","M","$","M","?","?","R","?","?","T","?","M","R","M","M","R","BOSS","M","M","M","?","M","E","R","E","T","M","M","E","M","M","R","BOSS","BOSS"],"build_version":"2019-01-23","purchased_purges":1,"victory":false,"max_hp_per_floor":[75,75,75,75,75,75,75,75,75,75,75,75,75,75,75,75,75,75,75,75,75,75,75,75,75,75,75,75,75,75,75,75,75,75,75,75,75,75,75,75,75,75,75,75,75,75,75,75,75,75,75],"card_choices":[{"not_picked":["Seeing Red","Uppercut"],"picked":"Dropkick","floor":1.0},{"not_picked":["Perfected Strike","Iron Wave"],"picked":"True Grit","floor":2.0},{"not_picked":["Armaments","Headbutt"],"picked":"Shockwave","floor":5.0},{"not_picked":["Ghostly Armor","Uppercut","Clash"],"picked":"SKIP","floor":7.0},{"not_picked":["Perfected Strike","Anger"],"picked":"Body Slam","floor":10.0},{"not_picked":["Rage","Sword Boomerang"],"picked":"Shrug It Off","floor":13.0},{"not_picked":["Berserk","Perfected Strike","Iron Wave"],"picked":"SKIP","floor":14.0},{"not_picked":["Reaper","Immolate"],"picked":"Barricade","floor":16.0},{"not_picked":["Flex","Headbutt"],"picked":"Pommel Strike","floor":18.0},{"not_picked":["Heavy Blade","Clothesline","Seeing Red"],"picked":"SKIP","floor":20.0},{"not_picked":["Iron Wave","Twin Strike","True Grit"],"picked":"SKIP","floor":22.0},{"not_picked":["Cleave","Havoc","Clash"],"picked":"SKIP","floor":28.0},{"not_picked":["Disarm","Armaments","Hemokinesis+1"],"picked":"SKIP","floor":30.0},{"not_picked":["Flex","Searing Blow"],"picked":"Corruption","floor":31.0},{"not_picked":["Double Tap","Juggernaut"],"picked":"Fiend Fire","floor":33.0},{"not_picked":["Rupture+1","Wild Strike","Sword Boomerang"],"picked":"SKIP","floor":35.0},{"not_picked":["Uppercut+1","Twin Strike"],"picked":"Evolve","floor":36.0},{"not_picked":["Shrug It Off","Carnage","Perfected Strike+1"],"picked":"SKIP","floor":37.0},{"not_picked":["Iron Wave","Flex+1","Shrug It Off"],"picked":"SKIP","floor":39.0},{"not_picked":["Fire Breathing","Wild Strike"],"picked":"Disarm+1","floor":40.0},{"not_picked":["Power Through","Fiend Fire","Rupture"],"picked":"SKIP","floor":42.0},{"not_picked":["Uppercut+1","Perfected Strike","Ghostly Armor"],"picked":"SKIP","floor":44.0},{"not_picked":["Iron Wave","Havoc","Searing Blow+1"],"picked":"SKIP","floor":45.0},{"not_picked":["Searing Blow","Fire Breathing","Bludgeon"],"picked":"SKIP","floor":46.0},{"not_picked":["Flex","Entrench","Blood for Blood"],"picked":"SKIP","floor":47.0},{"not_picked":["Heavy Blade","Dropkick","Sentinel"],"picked":"SKIP","floor":48.0}],"player_experience":1182018,"relics_obtained":[{"floor":4.0,"key":"War Paint"},{"floor":7.0,"key":"Bottled Lightning"},{"floor":14.0,"key":"Orichalcum"},{"floor":26.0,"key":"Tiny Chest"},{"floor":27.0,"key":"Regal Pillow"},{"floor":40.0,"key":"Gremlin Horn"},{"floor":42.0,"key":"Anchor"},{"floor":43.0,"key":"PreservedInsect"},{"floor":46.0,"key":"Gambling Chip"}],"event_choices":[{"damage_healed":0.0,"max_hp_gain":0.0,"max_hp_loss":0.0,"gold_gain":0.0,"event_name":"Wheel of Change","player_choice":"Relic","floor":4.0,"gold_loss":0.0,"damage_taken":0.0},{"cards_removed":["Strike_R"],"damage_healed":0.0,"max_hp_gain":0.0,"max_hp_loss":0.0,"gold_gain":0.0,"event_name":"Golden Wing","player_choice":"Card Removal","floor":11.0,"gold_loss":0.0,"damage_taken":7.0},{"damage_healed":0.0,"max_hp_gain":0.0,"max_hp_loss":0.0,"gold_gain":0.0,"event_name":"WeMeetAgain","player_choice":"Gave Potion","floor":12.0,"gold_loss":0.0,"damage_taken":0.0,"relics_obtained":["Omamori"]},{"damage_healed":0.0,"max_hp_gain":0.0,"max_hp_loss":0.0,"gold_gain":0.0,"event_name":"The Mausoleum","player_choice":"Ignored","floor":24.0,"gold_loss":0.0,"damage_taken":0.0},{"cards_removed":["Strike_R"],"damage_healed":0.0,"max_hp_gain":0.0,"max_hp_loss":0.0,"gold_gain":0.0,"event_name":"Beggar","player_choice":"Gave Gold","floor":25.0,"gold_loss":75.0,"damage_taken":0.0},{"damage_healed":0.0,"max_hp_gain":0.0,"max_hp_loss":0.0,"gold_gain":0.0,"event_name":"Lab","player_choice":"Got Potions","floor":38.0,"gold_loss":0.0,"damage_taken":0.0}],"is_beta":false,"boss_relics":[{"not_picked":["Tiny House","Black Star"],"picked":"Runic Pyramid"},{"not_picked":["Eternal Feather","Black Blood"],"picked":"Coffee Dripper"}],"items_purged_floors":[19],"is_endless":false,"potions_floor_spawned":[1,2,13,16,20,22,31,37,39,40,42,46],"killed_by":"Time Eater","ascension_level":20}