{"gold_per_floor":[114,127,24,24,39,39,54,54,101,7,7,18,47,47,47,126,126,141,60,60,60,79,79,114,114,138,157,170,185,185,212,212,285,285,302,302,318,23,42,42,92,105,154,154,165,165,68,103,103,103],"floor_reached":51,"playtime":1638,"items_purged":["Strike_B"],"score":1608,"play_id":"438ec59c-c205-423c-9b8a-50cfbc4f56e6","local_time":"20180830185019","is_ascension_mode":true,"campfire_choices":[{"data":"Go for the Eyes","floor":6,"key":"SMITH"},{"data":"Consume","floor":8,"key":"SMITH"},{"data":"Dualcast","floor":11,"key":"SMITH"},{"data":"Ball Lightning","floor":15,"key":"SMITH"},{"data":"Capacitor","floor":23,"key":"SMITH"},{"floor":25,"key":"REST"},{"floor":30,"key":"REST"},{"floor":32,"key":"REST"},{"floor":40,"key":"REST"},{"floor":46,"key":"REST"},{"floor":49,"key":"REST"}],"neow_cost":"NONE","seed_source_timestamp":196286800433648,"circlet_count":0,"master_deck":["Strike_B","Strike_B","Defend_B+1","Defend_B","Defend_B","Defend_B","Zap+1","Dualcast+1","AscendersBane","All For One","Go for the Eyes+1","Conserve Battery","Ball Lightning+1","Consume+1","Conserve Battery+1","Leap","Electrodynamics","Buffer","Loop","Capacitor+1","Conserve Battery","Steam","Go for the Eyes+1","Core Surge","Coolheaded","Cold Snap+1","Undo","Cold Snap","Skim","Madness","Madness","Glacier","Barrage","White Noise"],"relics":["Cracked Core","Bag of Preparation","War Paint","Runic Dome","DataDisk","Happy Flower","Dead Branch","Inserter","Emotion Chip","Anchor","Bronze Scales","Bag of Marbles"],"potions_floor_usage":[13,24,31,33,48,48,50],"damage_taken":[{"damage":1,"enemies":"Cultist","floor":1,"turns":3},{"damage":8,"enemies":"2 Louse","floor":2,"turns":3},{"damage":0,"enemies":"Small Slimes","floor":5,"turns":2},{"damage":0,"enemies":"2 Fungi Beasts","floor":7,"turns":3},{"damage":0,"enemies":"Looter","floor":12,"turns":1},{"damage":6,"enemies":"Gremlin Nob","floor":13,"turns":3},{"damage":6,"enemies":"The Guardian","floor":16,"turns":11},{"damage":0,"enemies":"Spheric Guardian","floor":18,"turns":3},{"damage":14,"enemies":"2 Thieves","floor":22,"turns":3},{"damage":24,"enemies":"Slavers","floor":24,"turns":5},{"damage":35,"enemies":"Snecko","floor":27,"turns":6},{"damage":0,"enemies":"Cultist and Chosen","floor":28,"turns":3},{"damage":5,"enemies":"Centurion and Healer","floor":29,"turns":6},{"damage":15,"enemies":"Book of Stabbing","floor":31,"turns":5},{"damage":18,"enemies":"Collector","floor":33,"turns":7},{"damage":0,"enemies":"Orb Walker","floor":35,"turns":3},{"damage":3,"floor":36,"turns":8},{"damage":32,"enemies":"3 Darklings","floor":37,"turns":3},{"damage":0,"enemies":"Spire Growth","floor":39,"turns":7},{"damage":16,"enemies":"Sphere and 2 Shapes","floor":42,"turns":4},{"damage":22,"enemies":"Maw","floor":45,"turns":7},{"damage":0,"enemies":"2 Orb Walkers","floor":48,"turns":5},{"damage":14,"enemies":"Donu and Deca","floor":50,"turns":8}],"seed_played":"-6718414152110233176","potions_obtained":[{"floor":5,"key":"Energy Potion"},{"floor":7,"key":"Strength Potion"},{"floor":16,"key":"SteroidPotion"},{"floor":18,"key":"Dexterity Potion"},{"floor":29,"key":"PowerPotion"},{"floor":31,"key":"FairyPotion"},{"floor":33,"key":"EssenceOfSteel"},{"floor":48,"key":"LiquidBronze"}],"is_trial":false,"path_per_floor":["M","M","$","?","M","R","M","R","T","$","R","M","E","?","R","B",null,"M","$","?","?","M","R","E","R","T","M","M","M","R","E","R","B",null,"M","?","M","$","M","R","?","M","T","?","M","R","$","E","R","B"],"character_chosen":"DEFECT","items_purchased":["Conserve Battery","Poison Potion","Conserve Battery","Leap","Capacitor","Anchor","Undo","Dexterity Potion","Barrage"],"campfire_rested":6,"item_purchase_floors":[3,3,10,10,19,38,38,47,47],"current_hp_per_floor":[63,55,55,55,55,55,55,55,55,55,55,55,49,49,49,43,64,64,64,64,64,50,50,26,47,47,12,12,7,28,13,34,16,57,57,54,22,22,22,43,43,27,27,14,7,28,28,28,49,35],"gold":103,"neow_bonus":"ONE_RANDOM_RARE_CARD","is_prod":false,"is_daily":false,"chose_seed":false,"campfire_upgraded":5,"win_rate":0,"timestamp":1535665819,"path_taken":["M","M","?","?","M","R","M","R","T","$","R","M","E","?","R","BOSS","M","$","?","?","M","R","E","R","T","M","M","M","R","E","R","BOSS","M","?","M","$","M","R","?","?","T","?","?","R","?","E","R","BOSS"],"build_version":"2018-07-12","purchased_purges":1,"victory":true,"max_hp_per_floor":[71,71,71,71,71,71,71,71,71,71,71,71,71,71,71,71,71,71,71,71,71,71,71,71,71,71,71,71,71,71,71,71,71,71,71,71,71,71,71,71,71,71,71,71,71,71,71,71,71,71],"card_choices":[{"not_picked":["Beam Cell","Stack"],"picked":"Go for the Eyes","floor":1},{"not_picked":["Force Field","Go for the Eyes","Aggregate"],"picked":"SKIP","floor":2},{"not_picked":["Force Field","Go for the Eyes","Aggregate"],"picked":"SKIP","floor":2},{"not_picked":["Genetic Algorithm","Barrage"],"picked":"Ball Lightning","floor":5},{"not_picked":["Steam","Loop"],"picked":"Consume","floor":7},{"not_picked":["Stack","Aggregate","Barrage"],"picked":"SKIP","floor":12},{"not_picked":["Skim","Rebound"],"picked":"Electrodynamics","floor":13},{"not_picked":["Multi-Cast","Fission"],"picked":"Buffer","floor":16},{"not_picked":["Aggregate","Rebound"],"picked":"Loop","floor":18},{"not_picked":["Sweeping Beam+1","Ball Lightning","Beam Cell"],"picked":"SKIP","floor":22},{"not_picked":["Static Discharge+1","Lockon","Loop"],"picked":"SKIP","floor":24},{"not_picked":["Redo","Beam Cell"],"picked":"Conserve Battery","floor":27},{"not_picked":["Compile Driver","Beam Cell"],"picked":"Steam","floor":28},{"not_picked":["Fission","Steam","Recycle"],"picked":"SKIP","floor":29},{"not_picked":["Ball Lightning","Beam Cell+1"],"picked":"Go for the Eyes+1","floor":31},{"not_picked":["Reboot","Meteor Strike"],"picked":"Core Surge","floor":33},{"not_picked":["Melter","Go for the Eyes+1"],"picked":"Coolheaded","floor":35},{"not_picked":["Go for the Eyes","Barrage"],"picked":"Cold Snap+1","floor":37},{"not_picked":["Sweeping Beam","Melter"],"picked":"Cold Snap","floor":39},{"not_picked":["Sunder","Machine Learning"],"picked":"Skim","floor":42},{"not_picked":["Undo","Reprogram"],"picked":"Glacier","floor":45},{"not_picked":["Hologram","Turbo+1"],"picked":"White Noise","floor":48}],"player_experience":775092,"relics_obtained":[{"floor":9,"key":"Bag of Preparation"},{"floor":13,"key":"War Paint"},{"floor":24,"key":"DataDisk"},{"floor":26,"key":"Happy Flower"},{"floor":31,"key":"Dead Branch"},{"floor":36,"key":"Emotion Chip"},{"floor":43,"key":"Bronze Scales"},{"floor":48,"key":"Bag of Marbles"}],"event_choices":[{"event_name":"Living Wall","player_choice":"Grow","floor":4,"damage_taken":0},{"event_name":"Bonfire Elementals","player_choice":"BASIC","floor":14,"damage_taken":0},{"event_name":"Ghosts","player_choice":"Ignored","floor":20,"damage_taken":0},{"event_name":"The Mausoleum","player_choice":"No","floor":21,"damage_taken":0},{"event_name":"MindBloom","player_choice":"Fight","floor":36,"damage_taken":0},{"event_name":"Golden Shrine","player_choice":"Pray","floor":41,"damage_taken":0},{"event_name":"Winding Halls","player_choice":"Embrace Madness","floor":44,"damage_taken":0}],"boss_relics":[{"not_picked":["Coffee Dripper","FrozenCore"],"picked":"Runic Dome"},{"not_picked":["Runic Pyramid","Lizard Tail"],"picked":"Inserter"}],"items_purged_floors":[38],"is_endless":false,"potions_floor_spawned":[5,7,16,18,29,31,33,42,48],"ascension_level":15}