{"gold_per_floor":[118,138,138,153,78,78,96,96,96,113,113,126,159,159,159,230,230,241,241,166,177,0,0,0,19,19,19,19,19,45,45],"floor_reached":31,"playtime":811,"items_purged":["Strike_R","Strike_R"],"score":506,"play_id":"6975da06-0a80-4089-b333-e40847806e79","local_time":"20190513113409","is_ascension_mode":true,"campfire_choices":[{"data":"Rampage","floor":6.0,"key":"SMITH"},{"data":"Battle Trance","floor":8.0,"key":"SMITH"},{"data":"Barricade","floor":11.0,"key":"SMITH"},{"data":"Body Slam","floor":15.0,"key":"SMITH"},{"data":"Immolate","floor":23.0,"key":"SMITH"},{"data":"Power Through","floor":27,"key":"SMITH"},{"floor":29,"key":"REST"}],"neow_cost":"NONE","seed_source_timestamp":1562362889682022,"circlet_count":0,"master_deck":["AscendersBane","Defend_R","Defend_R","Defend_R","Defend_R","Bash","Barricade+1","Rampage+1","Battle Trance+1","Disarm","Feel No Pain","Body Slam+1","Immolate+1","Power Through+1"],"special_seed":0,"relics":["Burning Blood","Pantograph","Darkstone Periapt","Empty Cage","PreservedInsect","Matryoshka","Smiling Mask"],"potions_floor_usage":[30,30],"damage_taken":[{"damage":9.0,"enemies":"2 Louse","floor":1.0,"turns":3.0},{"damage":5.0,"enemies":"Small Slimes","floor":2.0,"turns":4.0},{"damage":7.0,"enemies":"Jaw Worm","floor":4.0,"turns":3.0},{"damage":13.0,"enemies":"3 Louse","floor":7.0,"turns":4.0},{"damage":22.0,"enemies":"Exordium Wildlife","floor":10.0,"turns":4.0},{"damage":18.0,"enemies":"Exordium Thugs","floor":12.0,"turns":6.0},{"damage":21.0,"enemies":"Lagavulin","floor":13.0,"turns":6.0},{"damage":31.0,"enemies":"The Guardian","floor":16.0,"turns":13.0},{"damage":42.0,"enemies":"Shell Parasite","floor":18.0,"turns":6.0},{"damage":9.0,"enemies":"Spheric Guardian","floor":21.0,"turns":5.0},{"damage":9,"enemies":"Centurion and Healer","floor":25,"turns":7},{"damage":34,"enemies":"Slavers","floor":30,"turns":3},{"damage":16,"enemies":"Shelled Parasite and Fungi","floor":31,"turns":1}],"seed_played":"7626630640261557719","potions_obtained":[{"floor":1.0,"key":"LiquidBronze"},{"floor":2.0,"key":"FearPotion"},{"floor":18.0,"key":"Energy Potion"},{"floor":25,"key":"Swift Potion"}],"is_trial":false,"path_per_floor":["M","M","?","M","$","R","M","R","T","M","R","M","E","?","R","B",null,"M","?","?","M","$","R","?","M","T","R","T","R","E","M"],"character_chosen":"IRONCLAD","items_purchased":["Power Through"],"campfire_rested":1,"item_purchase_floors":[22],"current_hp_per_floor":[65,66,66,65,65,65,58,58,58,42,42,30,15,15,15,15,60,24,24,24,21,21,21,21,18,18,18,18,40,12,0],"gold":45,"neow_bonus":"ONE_RANDOM_RARE_CARD","is_prod":false,"is_daily":false,"chose_seed":false,"campfire_upgraded":6,"win_rate":0,"timestamp":1557718449,"path_taken":["M","M","?","M","$","R","M","R","T","M","R","M","E","?","R","BOSS","M","?","?","?","$","R","?","M","T","R","?","R","E","M"],"build_version":"2019-01-23","purchased_purges":2,"victory":false,"max_hp_per_floor":[75,75,75,75,75,75,75,75,75,75,75,75,75,75,75,75,75,75,75,75,75,75,75,75,75,75,75,75,75,75,75],"card_choices":[{"not_picked":["Seeing Red","Havoc"],"picked":"True Grit","floor":1.0},{"not_picked":["Headbutt","Shrug It Off"],"picked":"Rampage","floor":2.0},{"not_picked":["Warcry","Clothesline","Dual Wield"],"picked":"SKIP","floor":4.0},{"not_picked":["Hemokinesis","Pummel"],"picked":"Disarm","floor":7.0},{"not_picked":["Anger","Iron Wave","Clash"],"picked":"SKIP","floor":10.0},{"not_picked":["Warcry","Carnage"],"picked":"Feel No Pain","floor":12.0},{"not_picked":["Pommel Strike","Blood for Blood"],"picked":"Body Slam","floor":13.0},{"not_picked":["Exhume","Barricade"],"picked":"Immolate","floor":16.0},{"not_picked":["Clash","Cleave","Clothesline"],"picked":"SKIP","floor":18.0},{"not_picked":["Twin Strike","Flex","Iron Wave"],"picked":"SKIP","floor":21.0},{"not_picked":["Wild Strike","Armaments","Carnage"],"picked":"SKIP","floor":25},{"not_picked":["Clash","Perfected Strike","Berserk"],"picked":"SKIP","floor":30}],"player_experience":1948756,"relics_obtained":[{"floor":9.0,"key":"Pantograph"},{"floor":13.0,"key":"Darkstone Periapt"},{"floor":26,"key":"PreservedInsect"},{"floor":28,"key":"Matryoshka"},{"floor":30,"key":"Smiling Mask"}],"event_choices":[{"damage_healed":0.0,"max_hp_gain":0.0,"max_hp_loss":0.0,"gold_gain":0.0,"cards_transformed":["True Grit"],"event_name":"Living Wall","player_choice":"Change","floor":3.0,"gold_loss":0.0,"damage_taken":0.0,"cards_obtained":["Battle Trance"]},{"damage_healed":0.0,"max_hp_gain":0.0,"max_hp_loss":0.0,"gold_gain":0.0,"event_name":"Liars Game","player_choice":"Ignored","floor":14.0,"gold_loss":0.0,"damage_taken":0.0},{"damage_healed":0.0,"max_hp_gain":0.0,"max_hp_loss":0.0,"gold_gain":0.0,"event_name":"The Mausoleum","player_choice":"Ignored","floor":19.0,"gold_loss":0.0,"damage_taken":0.0},{"cards_removed":["Strike_R"],"damage_healed":0.0,"max_hp_gain":0.0,"max_hp_loss":0.0,"gold_gain":0.0,"event_name":"Beggar","player_choice":"Gave Gold","floor":20.0,"gold_loss":75.0,"damage_taken":0.0},{"damage_healed":0.0,"max_hp_gain":0.0,"max_hp_loss":0.0,"gold_gain":0.0,"event_name":"Cursed Tome","player_choice":"Ignored","floor":24.0,"gold_loss":0.0,"damage_taken":0.0}],"is_beta":false,"boss_relics":[{"not_picked":["Runic Pyramid","Philosopher\u0027s Stone"],"picked":"Empty Cage"}],"items_purged_floors":[5,22],"is_endless":false,"potions_floor_spawned":[1,2,7,18,25],"killed_by":"Shelled Parasite and Fungi","ascension_level":20}