{"gold_per_floor":[115,115,134,59,59,88,4,4,4,4,36,36,56,70,70,70],"floor_reached":16,"playtime":356,"items_purged":["Strike_R"],"score":266,"play_id":"498fcb1b-7b05-4ea6-8681-0af236ae14de","local_time":"20190227191201","is_ascension_mode":true,"campfire_choices":[{"data":"Entrench","floor":15.0,"key":"SMITH"}],"neow_cost":"NONE","seed_source_timestamp":593217251794299,"circlet_count":0,"master_deck":["AscendersBane","Strike_R","Strike_R","Strike_R","Defend_R","Defend_R+1","Defend_R","Defend_R","Bash","Uppercut+1","Power Through","Burning Pact+1","Entrench+1"],"special_seed":0,"relics":["Burning Blood","NeowsBlessing","Strawberry","The Courier","PreservedInsect"],"potions_floor_usage":[16],"damage_taken":[{"damage":0.0,"enemies":"Cultist","floor":1.0,"turns":1.0},{"damage":0.0,"enemies":"2 Louse","floor":3.0,"turns":1.0},{"damage":0.0,"enemies":"Lagavulin","floor":6.0,"turns":1.0},{"damage":47.0,"enemies":"3 Sentries","floor":11.0,"turns":18.0},{"damage":0.0,"enemies":"Jaw Worm","floor":13.0,"turns":4.0},{"damage":1.0,"enemies":"Looter","floor":14.0,"turns":4.0},{"damage":13,"enemies":"Slime Boss","floor":16,"turns":7}],"seed_played":"-5338588118131613170","potions_obtained":[{"floor":13.0,"key":"Weak Potion"},{"floor":14.0,"key":"SkillPotion"}],"is_trial":false,"path_per_floor":["M","$","M","$","?","E","$","?","T","?","E","$","M","M","R","B"],"character_chosen":"IRONCLAD","items_purchased":["Burning Pact"],"campfire_rested":0,"item_purchase_floors":[7],"current_hp_per_floor":[74,74,75,75,75,82,82,57,57,57,16,16,22,27,27,14],"gold":70,"neow_bonus":"THREE_ENEMY_KILL","is_prod":false,"is_daily":false,"chose_seed":false,"campfire_upgraded":1,"win_rate":0,"timestamp":1551265921,"path_taken":["M","$","M","$","?","E","?","?","T","?","E","$","M","?","R","BOSS"],"build_version":"2019-01-23","purchased_purges":1,"victory":false,"max_hp_per_floor":[75,75,75,75,75,82,82,82,82,82,82,82,82,82,82,82],"card_choices":[{"not_picked":["Thunderclap","Twin Strike","Warcry"],"picked":"SKIP","floor":1.0},{"not_picked":["Blood for Blood","Iron Wave"],"picked":"Uppercut","floor":3.0},{"not_picked":["Heavy Blade","Intimidate"],"picked":"Power Through","floor":6.0},{"not_picked":["Reckless Charge","Wild Strike","Pummel"],"picked":"SKIP","floor":11.0},{"not_picked":["Twin Strike","Bloodletting","Heavy Blade"],"picked":"SKIP","floor":13.0},{"not_picked":["Thunderclap","Burning Pact"],"picked":"Entrench","floor":14.0}],"player_experience":1087142,"relics_obtained":[{"floor":6.0,"key":"Strawberry"},{"floor":9.0,"key":"The Courier"},{"floor":11.0,"key":"PreservedInsect"}],"event_choices":[{"damage_healed":0.0,"max_hp_gain":0.0,"max_hp_loss":0.0,"gold_gain":0.0,"event_name":"Upgrade Shrine","player_choice":"Upgraded","floor":5.0,"gold_loss":0.0,"damage_taken":0.0,"cards_upgraded":["Uppercut"]},{"damage_healed":0.0,"max_hp_gain":0.0,"max_hp_loss":0.0,"gold_gain":0.0,"event_name":"Shining Light","player_choice":"Entered Light","floor":8.0,"gold_loss":0.0,"damage_taken":25.0,"cards_upgraded":["Burning Pact","Defend_R"]},{"cards_removed":["Strike_R"],"damage_healed":0.0,"max_hp_gain":0.0,"max_hp_loss":0.0,"gold_gain":0.0,"event_name":"Bonfire Elementals","player_choice":"Offered Basic","floor":10.0,"gold_loss":0.0,"damage_taken":0.0}],"is_beta":false,"boss_relics":[],"items_purged_floors":[4],"is_endless":false,"potions_floor_spawned":[13,14],"killed_by":"Slime Boss","ascension_level":20}