{"gold_per_floor":[111,131,151,251,251,283,283,294,294,319,319],"floor_reached":11,"playtime":299,"items_purged":[],"score":80,"play_id":"c26402e5-f083-4863-a193-32ebe8ff0785","local_time":"20180806034031","is_ascension_mode":true,"campfire_choices":[{"data":"Immolate","floor":7,"key":"SMITH"}],"neow_cost":"NONE","seed_source_timestamp":58804978791548,"circlet_count":0,"master_deck":["Strike_R","Strike_R","Strike_R","Strike_R","Strike_R","Defend_R","Defend_R","Defend_R","Defend_R+1","Bash","Double Tap+1","Flex","Flex","Immolate+1","Seeing Red"],"relics":["Burning Blood","Omamori","Boot","Bag of Marbles"],"potions_floor_usage":[],"damage_taken":[{"damage":10,"enemies":"2 Louse","floor":1,"turns":4},{"damage":6,"enemies":"Cultist","floor":2,"turns":3},{"damage":0,"enemies":"Small Slimes","floor":3,"turns":3},{"damage":37,"enemies":"Lagavulin","floor":6,"turns":8},{"damage":0,"enemies":"Exordium Wildlife","floor":8,"turns":1},{"damage":45,"enemies":"Gremlin Nob","floor":11,"turns":4}],"seed_played":"3917756323959427130","potions_obtained":[{"floor":2,"key":"Explosive Potion"},{"floor":6,"key":"Energy Potion"}],"is_trial":false,"path_per_floor":["M","M","M","?","?","E","R","M","T","T"],"character_chosen":"IRONCLAD","items_purchased":[],"campfire_rested":0,"item_purchase_floors":[],"current_hp_per_floor":[76,76,80,80,64,33,33,39,39,39,0],"gold":319,"neow_bonus":"ONE_RANDOM_RARE_CARD","is_prod":false,"is_daily":false,"chose_seed":false,"campfire_upgraded":1,"win_rate":0,"timestamp":1533544831,"path_taken":["M","M","M","?","?","E","R","M","T","?","E"],"build_version":"2018-08-01","purchased_purges":0,"victory":false,"max_hp_per_floor":[80,80,80,80,80,80,80,80,80,80,80],"card_choices":[{"not_picked":["Armaments","Rampage","Twin Strike"],"picked":"SKIP","floor":1},{"not_picked":["Body Slam","Havoc"],"picked":"Flex","floor":2},{"not_picked":["Corruption","Second Wind"],"picked":"Flex","floor":3},{"not_picked":["Dark Embrace","Flex"],"picked":"Immolate","floor":6},{"not_picked":["Clothesline","Disarm"],"picked":"Seeing Red","floor":8}],"player_experience":237360,"relics_obtained":[{"floor":6,"key":"Omamori"},{"floor":9,"key":"Boot"},{"floor":10,"key":"Bag of Marbles"}],"event_choices":[{"event_name":"Wheel of Change","player_choice":"Gold","floor":4,"damage_taken":0},{"event_name":"Shining Light","player_choice":"Entered Light","floor":5,"damage_taken":0}],"is_beta":true,"boss_relics":[],"items_purged_floors":[],"is_endless":false,"potions_floor_spawned":[2,6],"killed_by":"Gremlin Nob","ascension_level":2}