{"gold_per_floor":[114,125,141,158,83,83,118,268,268,280,355,40,40,40,40,111,111,125,125,143,49,49,75,75,108,153,165,194,194,174,184,184,184],"floor_reached":33,"playtime":1129,"items_purged":["Strike_R","Doubt"],"score":656,"play_id":"f391c008-bb1c-4f0c-b324-950456a16db8","local_time":"20190512145147","is_ascension_mode":true,"campfire_choices":[{"data":"Body Slam","floor":6.0,"key":"SMITH"},{"data":"Inflame","floor":13.0,"key":"SMITH"},{"data":"Sword Boomerang","floor":15.0,"key":"SMITH"},{"data":"Pommel Strike","floor":24.0,"key":"SMITH"},{"data":"Battle Trance","floor":29.0,"key":"SMITH"},{"data":"Power Through","floor":32.0,"key":"SMITH"}],"neow_cost":"NONE","seed_source_timestamp":0,"circlet_count":0,"master_deck":["AscendersBane","Strike_R","Strike_R","Strike_R","Strike_R","Defend_R","Defend_R","Defend_R","Defend_R","Bash","Body Slam+1","Feel No Pain","Pommel Strike+1","Inflame+1","Sword Boomerang+1","Offering+1","Rampage+1","Power Through+1","Shrug It Off","Double Tap","Battle Trance+1"],"special_seed":0,"relics":["Burning Blood","Vajra","Bottled Tornado","Matryoshka","Medical Kit","Pen Nib","Coffee Dripper","Potion Belt","Mummified Hand","Anchor","Bottled Flame","Prayer Wheel"],"potions_floor_usage":[],"damage_taken":[{"damage":4.0,"enemies":"Small Slimes","floor":1.0,"turns":4.0},{"damage":0.0,"enemies":"2 Louse","floor":2.0,"turns":3.0},{"damage":4.0,"enemies":"Jaw Worm","floor":3.0,"turns":4.0},{"damage":33.0,"enemies":"Large Slime","floor":4.0,"turns":10.0},{"damage":17.0,"enemies":"3 Sentries","floor":7.0,"turns":12.0},{"damage":20.0,"enemies":"Lots of Slimes","floor":10.0,"turns":5.0},{"damage":15.0,"enemies":"Slime Boss","floor":16.0,"turns":8.0},{"damage":14.0,"enemies":"Chosen","floor":18.0,"turns":5.0},{"damage":16.0,"enemies":"3 Byrds","floor":20.0,"turns":4.0},{"damage":43.0,"enemies":"Book of Stabbing","floor":23.0,"turns":4.0},{"damage":6.0,"enemies":"Gremlin Leader","floor":25.0,"turns":5.0},{"damage":1.0,"enemies":"Snake Plant","floor":27.0,"turns":3.0},{"damage":10.0,"enemies":"Slavers","floor":28.0,"turns":5.0},{"damage":3.0,"enemies":"Shelled Parasite and Fungi","floor":31.0,"turns":2.0},{"damage":18,"enemies":"Automaton","floor":33,"turns":4}],"seed_played":"8546815154504959420","potions_obtained":[{"floor":2.0,"key":"Regen Potion"},{"floor":10.0,"key":"Weak Potion"},{"floor":18.0,"key":"FairyPotion"},{"floor":27.0,"key":"Strength Potion"},{"floor":28.0,"key":"Weak Potion"},{"floor":30.0,"key":"SmokeBomb"}],"is_trial":false,"path_per_floor":["M","M","M","M","$","R","E","?","T","M","?","$","R","?","R","B",null,"M","?","M","$","?","E","R","E","T","M","E","R","?","M","R","B"],"character_chosen":"IRONCLAD","items_purchased":["Medical Kit","Power Through","Shrug It Off"],"campfire_rested":0,"item_purchase_floors":[12,21,21],"current_hp_per_floor":[70,75,75,63,63,63,52,52,52,38,27,27,27,16,16,7,58,50,50,40,40,40,13,13,13,13,18,14,14,14,17,17,0],"gold":184,"neow_bonus":"RANDOM_COMMON_RELIC","is_prod":false,"is_daily":false,"chose_seed":false,"campfire_upgraded":6,"win_rate":0,"timestamp":1557643907,"path_taken":["M","M","M","M","$","R","E","?","T","M","?","$","R","?","R","BOSS","M","?","M","$","?","E","R","E","T","?","E","R","?","?","R","BOSS"],"build_version":"2019-01-23","purchased_purges":2,"victory":false,"max_hp_per_floor":[75,75,75,75,75,75,75,75,75,75,75,75,75,75,75,75,75,75,75,75,75,75,75,75,75,75,75,75,75,75,75,75,75],"card_choices":[{"not_picked":["True Grit","Entrench"],"picked":"Body Slam","floor":1.0},{"not_picked":["Clash","Clothesline"],"picked":"Feel No Pain","floor":2.0},{"not_picked":["Infernal Blade","Perfected Strike"],"picked":"Pommel Strike","floor":3.0},{"not_picked":["Dropkick","Combust"],"picked":"Inflame","floor":4.0},{"not_picked":["Armaments","Seeing Red"],"picked":"Sword Boomerang","floor":7.0},{"not_picked":["Inflame","Anger","Bloodletting"],"picked":"SKIP","floor":10.0},{"not_picked":["Brutality","Immolate"],"picked":"Offering","floor":16.0},{"not_picked":["Anger","Metallicize","Rampage"],"picked":"SKIP","floor":18.0},{"not_picked":["Anger","Metallicize","Rampage"],"picked":"SKIP","floor":18.0},{"not_picked":["Havoc","Sever Soul"],"picked":"Rampage+1","floor":20.0},{"not_picked":["Infernal Blade","Bludgeon"],"picked":"Double Tap","floor":23.0},{"not_picked":["Twin Strike+1","Disarm","Sever Soul+1"],"picked":"SKIP","floor":25.0},{"not_picked":["Heavy Blade","Body Slam"],"picked":"Battle Trance","floor":27.0},{"not_picked":["Infernal Blade","Sword Boomerang","Perfected Strike"],"picked":"SKIP","floor":28.0},{"not_picked":["Clash","Wild Strike","Iron Wave"],"picked":"SKIP","floor":31.0},{"not_picked":["Anger","Wild Strike","Havoc"],"picked":"SKIP","floor":31.0}],"player_experience":1943347,"relics_obtained":[{"floor":7.0,"key":"Bottled Tornado"},{"floor":9.0,"key":"Matryoshka"},{"floor":23.0,"key":"Potion Belt"},{"floor":25.0,"key":"Mummified Hand"},{"floor":26.0,"key":"Anchor"},{"floor":26.0,"key":"Bottled Flame"},{"floor":28.0,"key":"Prayer Wheel"}],"event_choices":[{"damage_healed":0.0,"max_hp_gain":0.0,"max_hp_loss":0.0,"gold_gain":150.0,"event_name":"Liars Game","player_choice":"AGREE","floor":8.0,"gold_loss":0.0,"damage_taken":0.0,"cards_obtained":["Doubt"]},{"damage_healed":0.0,"max_hp_gain":0.0,"max_hp_loss":0.0,"gold_gain":75.0,"event_name":"World of Goop","player_choice":"Gather Gold","floor":11.0,"gold_loss":0.0,"damage_taken":11.0},{"damage_healed":0.0,"max_hp_gain":0.0,"max_hp_loss":0.0,"gold_gain":0.0,"event_name":"Scrap Ooze","player_choice":"Success","floor":14.0,"gold_loss":0.0,"damage_taken":11.0,"relics_obtained":["Pen Nib"]},{"damage_healed":0.0,"max_hp_gain":0.0,"max_hp_loss":0.0,"gold_gain":0.0,"event_name":"Vampires","player_choice":"Ignored","floor":19.0,"gold_loss":0.0,"damage_taken":0.0},{"damage_healed":0.0,"max_hp_gain":0.0,"max_hp_loss":0.0,"gold_gain":0.0,"event_name":"Upgrade Shrine","player_choice":"Upgraded","floor":22.0,"gold_loss":0.0,"damage_taken":0.0,"cards_upgraded":["Offering"]},{"damage_healed":0.0,"max_hp_gain":0.0,"max_hp_loss":0.0,"gold_gain":0.0,"event_name":"The Woman in Blue","player_choice":"Bought 1 Potion","floor":30.0,"gold_loss":0.0,"damage_taken":0.0}],"is_beta":false,"boss_relics":[{"not_picked":["Lizard Tail","Eternal Feather"],"picked":"Coffee Dripper"}],"items_purged_floors":[5,12],"is_endless":false,"potions_floor_spawned":[2,10,18,27,28],"killed_by":"Automaton","ascension_level":20}