{"gold_per_floor":[15,35,50,61,88,88,115,125,152,187,207,207,240,258,258,336,336,351,366,366,194,205,218,143,143,143,143,58,58,116,116,116,116],"floor_reached":33,"playtime":1420,"items_purged":["Strike_R"],"score":574,"play_id":"40aaf90e-d9d4-4b01-ac12-23933a56a4c7","local_time":"20190215194935","is_ascension_mode":true,"campfire_choices":[{"data":"True Grit","floor":6.0,"key":"SMITH"},{"data":"Bludgeon","floor":12.0,"key":"SMITH"},{"data":"Body Slam","floor":15.0,"key":"SMITH"},{"data":"Demon Form","floor":25.0,"key":"SMITH"},{"data":"Evolve","floor":27.0,"key":"SMITH"},{"data":"Ghostly","floor":32.0,"key":"SMITH"}],"neow_cost":"NO_GOLD","seed_source_timestamp":2692827943318493,"circlet_count":0,"master_deck":["AscendersBane","Strike_R","Strike_R","Defend_R","Defend_R","Defend_R","Defend_R","Bash","Master of Strategy","Secret Technique","Evolve+1","True Grit+1","Bludgeon+1","Body Slam+1","Pommel Strike+1","Demon Form+1","Sword Boomerang+1","Finesse","Parasite","Ghostly","Ghostly","Ghostly+1"],"special_seed":0,"relics":["Burning Blood","Orichalcum","Art of War","Centennial Puzzle","Happy Flower","Molten Egg 2","Cursed Key","Lantern","Tiny Chest"],"potions_floor_usage":[33,33],"damage_taken":[{"damage":1.0,"enemies":"Cultist","floor":1.0,"turns":3.0},{"damage":7.0,"enemies":"Small Slimes","floor":2.0,"turns":6.0},{"damage":14.0,"enemies":"Jaw Worm","floor":3.0,"turns":6.0},{"damage":9.0,"enemies":"2 Fungi Beasts","floor":4.0,"turns":4.0},{"damage":34.0,"enemies":"Gremlin Nob","floor":7.0,"turns":6.0},{"damage":3.0,"enemies":"Looter","floor":8.0,"turns":4.0},{"damage":10.0,"enemies":"Lagavulin","floor":10.0,"turns":4.0},{"damage":12.0,"enemies":"Large Slime","floor":11.0,"turns":3.0},{"damage":4.0,"enemies":"3 Sentries","floor":13.0,"turns":7.0},{"damage":2.0,"enemies":"2 Fungi Beasts","floor":14.0,"turns":3.0},{"damage":26.0,"enemies":"The Guardian","floor":16.0,"turns":13.0},{"damage":17.0,"enemies":"Shell Parasite","floor":18.0,"turns":4.0},{"damage":5.0,"enemies":"Spheric Guardian","floor":19.0,"turns":3.0},{"damage":17.0,"enemies":"Snake Plant","floor":22.0,"turns":4.0},{"damage":7.0,"enemies":"3 Cultists","floor":23.0,"turns":4.0},{"damage":12.0,"enemies":"Gremlin Leader","floor":30.0,"turns":5.0},{"damage":30,"enemies":"Automaton","floor":33,"turns":8}],"seed_played":"-4359015859126538996","potions_obtained":[{"floor":1.0,"key":"Weak Potion"},{"floor":2.0,"key":"Block Potion"},{"floor":4.0,"key":"FearPotion"},{"floor":8.0,"key":"AttackPotion"},{"floor":10.0,"key":"Swift Potion"},{"floor":19.0,"key":"Swift Potion"},{"floor":22.0,"key":"AttackPotion"},{"floor":23.0,"key":"BloodPotion"},{"floor":30.0,"key":"Dexterity Potion"}],"is_trial":false,"path_per_floor":["M","M","M","M","T","R","E","M","T","E","M","R","E","M","R","B",null,"M","M","?","$","M","M","?","R","T","R","?","$","E","?","R","B"],"character_chosen":"IRONCLAD","items_purchased":["Finesse"],"campfire_rested":0,"item_purchase_floors":[21],"current_hp_per_floor":[73,72,64,61,61,61,33,36,36,32,26,26,28,32,32,12,59,48,49,49,49,38,37,37,37,37,37,37,37,38,37,37,7],"gold":116,"neow_bonus":"RANDOM_COLORLESS_2","is_prod":false,"is_daily":false,"chose_seed":false,"campfire_upgraded":6,"win_rate":0,"timestamp":1550231375,"path_taken":["M","?","M","M","?","R","E","M","T","E","?","R","E","M","R","BOSS","M","?","?","$","M","M","?","R","T","R","?","?","E","?","R","BOSS"],"build_version":"2019-01-23","purchased_purges":1,"victory":false,"max_hp_per_floor":[75,75,75,75,75,75,75,75,75,75,75,75,75,75,75,75,75,75,75,75,75,75,75,75,75,75,75,75,75,75,37,37,37],"card_choices":[{"not_picked":["Inflame","Battle Trance"],"picked":"Evolve","floor":1.0},{"not_picked":["Spot Weakness","Wild Strike"],"picked":"True Grit","floor":2.0},{"not_picked":["Perfected Strike","Armaments","Sentinel"],"picked":"SKIP","floor":3.0},{"not_picked":["Rupture","Wild Strike","Uppercut"],"picked":"SKIP","floor":4.0},{"not_picked":["Havoc","Warcry"],"picked":"Bludgeon","floor":7.0},{"not_picked":["Anger","Flex","Twin Strike"],"picked":"SKIP","floor":8.0},{"not_picked":["Warcry","Wild Strike","Iron Wave"],"picked":"SKIP","floor":10.0},{"not_picked":["Intimidate","Cleave"],"picked":"Body Slam","floor":11.0},{"not_picked":["Iron Wave","Double Tap","Body Slam"],"picked":"SKIP","floor":13.0},{"not_picked":["Warcry","Carnage+1"],"picked":"Pommel Strike+1","floor":14.0},{"not_picked":["Reaper+1","Dark Embrace"],"picked":"Demon Form","floor":16.0},{"not_picked":["Rampage+1","Perfected Strike+1"],"picked":"Sword Boomerang+1","floor":18.0},{"not_picked":["Uppercut+1","Searing Blow+1","Sword Boomerang+1"],"picked":"SKIP","floor":19.0},{"not_picked":["Power Through","Clothesline+1","Disarm+1"],"picked":"SKIP","floor":22.0},{"not_picked":["Flex","Anger+1","Body Slam+1"],"picked":"SKIP","floor":23.0},{"not_picked":["Corruption","Rupture+1","Heavy Blade+1"],"picked":"SKIP","floor":30.0}],"player_experience":904638,"relics_obtained":[{"floor":5.0,"key":"Orichalcum"},{"floor":7.0,"key":"Art of War"},{"floor":9.0,"key":"Centennial Puzzle"},{"floor":10.0,"key":"Happy Flower"},{"floor":13.0,"key":"Molten Egg 2"},{"floor":30.0,"key":"Tiny Chest"}],"event_choices":[{"cards_removed":["Strike_R"],"damage_healed":0.0,"max_hp_gain":0.0,"max_hp_loss":0.0,"gold_gain":0.0,"event_name":"Back to Basics","player_choice":"Elegance","floor":20.0,"gold_loss":0.0,"damage_taken":0.0},{"cards_removed":["Strike_R"],"damage_healed":0.0,"max_hp_gain":0.0,"max_hp_loss":0.0,"gold_gain":0.0,"event_name":"Beggar","player_choice":"Gave Gold","floor":24.0,"gold_loss":75.0,"damage_taken":0.0},{"damage_healed":0.0,"max_hp_gain":0.0,"max_hp_loss":0.0,"gold_gain":0.0,"event_name":"Addict","player_choice":"Obtained Relic","floor":28.0,"gold_loss":85.0,"damage_taken":0.0,"relics_obtained":["Lantern"]},{"damage_healed":0.0,"max_hp_gain":0.0,"max_hp_loss":38.0,"gold_gain":0.0,"event_name":"Ghosts","player_choice":"Became a Ghost","floor":31.0,"gold_loss":0.0,"damage_taken":0.0,"cards_obtained":["Ghostly","Ghostly","Ghostly"]}],"is_beta":false,"boss_relics":[{"not_picked":["Fusion Hammer","Runic Pyramid"],"picked":"Cursed Key"}],"items_purged_floors":[21],"is_endless":false,"potions_floor_spawned":[1,2,4,8,10,19,22,23,30],"killed_by":"Automaton","ascension_level":20}