{"gold_per_floor":[112,112,124,144,69,69,99,99,125,154,173,229,246,266,266,367,367,379,396,396,408,308,339,339,370,370,370,276,276,304,315,315,416,416,436,490,173,193,193,227,33,33,56,71,102,23,23,41,41,41],"floor_reached":50,"playtime":3222,"items_purged":["Strike_B","Strike_B","Defend_B"],"score":596,"play_id":"a9bc6613-fa1f-425d-917f-f04a112f540f","local_time":"20181018233002","is_ascension_mode":true,"campfire_choices":[{"data":"Consume","floor":6,"key":"SMITH"},{"floor":8,"key":"REST"},{"floor":15,"key":"REST"},{"data":"Redo","floor":24,"key":"SMITH"},{"floor":29,"key":"REST"},{"data":"White Noise","floor":32,"key":"SMITH"},{"data":"Redo","floor":42,"key":"SMITH"},{"floor":47,"key":"REST"},{"data":"Echo Form","floor":49,"key":"SMITH"}],"neow_cost":"NONE","seed_source_timestamp":131030316339128,"circlet_count":0,"master_deck":["Strike_B+1","Zap+1","Dualcast","White Noise+1","Consume+1","Static Discharge","Redo+1","Chill","Core Surge","Storm","Coolheaded","Echo Form+1","Reprogram+1","Cold Snap","Sweeping Beam+1","Cold Snap","Blizzard+1","Redo+1","Amplify","BootSequence","Hello World+1","Reboot","Cold Snap+1","Melter+1","Thunder Strike+1","Defragment+1","Mayhem+1","Double Energy+1","Echo Form+1","Static Discharge+1","Scrape+1","Loop+1","Chaos+1"],"relics":["Inserter","CultistMask","Lantern","PreservedInsect","Bag of Preparation","Orrery","Turnip","Mercury Hourglass","Frozen Egg 2","Bronze Scales","War Paint","StoneCalendar","Astrolabe","WingedGreaves","Whetstone","Centennial Puzzle","Omamori","Dream Catcher"],"potions_floor_usage":[30,50],"damage_taken":[{"damage":2,"enemies":"2 Louse","floor":1,"turns":3},{"damage":10,"enemies":"Cultist","floor":3,"turns":4},{"damage":9,"enemies":"Jaw Worm","floor":4,"turns":5},{"damage":28,"enemies":"Gremlin Nob","floor":7,"turns":4},{"damage":26,"enemies":"3 Sentries","floor":10,"turns":6},{"damage":0,"enemies":"Red Slaver","floor":11,"turns":8},{"damage":0,"enemies":"Large Slime","floor":13,"turns":8},{"damage":0,"enemies":"Looter","floor":14,"turns":3},{"damage":31,"enemies":"Slime Boss","floor":16,"turns":10},{"damage":0,"enemies":"Chosen","floor":18,"turns":4},{"damage":10,"enemies":"Spheric Guardian","floor":19,"turns":5},{"damage":6,"enemies":"Snake Plant","floor":21,"turns":7},{"damage":23,"enemies":"Slavers","floor":23,"turns":3},{"damage":17,"enemies":"Gremlin Leader","floor":25,"turns":7},{"damage":11,"enemies":"Book of Stabbing","floor":30,"turns":4},{"damage":0,"enemies":"Chosen and Byrds","floor":31,"turns":4},{"damage":1,"enemies":"Champ","floor":33,"turns":9},{"damage":3,"enemies":"3 Shapes","floor":35,"turns":3},{"damage":36,"enemies":"2 Orb Walkers","floor":36,"turns":5},{"damage":0,"enemies":"Orb Walker","floor":38,"turns":5},{"damage":4,"enemies":"Giant Head","floor":40,"turns":8},{"damage":0,"enemies":"3 Darklings","floor":44,"turns":3},{"damage":9,"enemies":"Nemesis","floor":45,"turns":6},{"damage":9,"enemies":"Jaw Worm Horde","floor":48,"turns":5},{"damage":44,"enemies":"Donu and Deca","floor":50,"turns":4}],"seed_played":"-3966627267254180450","potions_obtained":[{"floor":1,"key":"FocusPotion"},{"floor":3,"key":"Ancient Potion"},{"floor":4,"key":"Energy Potion"},{"floor":14,"key":"SteroidPotion"},{"floor":33,"key":"SkillPotion"}],"is_trial":false,"path_per_floor":["M","?","M","M","$","R","E","R","T","E","M","?","M","M","R","B",null,"M","M","?","M","$","E","R","E","T","?","?","R","E","M","R","B",null,"M","?","$","M","?","E","$","R","T","M","E","$","R","M","R"],"character_chosen":"DEFECT","items_purchased":["Mayhem+1","Whetstone","Static Discharge+1","Loop+1"],"campfire_rested":4,"item_purchase_floors":[37,37,41,46],"current_hp_per_floor":[73,73,63,54,54,54,26,48,48,22,22,22,22,22,44,13,75,75,65,65,59,59,36,36,19,19,19,19,41,30,30,30,29,75,72,36,36,36,41,37,37,37,37,37,28,28,50,41,41,0],"gold":41,"neow_bonus":"BOSS_RELIC","is_prod":false,"is_daily":false,"chose_seed":false,"campfire_upgraded":5,"win_rate":0,"timestamp":1539923402,"path_taken":["M","?","?","M","?","R","E","R","T","E","M","?","M","?","R","BOSS","M","M","?","?","?","E","R","E","T","?","?","R","E","M","R","BOSS","M","?","$","M","?","E","$","R","T","M","E","?","R","M","R","BOSS"],"build_version":"2018-10-18","purchased_purges":3,"victory":false,"max_hp_per_floor":[75,75,75,75,75,75,75,75,75,75,75,75,75,75,75,75,75,75,75,75,75,75,75,75,75,75,75,75,75,75,75,75,75,75,75,75,75,75,75,75,75,75,75,75,75,75,75,75,75,75],"card_choices":[{"not_picked":["Force Field","Cold Snap"],"picked":"White Noise","floor":1},{"not_picked":["Conserve Battery","Tempest"],"picked":"Consume","floor":3},{"not_picked":["Coolheaded","Rip and Tear"],"picked":"Static Discharge","floor":4},{"not_picked":["Steam","Barrage"],"picked":"Redo","floor":7},{"not_picked":["Compile Driver","Streamline"],"picked":"Chill","floor":10},{"not_picked":["Coolheaded","Go for the Eyes"],"picked":"Core Surge","floor":11},{"not_picked":["Ball Lightning","Turbo"],"picked":"Storm","floor":13},{"not_picked":["Conserve Battery","Compile Driver"],"picked":"Coolheaded","floor":14},{"not_picked":["All For One","Fission"],"picked":"Echo Form","floor":16},{"not_picked":["Barrage","Steam Power"],"picked":"Reprogram","floor":17},{"not_picked":["Gash","Compile Driver"],"picked":"Cold Snap","floor":17},{"not_picked":["Ball Lightning","Compile Driver"],"picked":"Sweeping Beam","floor":17},{"not_picked":["Sunder","Rebound"],"picked":"Cold Snap","floor":18},{"not_picked":["Defragment","Reinforced Body"],"picked":"Blizzard+1","floor":19},{"not_picked":["Sweeping Beam","Go for the Eyes"],"picked":"Redo","floor":21},{"not_picked":["Compile Driver+1","Melter+1"],"picked":"Amplify","floor":23},{"not_picked":["Coolheaded","Beam Cell"],"picked":"BootSequence","floor":25},{"not_picked":["Melter","Streamline"],"picked":"Hologram","floor":30},{"not_picked":["Compile Driver","Steam+1"],"picked":"Hello World+1","floor":31},{"not_picked":["Rainbow","All For One"],"picked":"Reboot","floor":33},{"not_picked":["Leap","Streamline","Sunder"],"picked":"SKIP","floor":35},{"not_picked":["Beam Cell","Streamline"],"picked":"Defragment+1","floor":36},{"not_picked":["Sweeping Beam","Barrage+1"],"picked":"Double Energy+1","floor":38},{"not_picked":["Rip and Tear","Steam"],"picked":"Echo Form+1","floor":40},{"not_picked":["Go for the Eyes","Turbo"],"picked":"Scrape+1","floor":44},{"not_picked":["Coolheaded","Stack","Beam Cell"],"picked":"SKIP","floor":45},{"not_picked":["Undo","Hologram"],"picked":"Chaos+1","floor":47},{"not_picked":["Ball Lightning","Undo+1","Gash"],"picked":"SKIP","floor":48}],"player_experience":237659,"relics_obtained":[{"floor":7,"key":"Lantern"},{"floor":9,"key":"PreservedInsect"},{"floor":10,"key":"Bag of Preparation"},{"floor":23,"key":"Turnip"},{"floor":25,"key":"Mercury Hourglass"},{"floor":26,"key":"Frozen Egg 2"},{"floor":30,"key":"StoneCalendar"},{"floor":36,"key":"WingedGreaves"},{"floor":40,"key":"Centennial Puzzle"},{"floor":43,"key":"Omamori"},{"floor":45,"key":"Dream Catcher"}],"event_choices":[{"damage_healed":0,"gold_gain":0,"player_choice":"Trade","damage_taken":0,"relics_obtained":["CultistMask"],"max_hp_gain":0,"max_hp_loss":0,"event_name":"FaceTrader","floor":2,"gold_loss":0},{"damage_healed":0,"gold_gain":56,"player_choice":"Gained Gold","damage_taken":0,"max_hp_gain":0,"max_hp_loss":0,"event_name":"Golden Wing","floor":12,"gold_loss":0},{"cards_removed":["Defend_B"],"damage_healed":0,"gold_gain":0,"player_choice":"Elegance","damage_taken":0,"max_hp_gain":0,"max_hp_loss":0,"event_name":"Back to Basics","floor":20,"gold_loss":0},{"damage_healed":0,"gold_gain":0,"player_choice":"Opened","damage_taken":0,"relics_obtained":["Bronze Scales"],"max_hp_gain":0,"max_hp_loss":0,"event_name":"The Mausoleum","floor":27,"gold_loss":0},{"damage_healed":0,"gold_gain":0,"player_choice":"Paid Gold","damage_taken":0,"relics_obtained":["War Paint"],"max_hp_gain":0,"max_hp_loss":0,"event_name":"WeMeetAgain","floor":28,"gold_loss":94},{"damage_healed":0,"gold_gain":0,"player_choice":"Fight","damage_taken":0,"max_hp_gain":0,"max_hp_loss":0,"event_name":"Mysterious Sphere","floor":36,"gold_loss":0},{"cards_removed":["Hologram"],"damage_healed":5,"gold_gain":0,"player_choice":"Offered Common","damage_taken":0,"max_hp_gain":0,"max_hp_loss":0,"event_name":"Bonfire Elementals","floor":39,"gold_loss":0},{"cards_removed":["Hologram"],"damage_healed":5,"gold_gain":0,"player_choice":"Offered Special","damage_taken":0,"max_hp_gain":0,"max_hp_loss":0,"event_name":"Bonfire Elementals","floor":39,"gold_loss":0}],"is_beta":true,"boss_relics":[{"not_picked":["Velvet Choker","Eternal Feather"],"picked":"Orrery"},{"not_picked":["Pandora\u0027s Box","Runic Dome"],"picked":"Astrolabe"}],"items_purged_floors":[5,22,41],"is_endless":false,"potions_floor_spawned":[1,3,4,14,19,21,25,33,35,40,48],"killed_by":"Donu and Deca","ascension_level":1}