{"gold_per_floor":[119,131,281,28,47,72,72,72,95,109,124,141,175,188,188,188],"floor_reached":16,"playtime":521,"items_purged":["Doubt"],"score":228,"play_id":"f94c1060-bb67-44f4-9ef7-3a79963aeac0","local_time":"20190212010711","is_ascension_mode":true,"campfire_choices":[{"data":"Rampage","floor":7.0,"key":"SMITH"},{"data":"True Grit","floor":15.0,"key":"SMITH"}],"neow_cost":"NONE","seed_source_timestamp":2367426626667236,"circlet_count":0,"master_deck":["AscendersBane","Strike_R","Strike_R","Strike_R","Strike_R","Defend_R","Defend_R","Defend_R","Defend_R","Bash","Rampage+1","Pommel Strike","Master of Strategy","Headbutt","Demon Form","True Grit+1","Evolve","Body Slam"],"special_seed":0,"relics":["Burning Blood","NeowsBlessing","Bronze Scales","Orichalcum","Mango"],"potions_floor_usage":[],"damage_taken":[{"damage":0.0,"enemies":"2 Louse","floor":1.0,"turns":1.0},{"damage":0.0,"enemies":"Jaw Worm","floor":2.0,"turns":1.0},{"damage":0.0,"enemies":"Cultist","floor":5.0,"turns":1.0},{"damage":50.0,"enemies":"Lagavulin","floor":6.0,"turns":7.0},{"damage":0.0,"enemies":"3 Louse","floor":10.0,"turns":3.0},{"damage":10.0,"enemies":"Exordium Thugs","floor":11.0,"turns":4.0},{"damage":5.0,"enemies":"2 Fungi Beasts","floor":12.0,"turns":3.0},{"damage":20.0,"enemies":"3 Sentries","floor":13.0,"turns":7.0},{"damage":9.0,"enemies":"Gremlin Gang","floor":14.0,"turns":4.0},{"damage":30,"enemies":"The Guardian","floor":16,"turns":5}],"seed_played":"-6359048504273628729","potions_obtained":[{"floor":1.0,"key":"SkillPotion"},{"floor":2.0,"key":"SpeedPotion"},{"floor":11.0,"key":"Dexterity Potion"},{"floor":13.0,"key":"Fruit Juice"}],"is_trial":false,"path_per_floor":["M","M","?","$","M","E","R","?","T","M","M","M","E","M","R","B"],"character_chosen":"IRONCLAD","items_purchased":["Master of Strategy"],"campfire_rested":0,"item_purchase_floors":[4],"current_hp_per_floor":[74,75,75,75,75,31,31,31,31,37,33,34,34,36,36,6],"gold":188,"neow_bonus":"THREE_ENEMY_KILL","is_prod":false,"is_daily":false,"chose_seed":false,"campfire_upgraded":2,"win_rate":0,"timestamp":1549904831,"path_taken":["M","M","?","$","M","E","R","?","T","M","M","?","E","M","R","BOSS"],"build_version":"2019-01-23","purchased_purges":1,"victory":false,"max_hp_per_floor":[75,75,75,75,75,75,75,75,75,75,75,75,89,94,94,94],"card_choices":[{"not_picked":["Ghostly Armor","Infernal Blade"],"picked":"Rampage","floor":1.0},{"not_picked":["Sword Boomerang","Reckless Charge"],"picked":"Pommel Strike","floor":2.0},{"not_picked":["Anger","Heavy Blade"],"picked":"Headbutt","floor":5.0},{"not_picked":["Metallicize","Clash","Twin Strike"],"picked":"SKIP","floor":6.0},{"not_picked":["Metallicize","Clash","Twin Strike"],"picked":"SKIP","floor":6.0},{"not_picked":["Sword Boomerang","Rage","Blood for Blood"],"picked":"SKIP","floor":10.0},{"not_picked":["Iron Wave","Headbutt"],"picked":"True Grit","floor":11.0},{"not_picked":["Fire Breathing","Headbutt"],"picked":"Evolve","floor":12.0},{"not_picked":["Demon Form","Armaments","Flex"],"picked":"SKIP","floor":13.0},{"not_picked":["Clothesline","Rupture"],"picked":"Body Slam","floor":14.0}],"player_experience":882843,"relics_obtained":[{"floor":6.0,"key":"Bronze Scales"},{"floor":9.0,"key":"Orichalcum"},{"floor":13.0,"key":"Mango"}],"event_choices":[{"damage_healed":0.0,"max_hp_gain":0.0,"max_hp_loss":0.0,"gold_gain":150.0,"event_name":"Liars Game","player_choice":"AGREE","floor":3.0,"gold_loss":0.0,"damage_taken":0.0,"cards_obtained":["Doubt"]},{"damage_healed":0.0,"max_hp_gain":0.0,"max_hp_loss":0.0,"gold_gain":0.0,"cards_transformed":["Strike_R"],"event_name":"Transmorgrifier","player_choice":"Transformed","floor":8.0,"gold_loss":0.0,"damage_taken":0.0,"cards_obtained":["Demon Form"]}],"is_beta":false,"boss_relics":[],"items_purged_floors":[4],"is_endless":false,"potions_floor_spawned":[1,2,11,13],"killed_by":"The Guardian","ascension_level":20}