{"gold_per_floor":[364,364,374,391,406,406,425,425,504,519,519,519,13,25,25,104,104,122,133,7,7,18,18,18,18,18,30,30,41,41,58,58,131,131,151,151,162,22,33,33,46,46,46,146,166,166,198,211,211,211,211,211,211,77,112,112],"floor_reached":57,"playtime":2100,"items_purged":["Strike_R","Strike_R"],"score":2581,"play_id":"e820da50-b5dd-4aa8-975c-3632ec81475c","local_time":"20190516015843","is_ascension_mode":true,"campfire_choices":[{"data":"True Grit","floor":6.0,"key":"SMITH"},{"data":"Bash","floor":8.0,"key":"SMITH"},{"data":"Battle Trance","floor":11.0,"key":"SMITH"},{"data":"1","floor":15.0,"key":"LIFT"},{"data":"2","floor":23.0,"key":"LIFT"},{"data":"3","floor":28.0,"key":"LIFT"},{"data":"Barricade","floor":30.0,"key":"SMITH"},{"data":"Pommel Strike","floor":32.0,"key":"SMITH"},{"data":"Sword Boomerang","floor":40.0,"key":"SMITH"},{"floor":42.0,"key":"RECALL"},{"data":"Evolve","floor":46.0,"key":"SMITH"},{"data":"Defend_R","floor":49.0,"key":"SMITH"},{"data":"Defend_R","floor":53.0,"key":"SMITH"}],"neow_cost":"PERCENT_DAMAGE","seed_source_timestamp":0,"circlet_count":0,"master_deck":["AscendersBane","Strike_R","Strike_R","Defend_R","Defend_R+1","Defend_R","Defend_R+1","Bash+1","Battle Trance+1","Armaments+1","Limit Break+1","Limit Break+1","True Grit+1","Sword Boomerang+1","Shrug It Off+1","Barricade+1","Pommel Strike+1","Exhume+1","Shrug It Off+1","Second Wind+1","Power Through+1","Warcry+1","Evolve+1","Warcry+1"],"special_seed":0,"relics":["Burning Blood","Toxic Egg 2","Girya","Coffee Dripper","Bird Faced Urn","Pantograph","Eternal Feather","Champion Belt","Bronze Scales"],"potions_floor_usage":[56,56],"damage_taken":[{"damage":7.0,"enemies":"Cultist","floor":1.0,"turns":4.0},{"damage":5.0,"enemies":"Small Slimes","floor":3.0,"turns":5.0},{"damage":7.0,"enemies":"Jaw Worm","floor":4.0,"turns":3.0},{"damage":17.0,"enemies":"Lots of Slimes","floor":5.0,"turns":7.0},{"damage":4.0,"enemies":"3 Louse","floor":7.0,"turns":5.0},{"damage":2.0,"enemies":"Exordium Wildlife","floor":10.0,"turns":5.0},{"damage":12.0,"enemies":"Red Slaver","floor":14.0,"turns":5.0},{"damage":17.0,"enemies":"The Guardian","floor":16.0,"turns":14.0},{"damage":3.0,"enemies":"3 Byrds","floor":18.0,"turns":6.0},{"damage":20.0,"enemies":"2 Thieves","floor":19.0,"turns":5.0},{"damage":37.0,"enemies":"Cultist and Chosen","floor":22.0,"turns":6.0},{"damage":11.0,"enemies":"Snake Plant","floor":27.0,"turns":4.0},{"damage":5.0,"enemies":"Centurion and Healer","floor":29.0,"turns":4.0},{"damage":8.0,"enemies":"Snecko","floor":31.0,"turns":6.0},{"damage":17.0,"enemies":"Automaton","floor":33.0,"turns":5.0},{"damage":24.0,"enemies":"3 Darklings","floor":35.0,"turns":4.0},{"damage":8.0,"enemies":"3 Shapes","floor":37.0,"turns":8.0},{"damage":19.0,"enemies":"3 Darklings","floor":39.0,"turns":5.0},{"damage":5.0,"enemies":"Writhing Mass","floor":41.0,"turns":4.0},{"damage":0.0,"enemies":"Mind Bloom Boss Battle","floor":44.0,"turns":5.0},{"damage":17.0,"enemies":"Jaw Worm Horde","floor":45.0,"turns":4.0},{"damage":4.0,"enemies":"Nemesis","floor":47.0,"turns":7.0},{"damage":21.0,"enemies":"3 Darklings","floor":48.0,"turns":5.0},{"damage":30.0,"enemies":"Donu and Deca","floor":50.0,"turns":7.0},{"damage":61.0,"enemies":"Awakened One","floor":51.0,"turns":7.0},{"damage":38.0,"enemies":"Shield and Spear","floor":55.0,"turns":5.0},{"damage":57,"enemies":"The Heart","floor":56,"turns":9}],"seed_played":"-1093426660069386398","potions_obtained":[{"floor":3.0,"key":"Strength Potion"},{"floor":4.0,"key":"GamblersBrew"},{"floor":5.0,"key":"EssenceOfSteel"},{"floor":16.0,"key":"Weak Potion"},{"floor":18.0,"key":"Weak Potion"},{"floor":19.0,"key":"Poison Potion"},{"floor":33.0,"key":"Fire Potion"},{"floor":37.0,"key":"SpeedPotion"},{"floor":39.0,"key":"Dexterity Potion"},{"floor":45.0,"key":"BloodPotion"}],"is_trial":false,"path_per_floor":["M","?","M","M","M","R","M","R","T","M","R","?","$","M","R","B",null,"M","M","$","?","M","R","T","?","T","M","R","M","R","M","R","B",null,"M","?","M","$","M","R","M","R","T","?","M","R","E","M","R","B","B",null,"R","$","E","B",null],"character_chosen":"IRONCLAD","items_purchased":["Limit Break+1","Girya","Sword Boomerang","Power Through+1","GamblersBrew","Warcry+1"],"campfire_rested":0,"item_purchase_floors":[13,13,20,38,54,54],"current_hp_per_floor":[49,49,50,49,38,38,40,40,40,44,44,44,44,38,38,27,63,66,52,52,52,21,21,21,26,26,21,21,22,22,22,22,38,66,48,48,48,48,35,47,48,60,60,75,66,75,75,69,75,53,22,62,74,74,43,21],"gold":112,"neow_bonus":"TWO_FIFTY_GOLD","is_prod":false,"is_daily":false,"chose_seed":false,"campfire_upgraded":9,"win_rate":0,"timestamp":1557943123,"path_taken":["M","?","M","?","M","R","M","R","T","M","R","?","?","M","R","BOSS","M","M","?","?","M","R","?","?","T","M","R","M","R","M","R","BOSS","M","?","M","$","?","R","M","R","T","?","M","R","E","M","R","BOSS","BOSS","R","$","E","BOSS"],"build_version":"2019-01-23","purchased_purges":2,"victory":true,"max_hp_per_floor":[75,75,75,75,75,75,75,75,75,75,75,75,75,75,75,75,75,75,75,75,75,75,75,75,75,75,75,75,75,75,75,75,75,75,75,75,75,75,75,75,75,75,75,75,75,75,75,75,75,75,75,75,75,75,75,75],"card_choices":[{"not_picked":["Thunderclap","Uppercut"],"picked":"Battle Trance","floor":1.0},{"not_picked":["Pommel Strike","Headbutt","Wild Strike"],"picked":"SKIP","floor":3.0},{"not_picked":["Headbutt","Blood for Blood","Perfected Strike"],"picked":"SKIP","floor":4.0},{"not_picked":["Perfected Strike","Wild Strike"],"picked":"True Grit","floor":5.0},{"not_picked":["Intimidate","Warcry","Corruption"],"picked":"SKIP","floor":7.0},{"not_picked":["Intimidate","Warcry","Corruption"],"picked":"SKIP","floor":7.0},{"not_picked":["Pommel Strike","Reckless Charge"],"picked":"Armaments+1","floor":10.0},{"not_picked":["Anger","Fire Breathing","Cleave"],"picked":"SKIP","floor":14.0},{"not_picked":["Juggernaut","Exhume+1"],"picked":"Limit Break+1","floor":16.0},{"not_picked":["Blood for Blood+1","True Grit+1","Carnage+1"],"picked":"SKIP","floor":18.0},{"not_picked":["Blood for Blood+1","True Grit+1","Carnage+1"],"picked":"SKIP","floor":18.0},{"not_picked":["Wild Strike","Seeing Red+1"],"picked":"True Grit+1","floor":19.0},{"not_picked":["Cleave+1","Iron Wave","Perfected Strike"],"picked":"SKIP","floor":22.0},{"not_picked":["Perfected Strike","Heavy Blade"],"picked":"Shrug It Off+1","floor":27.0},{"not_picked":["Heavy Blade","Clash+1"],"picked":"Barricade","floor":29.0},{"not_picked":["Body Slam","Heavy Blade+1"],"picked":"Pommel Strike","floor":31.0},{"not_picked":["Juggernaut","Bludgeon"],"picked":"Exhume+1","floor":33.0},{"not_picked":["Havoc+1","Flame Barrier+1","Rampage"],"picked":"SKIP","floor":35.0},{"not_picked":["Rampage","Shrug It Off+1"],"picked":"Second Wind+1","floor":37.0},{"not_picked":["Infernal Blade+1","Fire Breathing+1","Thunderclap"],"picked":"SKIP","floor":39.0},{"not_picked":["Shockwave+1","Heavy Blade"],"picked":"Warcry+1","floor":41.0},{"not_picked":["Body Slam","Fiend Fire"],"picked":"Evolve","floor":44.0},{"not_picked":["Wild Strike","Cleave","Anger+1"],"picked":"SKIP","floor":45.0},{"not_picked":["Thunderclap","Double Tap+1","Wild Strike"],"picked":"SKIP","floor":47.0},{"not_picked":["Battle Trance+1","Seeing Red+1","Twin Strike"],"picked":"SKIP","floor":48.0},{"not_picked":["Corruption+1","Warcry+1","Clash"],"picked":"SKIP","floor":55}],"player_experience":1992158,"relics_obtained":[{"floor":9.0,"key":"Toxic Egg 2"},{"floor":24.0,"key":"Bird Faced Urn"},{"floor":26.0,"key":"Pantograph"},{"floor":47.0,"key":"Champion Belt"},{"floor":55,"key":"Bronze Scales"}],"event_choices":[{"cards_removed":["Strike_R"],"damage_healed":0.0,"max_hp_gain":0.0,"max_hp_loss":0.0,"gold_gain":0.0,"event_name":"Purifier","player_choice":"Purged","floor":2.0,"gold_loss":0.0,"damage_taken":0.0},{"damage_healed":0.0,"max_hp_gain":0.0,"max_hp_loss":0.0,"gold_gain":0.0,"event_name":"Scrap Ooze","player_choice":"Fled","floor":12.0,"gold_loss":0.0,"damage_taken":0.0},{"damage_healed":0.0,"max_hp_gain":0.0,"max_hp_loss":0.0,"gold_gain":0.0,"event_name":"Vampires","player_choice":"Ignored","floor":21.0,"gold_loss":0.0,"damage_taken":0.0},{"cards_removed":["True Grit"],"damage_healed":5.0,"max_hp_gain":0.0,"max_hp_loss":0.0,"gold_gain":0.0,"event_name":"Bonfire Elementals","player_choice":"Offered Common","floor":25.0,"gold_loss":0.0,"damage_taken":0.0},{"cards_removed":["True Grit"],"damage_healed":5.0,"max_hp_gain":0.0,"max_hp_loss":0.0,"gold_gain":0.0,"event_name":"Bonfire Elementals","player_choice":"Offered Special","floor":25.0,"gold_loss":0.0,"damage_taken":0.0},{"damage_healed":0.0,"max_hp_gain":0.0,"max_hp_loss":0.0,"gold_gain":0.0,"event_name":"Duplicator","player_choice":"Copied","floor":36.0,"gold_loss":0.0,"damage_taken":0.0,"cards_obtained":["Shrug It Off"]},{"damage_healed":0.0,"max_hp_gain":0.0,"max_hp_loss":0.0,"gold_gain":0.0,"event_name":"MindBloom","player_choice":"Fight","floor":44.0,"gold_loss":0.0,"damage_taken":0.0}],"is_beta":false,"boss_relics":[{"not_picked":["Tiny House","Empty Cage"],"picked":"Coffee Dripper"},{"not_picked":["Mark of Pain","Sozu"],"picked":"Eternal Feather"}],"items_purged_floors":[20,38],"is_endless":false,"potions_floor_spawned":[3,4,5,16,18,19,33,37,39,45],"ascension_level":20}