{"gold_per_floor":[119,135,310,310,81,81,119,119,146,181,202,202,202,222,222,341,341,366,379,379,48,68,107,107,150,232,232,252,252,272,287,287,287],"floor_reached":33,"playtime":1076,"items_purged":["Doubt","Strike_B"],"score":448,"play_id":"d6ca796d-d4cb-412f-ba5e-025284a8e6c0","local_time":"20180804185128","is_ascension_mode":true,"campfire_choices":[{"data":"Zap","floor":6,"key":"SMITH"},{"data":"Consume","floor":8,"key":"SMITH"},{"data":"Darkness","floor":12,"key":"SMITH"},{"data":"Stack","floor":15,"key":"SMITH"},{"floor":24,"key":"REST"},{"floor":27,"key":"REST"},{"floor":29,"key":"REST"},{"data":"Loop","floor":32,"key":"SMITH"}],"neow_cost":"NONE","seed_source_timestamp":2762027440042,"circlet_count":0,"master_deck":["Strike_B","Strike_B","Strike_B","Defend_B","Defend_B","Defend_B","Defend_B","Zap+1","Dualcast+1","Consume+1","Ball Lightning","Cold Snap","Ball Lightning","Leap","Darkness+1","BootSequence","Injury","Stack+1","All For One","Loop+1","Coolheaded+1","Cold Snap+1","Self Repair+1","Steam+1","Streamline+1"],"relics":["Cracked Core","NeowsBlessing","Golden Idol","Gremlin Horn","Bag of Preparation","Dead Branch","Sozu","Bag of Marbles","Singing Bowl","Ornamental Fan","Kunai"],"potions_floor_usage":[23,23],"damage_taken":[{"damage":0,"enemies":"Small Slimes","floor":1,"turns":1},{"damage":0,"enemies":"Cultist","floor":2,"turns":1},{"damage":0,"enemies":"Gremlin Nob","floor":7,"turns":1},{"damage":21,"enemies":"Lagavulin","floor":10,"turns":5},{"damage":0,"enemies":"Jaw Worm","floor":11,"turns":2},{"damage":3,"enemies":"3 Louse","floor":14,"turns":3},{"damage":27,"enemies":"Hexaghost","floor":16,"turns":10},{"damage":1,"enemies":"Spheric Guardian","floor":18,"turns":3},{"damage":0,"enemies":"Shell Parasite","floor":19,"turns":3},{"damage":19,"enemies":"Centurion and Healer","floor":22,"turns":6},{"damage":42,"enemies":"Slavers","floor":23,"turns":5},{"damage":21,"enemies":"Book of Stabbing","floor":25,"turns":4},{"damage":0,"enemies":"Chosen and Byrds","floor":28,"turns":4},{"damage":11,"enemies":"Snake Plant","floor":30,"turns":4},{"damage":0,"enemies":"Centurion and Healer","floor":31,"turns":8},{"damage":66,"enemies":"Champ","floor":33,"turns":9}],"seed_played":"1448032180176868358","potions_obtained":[{"floor":7,"key":"Energy Potion"},{"floor":10,"key":"FearPotion"},{"floor":11,"key":"Ancient Potion"}],"is_trial":false,"path_per_floor":["M","M","?","?","$","R","E","R","T","E","M","R","?","M","R","B",null,"M","M","?","$","M","E","R","E","T","R","M","R","M","M","R"],"character_chosen":"DEFECT","items_purchased":["Cold Snap","Ball Lightning","Leap","Loop","Bag of Marbles"],"campfire_rested":3,"item_purchase_floors":[5,5,5,21,21],"current_hp_per_floor":[68,68,68,68,68,68,68,68,68,47,47,47,47,44,44,17,56,55,55,69,69,50,8,28,9,9,30,30,51,50,60,60,0],"gold":287,"neow_bonus":"THREE_ENEMY_KILL","is_prod":false,"is_daily":false,"chose_seed":false,"campfire_upgraded":5,"win_rate":0,"timestamp":1533419488,"path_taken":["M","M","?","?","$","R","E","R","T","E","M","R","?","M","R","BOSS","M","M","?","?","M","E","R","E","T","R","M","R","M","M","R","BOSS"],"build_version":"2018-07-12","purchased_purges":2,"victory":false,"max_hp_per_floor":[75,75,75,69,69,69,69,69,69,69,69,69,69,69,69,69,69,69,69,69,69,69,69,69,71,71,71,71,71,71,71,71,71],"card_choices":[{"not_picked":["Gash","Tempest"],"picked":"Consume","floor":1},{"not_picked":["Genetic Algorithm","Compile Driver"],"picked":"Ball Lightning","floor":2},{"not_picked":["Streamline","Sweeping Beam"],"picked":"Darkness","floor":7},{"not_picked":["Hologram","Skim"],"picked":"BootSequence","floor":10},{"not_picked":["Turbo","Cold Snap","Aggregate"],"picked":"SKIP","floor":11},{"not_picked":["Rebound","Barrage"],"picked":"Stack","floor":14},{"not_picked":["Core Surge","Buffer"],"picked":"All For One","floor":16},{"not_picked":["Chaos","Storm","Blizzard"],"picked":"SKIP","floor":18},{"not_picked":["Rebound","Cold Snap","Hologram"],"picked":"SKIP","floor":19},{"not_picked":["Beam Cell","Stack"],"picked":"Coolheaded+1","floor":22},{"not_picked":["Rebound","Turbo"],"picked":"Cold Snap+1","floor":23},{"not_picked":["Aggregate+1","Coolheaded","Redo"],"picked":"Singing Bowl","floor":25},{"not_picked":["Ball Lightning","Doom and Gloom"],"picked":"Self Repair+1","floor":28},{"not_picked":["Beam Cell","Undo"],"picked":"Steam+1","floor":30},{"not_picked":["Force Field+1","Rebound"],"picked":"Streamline+1","floor":31}],"player_experience":454235,"relics_obtained":[{"floor":7,"key":"Gremlin Horn"},{"floor":9,"key":"Bag of Preparation"},{"floor":10,"key":"Dead Branch"},{"floor":23,"key":"Singing Bowl"},{"floor":25,"key":"Ornamental Fan"},{"floor":26,"key":"Kunai"}],"event_choices":[{"event_name":"Liars Game","player_choice":"agreed","floor":3,"damage_taken":0},{"event_name":"Golden Idol","player_choice":"Lose Max HP","floor":4,"damage_taken":0},{"event_name":"Accursed Blacksmith","player_choice":"Forge","floor":13,"damage_taken":0},{"event_name":"The Library","player_choice":"Heal","floor":20,"damage_taken":0}],"boss_relics":[{"not_picked":["Calling Bell","Busted Crown"],"picked":"Sozu"}],"items_purged_floors":[5,21],"is_endless":false,"potions_floor_spawned":[7,10,11,22,23,31],"killed_by":"Champ","ascension_level":8}