{"gold_per_floor":[367,377,387,312,312,338,338,50,50,50,82,5,5,20,20,97,97,111,128,141,16,26,26,26,46,73,73,99,99,115,135,135,208,208,227,243,93,93,93,125,143,153,153,127,138,138],"floor_reached":46,"playtime":2568,"items_purged":["Strike_R","Strike_R","Strike_R","Strike_R"],"score":1118,"play_id":"66be86f5-b009-452d-86f4-6dc1034d7d04","local_time":"20190301121434","is_ascension_mode":true,"campfire_choices":[{"data":"Armaments","floor":7.0,"key":"SMITH"},{"floor":10.0,"key":"REST"},{"data":"Immolate","floor":15.0,"key":"SMITH"},{"data":"Dark Embrace","floor":23.0,"key":"SMITH"},{"data":"True Grit","floor":32.0,"key":"SMITH"}],"neow_cost":"TEN_PERCENT_HP_LOSS","seed_source_timestamp":4360856636710,"circlet_count":0,"master_deck":["AscendersBane","Strike_R+1","Defend_R","Defend_R","Defend_R","Defend_R","Bash+1","Entrench","Flex+1","Shrug It Off","Armaments+1","Power Through","Flash of Steel+1","Shrug It Off","Immolate+1","Dark Embrace+1","Evolve+1","Dropkick","Seeing Red","Second Wind","True Grit+1","Barricade","Bloodletting","Body Slam","Havoc"],"special_seed":0,"relics":["Burning Blood","Mummified Hand","Pen Nib","Regal Pillow","Whetstone","White Beast Statue","Strawberry","Anchor","Runic Dome","Dodecahedron"],"potions_floor_usage":[],"damage_taken":[{"damage":14.0,"enemies":"Jaw Worm","floor":1.0,"turns":5.0},{"damage":1.0,"enemies":"Cultist","floor":2.0,"turns":4.0},{"damage":3.0,"enemies":"2 Louse","floor":3.0,"turns":3.0},{"damage":60.0,"enemies":"Gremlin Nob","floor":6.0,"turns":6.0},{"damage":22.0,"enemies":"3 Sentries","floor":11.0,"turns":16.0},{"damage":1.0,"enemies":"Looter","floor":14.0,"turns":5.0},{"damage":16.0,"enemies":"The Guardian","floor":16.0,"turns":13.0},{"damage":11.0,"enemies":"Chosen","floor":18.0,"turns":10.0},{"damage":21.0,"enemies":"3 Byrds","floor":19.0,"turns":7.0},{"damage":9.0,"enemies":"Snake Plant","floor":20.0,"turns":5.0},{"damage":15.0,"enemies":"Shelled Parasite and Fungi","floor":22.0,"turns":14.0},{"damage":0.0,"enemies":"Chosen and Byrds","floor":24.0,"turns":1.0},{"damage":16.0,"enemies":"Centurion and Healer","floor":25.0,"turns":11.0},{"damage":14.0,"enemies":"Slavers","floor":28.0,"turns":3.0},{"damage":11.0,"enemies":"Shelled Parasite and Fungi","floor":30.0,"turns":4.0},{"damage":2.0,"enemies":"Sentry and Sphere","floor":31.0,"turns":11.0},{"damage":6.0,"enemies":"Automaton","floor":33.0,"turns":11.0},{"damage":0.0,"enemies":"Orb Walker","floor":35.0,"turns":8.0},{"damage":0.0,"enemies":"3 Shapes","floor":36.0,"turns":5.0},{"damage":0.0,"enemies":"Giant Head","floor":40.0,"turns":8.0},{"damage":0.0,"enemies":"Writhing Mass","floor":41.0,"turns":8.0},{"damage":8.0,"enemies":"4 Shapes","floor":42.0,"turns":9.0},{"damage":20.0,"enemies":"Spire Growth","floor":45.0,"turns":5.0},{"damage":63,"enemies":"Writhing Mass","floor":46,"turns":4}],"seed_played":"5719996605816103066","potions_obtained":[{"floor":2.0,"key":"Regen Potion"},{"floor":6.0,"key":"Strength Potion"},{"floor":14.0,"key":"SteroidPotion"},{"floor":16.0,"key":"EssenceOfSteel"},{"floor":18.0,"key":"SpeedPotion"},{"floor":19.0,"key":"Weak Potion"},{"floor":20.0,"key":"SmokeBomb"},{"floor":22.0,"key":"LiquidBronze"},{"floor":25.0,"key":"SkillPotion"},{"floor":28.0,"key":"FearPotion"},{"floor":31.0,"key":"AttackPotion"},{"floor":33.0,"key":"Dexterity Potion"},{"floor":35.0,"key":"Explosive Potion"},{"floor":36.0,"key":"SpeedPotion"},{"floor":40.0,"key":"SpeedPotion"},{"floor":41.0,"key":"AttackPotion"},{"floor":42.0,"key":"AttackPotion"},{"floor":45.0,"key":"LiquidBronze"}],"is_trial":false,"path_per_floor":["M","M","M","$","?","E","R","$","T","R","E","$","T","M","R","B",null,"M","M","M","$","M","R","M","M","T","?","E","?","M","M","R","B",null,"M","M","$","?","?","E","M","M","T","$","M","M"],"character_chosen":"IRONCLAD","items_purchased":["Power Through","Flash of Steel","Feel No Pain","Havoc"],"campfire_rested":1,"item_purchase_floors":[8,8,12,44],"current_hp_per_floor":[60,65,68,68,48,9,9,9,9,29,13,13,13,18,18,8,53,48,33,30,30,21,21,27,17,24,24,16,16,11,15,15,15,60,66,72,72,72,72,75,75,73,73,73,59,0],"gold":138,"neow_bonus":"TWO_FIFTY_GOLD","is_prod":false,"is_daily":false,"chose_seed":false,"campfire_upgraded":4,"win_rate":0,"timestamp":1551413674,"path_taken":["M","M","M","$","?","E","R","$","T","R","E","$","?","?","R","BOSS","M","?","M","$","M","R","M","M","T","?","E","?","M","M","R","BOSS","M","M","$","?","?","E","M","?","T","?","?","M"],"build_version":"2019-01-23","purchased_purges":4,"victory":false,"max_hp_per_floor":[68,68,68,68,68,68,68,68,68,68,68,68,68,68,68,68,68,68,68,68,68,68,68,68,68,75,75,75,75,75,75,75,75,75,75,75,75,75,75,75,75,75,75,75,75,75],"card_choices":[{"not_picked":["Pommel Strike","Thunderclap"],"picked":"Entrench","floor":1.0},{"not_picked":["Metallicize","Rupture"],"picked":"Flex","floor":2.0},{"not_picked":["Anger","Headbutt"],"picked":"Shrug It Off","floor":3.0},{"not_picked":["Anger","Fire Breathing","Armaments"],"picked":"SKIP","floor":6.0},{"not_picked":["Anger","Fire Breathing"],"picked":"Armaments","floor":6.0},{"not_picked":["Thunderclap","Clash"],"picked":"Shrug It Off","floor":11.0},{"not_picked":["Headbutt","Dual Wield"],"picked":"Immolate","floor":14.0},{"not_picked":["Berserk","Bludgeon"],"picked":"Dark Embrace","floor":16.0},{"not_picked":["Heavy Blade","Blood for Blood","Clothesline"],"picked":"SKIP","floor":18.0},{"not_picked":["Headbutt","Rage"],"picked":"Evolve","floor":19.0},{"not_picked":["Combust","Headbutt+1"],"picked":"Dropkick","floor":20.0},{"not_picked":["Uppercut","Armaments"],"picked":"Seeing Red","floor":22.0},{"not_picked":["Thunderclap","Flex+1","Armaments"],"picked":"SKIP","floor":25.0},{"not_picked":["Warcry","Clash","Shrug It Off"],"picked":"SKIP","floor":28.0},{"not_picked":["Clash+1","Heavy Blade","Dual Wield"],"picked":"SKIP","floor":30.0},{"not_picked":["Clash+1","Heavy Blade","Dual Wield"],"picked":"SKIP","floor":30.0},{"not_picked":["Anger+1","Fire Breathing+1"],"picked":"True Grit","floor":31.0},{"not_picked":["Brutality","Exhume"],"picked":"Barricade","floor":33.0},{"not_picked":["Clothesline+1","Pommel Strike"],"picked":"Bloodletting","floor":35.0},{"not_picked":["Thunderclap","True Grit","Perfected Strike"],"picked":"SKIP","floor":36.0},{"not_picked":["Headbutt","Warcry","Demon Form"],"picked":"SKIP","floor":40.0},{"not_picked":["Havoc","Clash"],"picked":"Body Slam","floor":41.0},{"not_picked":["Disarm","Feel No Pain","Flex"],"picked":"SKIP","floor":42.0},{"not_picked":["Intimidate","Pommel Strike","Ghostly Armor"],"picked":"SKIP","floor":45.0}],"player_experience":1110361,"relics_obtained":[{"floor":6.0,"key":"Mummified Hand"},{"floor":9.0,"key":"Pen Nib"},{"floor":11.0,"key":"Regal Pillow"},{"floor":13.0,"key":"Whetstone"},{"floor":26.0,"key":"Strawberry"},{"floor":28.0,"key":"Anchor"},{"floor":40.0,"key":"Dodecahedron"}],"event_choices":[{"damage_healed":0.0,"max_hp_gain":0.0,"max_hp_loss":0.0,"gold_gain":0.0,"event_name":"Shining Light","player_choice":"Entered Light","floor":5.0,"gold_loss":0.0,"damage_taken":20.0,"cards_upgraded":["Strike_R","Flex"]},{"damage_healed":0.0,"max_hp_gain":0.0,"max_hp_loss":0.0,"gold_gain":0.0,"event_name":"The Library","player_choice":"Read","floor":27.0,"gold_loss":0.0,"damage_taken":0.0,"cards_obtained":["Second Wind"]},{"damage_healed":0.0,"max_hp_gain":0.0,"max_hp_loss":0.0,"gold_gain":0.0,"event_name":"Vampires","player_choice":"Ignored","floor":29.0,"gold_loss":0.0,"damage_taken":0.0},{"cards_removed":["Feel No Pain"],"damage_healed":0.0,"max_hp_gain":0.0,"max_hp_loss":0.0,"gold_gain":0.0,"event_name":"Falling","player_choice":"Removed Power","floor":38.0,"gold_loss":0.0,"damage_taken":0.0},{"damage_healed":0.0,"max_hp_gain":0.0,"max_hp_loss":0.0,"gold_gain":0.0,"event_name":"Accursed Blacksmith","player_choice":"Forge","floor":39.0,"gold_loss":0.0,"damage_taken":0.0,"cards_upgraded":["Evolve"]}],"is_beta":false,"boss_relics":[{"not_picked":["Black Blood","Ectoplasm"],"picked":"White Beast Statue"},{"not_picked":["Philosopher\u0027s Stone","Calling Bell"],"picked":"Runic Dome"}],"items_purged_floors":[4,8,21,37],"is_endless":false,"potions_floor_spawned":[2,6,14,16,18,19,20,22,24,25,28,30,31,33,35,36,40,41,42,45],"killed_by":"Writhing Mass","ascension_level":20}