{"gold_per_floor":[113,125,125,125,125,125,152,167,193,193,208,242,242,258,258,334,334,344,362,362,362,362],"floor_reached":22,"playtime":551,"items_purged":[],"score":388,"play_id":"68eb2f5e-9179-4cbb-b220-ac79ba0e965b","local_time":"20190511131156","is_ascension_mode":true,"campfire_choices":[{"data":"Anger","floor":6.0,"key":"SMITH"},{"data":"Cleave","floor":10.0,"key":"SMITH"},{"data":"Demon Form","floor":13.0,"key":"SMITH"},{"floor":15.0,"key":"REST"}],"neow_cost":"NONE","seed_source_timestamp":513439392803388,"circlet_count":0,"master_deck":["AscendersBane","Strike_R","Strike_R","Strike_R+1","Strike_R","Strike_R","Defend_R","Defend_R+1","Defend_R","Defend_R","Bash+1","Anger+1","Thunderclap","Cleave+1","Demon Form+1","Shrug It Off","Offering","Iron Wave","Flame Barrier","Decay"],"special_seed":0,"relics":["Burning Blood","Regal Pillow","Orichalcum","Potion Belt","Anchor","Fusion Hammer"],"potions_floor_usage":[19,22],"damage_taken":[{"damage":12.0,"enemies":"Cultist","floor":1.0,"turns":4.0},{"damage":9.0,"enemies":"Jaw Worm","floor":2.0,"turns":4.0},{"damage":35.0,"enemies":"Lagavulin","floor":7.0,"turns":7.0},{"damage":3.0,"enemies":"Small Slimes","floor":8.0,"turns":2.0},{"damage":6.0,"enemies":"Exordium Wildlife","floor":11.0,"turns":3.0},{"damage":8.0,"enemies":"3 Sentries","floor":12.0,"turns":4.0},{"damage":6.0,"enemies":"Looter","floor":14.0,"turns":3.0},{"damage":38,"enemies":"Slime Boss","floor":16,"turns":7},{"damage":16,"enemies":"2 Thieves","floor":18,"turns":3},{"damage":38,"enemies":"3 Byrds","floor":19,"turns":4},{"damage":12,"enemies":"Colosseum Slavers","floor":20,"turns":5},{"damage":18,"enemies":"Masked Bandits","floor":22,"turns":2}],"seed_played":"5380077536615309211","potions_obtained":[{"floor":2.0,"key":"Strength Potion"},{"floor":7.0,"key":"Explosive Potion"},{"floor":14.0,"key":"Poison Potion"},{"floor":19,"key":"SkillPotion"}],"is_trial":false,"path_per_floor":["M","M","?","?","?","R","E","M","T","R","M","E","R","M","R","B",null,"M","M","?","?","?"],"character_chosen":"IRONCLAD","items_purchased":[],"campfire_rested":1,"item_purchase_floors":[],"current_hp_per_floor":[62,59,59,36,61,61,32,35,35,35,35,33,33,33,70,38,66,56,24,18,18,0],"gold":362,"neow_bonus":"RANDOM_COMMON_RELIC","is_prod":false,"is_daily":false,"chose_seed":false,"campfire_upgraded":3,"win_rate":0,"timestamp":1557591116,"path_taken":["M","?","?","?","?","R","E","?","T","R","M","E","R","M","R","BOSS","M","M","?","?","?"],"build_version":"2019-01-23","purchased_purges":0,"victory":false,"max_hp_per_floor":[75,75,75,75,75,75,75,75,75,75,75,75,75,75,75,75,75,75,75,75,75,75],"card_choices":[{"not_picked":["True Grit","Pummel"],"picked":"Anger","floor":1.0},{"not_picked":["Havoc","Anger"],"picked":"Thunderclap","floor":2.0},{"not_picked":["Warcry","Dropkick","Evolve"],"picked":"SKIP","floor":7.0},{"not_picked":["Sword Boomerang","Rampage"],"picked":"Cleave","floor":8.0},{"not_picked":["Cleave","Pummel","Uppercut"],"picked":"SKIP","floor":11.0},{"not_picked":["Burning Pact","Heavy Blade"],"picked":"Demon Form","floor":12.0},{"not_picked":["Wild Strike","Sword Boomerang"],"picked":"Shrug It Off","floor":14.0},{"not_picked":["Immolate","Juggernaut"],"picked":"Offering","floor":16},{"not_picked":["Clash","Wild Strike"],"picked":"Iron Wave","floor":18},{"not_picked":["Sever Soul","Thunderclap"],"picked":"Flame Barrier","floor":19}],"player_experience":2309289,"relics_obtained":[{"floor":7.0,"key":"Orichalcum"},{"floor":9.0,"key":"Potion Belt"},{"floor":12.0,"key":"Anchor"}],"event_choices":[{"damage_healed":0.0,"max_hp_gain":0.0,"max_hp_loss":0.0,"gold_gain":0.0,"event_name":"Living Wall","player_choice":"Grow","floor":3.0,"gold_loss":0.0,"damage_taken":0.0,"cards_upgraded":["Bash"]},{"damage_healed":0.0,"max_hp_gain":0.0,"max_hp_loss":0.0,"gold_gain":0.0,"event_name":"Shining Light","player_choice":"Entered Light","floor":4.0,"gold_loss":0.0,"damage_taken":23.0,"cards_upgraded":["Defend_R","Strike_R"]},{"damage_healed":25.0,"max_hp_gain":0.0,"max_hp_loss":0.0,"gold_gain":0.0,"event_name":"Big Fish","player_choice":"Banana","floor":5.0,"gold_loss":0.0,"damage_taken":0.0},{"damage_healed":0,"gold_gain":0,"player_choice":"Fight","damage_taken":0,"max_hp_gain":0,"max_hp_loss":0,"event_name":"Colosseum","floor":20,"gold_loss":0},{"damage_healed":0,"gold_gain":0,"player_choice":"Fled From Nobs","damage_taken":0,"max_hp_gain":0,"max_hp_loss":0,"event_name":"Colosseum","floor":20,"gold_loss":0},{"damage_healed":0,"gold_gain":0,"player_choice":"Smashed Altar","damage_taken":0,"max_hp_gain":0,"max_hp_loss":0,"event_name":"Forgotten Altar","floor":21,"gold_loss":0,"cards_obtained":["Decay"]},{"damage_healed":0,"gold_gain":0,"player_choice":"Fought Bandits","damage_taken":0,"max_hp_gain":0,"max_hp_loss":0,"event_name":"Masked Bandits","floor":22,"gold_loss":0}],"is_beta":false,"boss_relics":[{"not_picked":["Philosopher\u0027s Stone","Pandora\u0027s Box"],"picked":"Fusion Hammer"}],"items_purged_floors":[],"is_endless":false,"potions_floor_spawned":[2,7,14,19],"killed_by":"Masked Bandits","ascension_level":20}