{"gold_per_floor":[109,124,144,155,174,174,204,204,204,236,250,200,218,249,249,347,347,347,347,4,4,4,4,4,4,4,4,4,4,4,4,4,4,4,4,4,4,4,4,4,4,4,4,4,4,4,4,4,4,4],"floor_reached":50,"playtime":3942,"items_purged":[],"score":701,"play_id":"07dca28f-5f74-49f2-8b03-141da5f8725a","local_time":"20180629061045","is_ascension_mode":true,"campfire_choices":[{"data":"Dualcast","floor":6,"key":"SMITH"},{"data":"Leap","floor":8,"key":"SMITH"},{"floor":15,"key":"REST"},{"floor":27,"key":"REST"},{"data":"Chill","floor":29,"key":"SMITH"},{"data":"Echo Form","floor":32,"key":"SMITH"},{"data":"Coolheaded","floor":41,"key":"SMITH"},{"data":"Seek","floor":44,"key":"SMITH"},{"floor":47,"key":"REST"},{"floor":49,"key":"REST"}],"neow_cost":"CURSE","seed_source_timestamp":188847464669446,"circlet_count":0,"master_deck":["Strike_B","Strike_B","Strike_B","Defend_B","Defend_B","Zap","Dualcast+1","Parasite","Gash","Leap+1","BootSequence","Cold Snap","Cold Snap","Rebound","Glacier","Reboot","Glacier","Echo Form+1","Coolheaded+1","Loop","Rebound","Gash","Chill+1","Seek+1","Leap+1","Reprogram","Gash","Reprogram+1","Writhe","Coolheaded+1","Gash+1","Gash+1","Pain","Beam Cell+1","Hologram+1","Chill+1","Chaos","Turbo"],"relics":["Cracked Core","Dream Catcher","Letter Opener","Happy Flower","Bird Faced Urn","Ectoplasm","Calipers","Ice Cream","Enchiridion","Sundial","Dodecahedron","Cursed Key","Pantograph","Cables","Strawberry","Bottled Lightning"],"potions_floor_usage":[10,21,23,23,23,23,40,46,50,50],"damage_taken":[{"damage":0,"enemies":"Cultist","floor":1,"turns":4},{"damage":0,"enemies":"2 Louse","floor":2,"turns":2},{"damage":0,"enemies":"Jaw Worm","floor":3,"turns":3},{"damage":0,"enemies":"Gremlin Gang","floor":4,"turns":5},{"damage":0,"enemies":"2 Fungi Beasts","floor":5,"turns":3},{"damage":13,"enemies":"Lagavulin","floor":7,"turns":8},{"damage":23,"enemies":"Gremlin Nob","floor":10,"turns":4},{"damage":0,"enemies":"Large Slime","floor":11,"turns":8},{"damage":0,"enemies":"Blue Slaver","floor":13,"turns":3},{"damage":16,"enemies":"3 Sentries","floor":14,"turns":7},{"damage":34,"enemies":"The Guardian","floor":16,"turns":13},{"damage":0,"enemies":"Shell Parasite","floor":18,"turns":7},{"damage":0,"enemies":"3 Byrds","floor":19,"turns":7},{"damage":9,"enemies":"Snake Plant","floor":21,"turns":6},{"damage":0,"enemies":"Snecko","floor":22,"turns":6},{"damage":59,"enemies":"Gremlin Leader","floor":23,"turns":8},{"damage":20,"enemies":"Slavers","floor":25,"turns":6},{"damage":3,"enemies":"Slaver and Parasite","floor":28,"turns":6},{"damage":9,"enemies":"Centurion and Healer","floor":30,"turns":19},{"damage":24,"enemies":"Collector","floor":33,"turns":12},{"damage":8,"enemies":"Orb Walker","floor":35,"turns":5},{"damage":0,"enemies":"3 Shapes","floor":39,"turns":4},{"damage":51,"enemies":"2 Orb Walkers","floor":40,"turns":7},{"damage":3,"enemies":"Sphere and 2 Shapes","floor":42,"turns":7},{"damage":7,"enemies":"3 Darklings","floor":45,"turns":6},{"damage":42,"enemies":"Nemesis","floor":46,"turns":11},{"damage":25,"enemies":"Transient","floor":48,"turns":5},{"damage":87,"enemies":"Time Eater","floor":50,"turns":14}],"seed_played":"-5523136684646896020","potions_obtained":[{"floor":3,"key":"Regen Potion"},{"floor":4,"key":"AttackPotion"},{"floor":5,"key":"EssenceOfSteel"},{"floor":10,"key":"SpeedPotion"},{"floor":16,"key":"SkillPotion"},{"floor":18,"key":"EntropicBrew"},{"floor":22,"key":"Swift Potion"},{"floor":33,"key":"PowerPotion"},{"floor":40,"key":"Block Potion"},{"floor":42,"key":"EssenceOfSteel"},{"floor":46,"key":"FairyPotion"},{"floor":48,"key":"Block Potion"}],"is_trial":false,"path_per_floor":["M","M","M","M","M","R","E","R","T","E","M","?","M","E","R","B",null,"M","M","$","M","M","E","?","E","T","R","M","R","M","?","R","B",null,"M","?","?","$","M","E","R","M","T","R","M","E","R","M","R"],"character_chosen":"DEFECT","items_purchased":["Calipers","Gash"],"campfire_rested":4,"item_purchase_floors":[20,20],"current_hp_per_floor":[75,75,75,75,75,75,62,62,62,39,39,39,39,23,45,17,75,75,75,75,68,72,17,1,1,1,23,26,26,75,75,75,51,75,74,75,75,75,75,28,28,31,38,38,37,1,25,4,28,0],"gold":4,"neow_bonus":"TRANSFORM_TWO_CARDS","is_prod":false,"is_daily":false,"chose_seed":false,"campfire_upgraded":6,"win_rate":0,"timestamp":1530270645,"path_taken":["M","M","M","M","?","R","E","R","T","E","M","?","M","E","R","BOSS","M","M","$","M","?","E","?","E","T","R","M","R","M","?","R","BOSS","M","?","?","?","M","E","R","M","T","R","M","E","R","?","R","BOSS"],"build_version":"2018-06-28","purchased_purges":0,"victory":false,"max_hp_per_floor":[75,75,75,75,75,75,75,75,75,75,75,75,75,75,75,75,75,75,75,75,75,75,75,75,75,75,75,75,75,75,75,75,75,75,75,75,75,75,75,75,75,75,82,82,82,82,82,82,82,82],"card_choices":[{"not_picked":["Redo","Turbo"],"picked":"BootSequence","floor":1},{"not_picked":["Undo","Redo"],"picked":"Cold Snap","floor":2},{"not_picked":["Tempest","Biased Cognition"],"picked":"Cold Snap","floor":3},{"not_picked":["Barrage","Scrape"],"picked":"Rebound","floor":4},{"not_picked":["Genetic Algorithm","Aggregate"],"picked":"Glacier","floor":5},{"not_picked":["Reinforced Body","Stack"],"picked":"Reboot","floor":7},{"not_picked":["Compile Driver","Go for the Eyes"],"picked":"Glacier","floor":10},{"not_picked":["Aggregate","Hello World"],"picked":"Echo Form","floor":11},{"not_picked":["Streamline","Genetic Algorithm","Ball Lightning"],"picked":"SKIP","floor":13},{"not_picked":["Static Discharge","Turbo"],"picked":"Coolheaded","floor":14},{"not_picked":["Turbo","Beam Cell"],"picked":"Loop","floor":15},{"not_picked":["Streamline+1","Ball Lightning"],"picked":"Rebound","floor":18},{"not_picked":["Hologram","Cold Snap","Turbo+1"],"picked":"SKIP","floor":19},{"not_picked":["Genetic Algorithm+1","Sweeping Beam"],"picked":"Chill","floor":21},{"not_picked":["Melter","All For One","Auto Shields"],"picked":"SKIP","floor":22},{"not_picked":["Sweeping Beam","Ball Lightning"],"picked":"Seek","floor":23},{"not_picked":["Coolheaded","Sunder"],"picked":"Leap+1","floor":25},{"not_picked":["Skim","Barrage"],"picked":"Reprogram","floor":27},{"not_picked":["Barrage","Storm","Leap+1"],"picked":"SKIP","floor":28},{"not_picked":["Hyperbeam","Cold Snap","Scrape+1"],"picked":"SKIP","floor":30},{"not_picked":["Melter+1","Steam Power"],"picked":"Reprogram+1","floor":35},{"not_picked":["Reinforced Body","Doom and Gloom+1"],"picked":"Coolheaded+1","floor":39},{"not_picked":["Ball Lightning+1","Compile Driver"],"picked":"Gash+1","floor":40},{"not_picked":["Reprogram","Cold Snap+1"],"picked":"Gash+1","floor":42},{"not_picked":["Leap","Consume"],"picked":"Beam Cell+1","floor":45},{"not_picked":["Rebound+1","Ball Lightning"],"picked":"Hologram+1","floor":46},{"not_picked":["Conserve Battery+1","Coolheaded+1"],"picked":"Chill+1","floor":47},{"not_picked":["Compile Driver","Barrage+1"],"picked":"Chaos","floor":48},{"not_picked":["Sunder","Cold Snap"],"picked":"Turbo","floor":49}],"player_experience":223595,"relics_obtained":[{"floor":7,"key":"Dream Catcher"},{"floor":9,"key":"Letter Opener"},{"floor":10,"key":"Happy Flower"},{"floor":14,"key":"Bird Faced Urn"},{"floor":23,"key":"Ice Cream"},{"floor":24,"key":"Enchiridion"},{"floor":25,"key":"Sundial"},{"floor":26,"key":"Dodecahedron"},{"floor":40,"key":"Cables"},{"floor":43,"key":"Strawberry"},{"floor":46,"key":"Bottled Lightning"}],"event_choices":[{"event_name":"The Cleric","player_choice":"Card Removal","floor":12,"damage_taken":0},{"event_name":"Cursed Tome","player_choice":"Obtained Book","floor":24,"damage_taken":0},{"event_name":"The Library","player_choice":"Read","floor":31,"damage_taken":0},{"event_name":"Winding Halls","player_choice":"Writhe","floor":36,"damage_taken":0},{"event_name":"Wheel of Change","player_choice":"Relic","floor":37,"damage_taken":0}],"boss_relics":[{"not_picked":["Lizard Tail","Calling Bell"],"picked":"Ectoplasm"},{"not_picked":["Orrery","Pandora\u0027s Box"],"picked":"Cursed Key"}],"items_purged_floors":[],"is_endless":false,"potions_floor_spawned":[3,4,5,10,16,18,22,33,40,42,46,48],"killed_by":"Time Eater","ascension_level":3}