{"gold_per_floor":[362,373,373,388,92,92,127,139,174,211,93,118,135,48,48,48],"floor_reached":16,"playtime":425,"items_purged":["Strike_R"],"score":216,"play_id":"9f9613ba-1d8e-4c5b-a7c4-e7500cff232d","local_time":"20190510232007","is_ascension_mode":true,"campfire_choices":[{"data":"Anger","floor":6,"key":"SMITH"},{"data":"Rampage","floor":8,"key":"SMITH"},{"data":"Disarm","floor":15,"key":"SMITH"}],"neow_cost":"PERCENT_DAMAGE","seed_source_timestamp":463675438499636,"circlet_count":0,"master_deck":["AscendersBane","Strike_R","Strike_R+1","Strike_R","Strike_R","Defend_R","Defend_R","Defend_R","Defend_R","Bash+1","Twin Strike+1","Anger+1","Armaments","Rampage+1","Corruption","Disarm+1","Feel No Pain"],"relics":["Burning Blood","OrangePellets","MawBank","PreservedInsect","Odd Mushroom","Whetstone"],"potions_floor_usage":[7,10,12,13],"damage_taken":[{"damage":2,"enemies":"2 Louse","floor":1,"turns":3},{"damage":7,"enemies":"Jaw Worm","floor":2,"turns":3},{"damage":12,"enemies":"Small Slimes","floor":4,"turns":4},{"damage":8,"enemies":"Gremlin Nob","floor":7,"turns":3},{"damage":22,"enemies":"The Mushroom Lair","floor":10,"turns":6},{"damage":12,"enemies":"3 Sentries","floor":12,"turns":8},{"damage":0,"enemies":"Exordium Wildlife","floor":13,"turns":2},{"damage":29,"enemies":"Hexaghost","floor":16,"turns":9}],"seed_played":"-6742716233611735581","potions_obtained":[{"floor":2,"key":"Weak Potion"},{"floor":4,"key":"Swift Potion"},{"floor":12,"key":"Fire Potion"}],"is_trial":false,"path_per_floor":["M","M","?","M","$","R","E","R","T","?","$","E","M","$","R","B"],"character_chosen":"IRONCLAD","items_purchased":["OrangePellets","Corruption","Energy Potion","Feel No Pain"],"campfire_rested":0,"item_purchase_floors":[5,11,11,14],"current_hp_per_floor":[54,53,53,47,47,47,45,45,45,29,29,23,29,29,29,0],"gold":48,"neow_bonus":"TWO_FIFTY_GOLD","is_prod":false,"is_daily":false,"chose_seed":false,"campfire_upgraded":3,"win_rate":0,"timestamp":1557541207,"path_taken":["M","M","?","M","$","R","E","R","T","?","?","E","M","$","R","BOSS"],"build_version":"2019-01-23","purchased_purges":1,"victory":false,"max_hp_per_floor":[75,75,75,75,75,75,75,75,75,75,75,75,75,75,75,75],"card_choices":[{"not_picked":["Shrug It Off","Feel No Pain"],"picked":"Twin Strike","floor":1},{"not_picked":["Iron Wave","Clothesline"],"picked":"Anger","floor":2},{"not_picked":["Headbutt","Corruption"],"picked":"Armaments","floor":4},{"not_picked":["Armaments","Offering"],"picked":"Rampage","floor":7},{"not_picked":["Combust","Armaments"],"picked":"Disarm","floor":12},{"not_picked":["Perfected Strike","Clash","Sword Boomerang"],"picked":"SKIP","floor":13},{"not_picked":["Perfected Strike","Clash","Sword Boomerang"],"picked":"SKIP","floor":13}],"player_experience":2307663,"relics_obtained":[{"floor":7,"key":"MawBank"},{"floor":9,"key":"PreservedInsect"},{"floor":10,"key":"Odd Mushroom"},{"floor":12,"key":"Whetstone"}],"event_choices":[{"damage_healed":0,"gold_gain":0,"player_choice":"Grow","damage_taken":0,"max_hp_gain":0,"max_hp_loss":0,"event_name":"Living Wall","floor":3,"gold_loss":0,"cards_upgraded":["Bash"]},{"damage_healed":0,"gold_gain":0,"player_choice":"Fought Mushrooms","damage_taken":0,"max_hp_gain":0,"max_hp_loss":0,"event_name":"Mushrooms","floor":10,"gold_loss":0}],"is_beta":false,"boss_relics":[],"items_purged_floors":[5],"is_endless":false,"potions_floor_spawned":[2,4,12],"killed_by":"Hexaghost","ascension_level":20}