{"gold_per_floor":[111,127,127,127,137,137,165,165,165,240,66,66,86,109,109,109],"floor_reached":16,"playtime":542,"items_purged":[],"score":150,"play_id":"af71fe72-066e-40a1-bfc4-64e279b13b0d","local_time":"20190513172658","is_ascension_mode":true,"campfire_choices":[{"data":"Zap","floor":6,"key":"SMITH"},{"floor":12,"key":"REST"},{"data":"Fission","floor":15,"key":"SMITH"}],"neow_cost":"NONE","seed_source_timestamp":760443330024500,"circlet_count":0,"master_deck":["AscendersBane","Strike_B","Strike_B","Strike_B","Defend_B","Defend_B","Defend_B","Defend_B","Zap+1","Dualcast","Conserve Battery","Ball Lightning","Hologram","White Noise","Fission+1","Loop","Glacier"],"relics":["Cracked Core","Mummified Hand","Golden Idol","Ornamental Fan"],"potions_floor_usage":[1,14],"damage_taken":[{"damage":0,"enemies":"2 Louse","floor":1,"turns":1},{"damage":0,"enemies":"Jaw Worm","floor":2,"turns":3},{"damage":0,"enemies":"Cultist","floor":5,"turns":3},{"damage":38,"enemies":"3 Sentries","floor":7,"turns":8},{"damage":13,"enemies":"Large Slime","floor":13,"turns":5},{"damage":11,"enemies":"Exordium Thugs","floor":14,"turns":5},{"damage":36,"enemies":"Slime Boss","floor":16,"turns":8}],"seed_played":"-1831868111214207232","potions_obtained":[{"floor":1,"key":"Fruit Juice"},{"floor":13,"key":"Weak Potion"}],"is_trial":false,"path_per_floor":["M","M","?","?","M","R","E","?","T","?","$","R","M","M","R","B"],"character_chosen":"DEFECT","items_purchased":["Fission","Loop"],"campfire_rested":1,"item_purchase_floors":[11,11],"current_hp_per_floor":[80,80,80,80,80,80,42,42,42,31,31,55,42,31,31,0],"gold":109,"neow_bonus":"TEN_PERCENT_HP_BONUS","is_prod":false,"is_daily":false,"chose_seed":false,"campfire_upgraded":2,"win_rate":0,"timestamp":1557764818,"path_taken":["M","M","?","?","?","R","E","?","T","?","$","R","M","?","R","BOSS"],"build_version":"2019-01-23","purchased_purges":0,"victory":false,"max_hp_per_floor":[87,87,87,87,87,87,87,81,81,81,81,81,81,81,81,81],"card_choices":[{"not_picked":["Heatsinks","Hello World"],"picked":"Conserve Battery","floor":1},{"not_picked":["Beam Cell","Barrage"],"picked":"Ball Lightning","floor":2},{"not_picked":["Turbo","Sweeping Beam"],"picked":"Hologram","floor":5},{"not_picked":["Sweeping Beam","Conserve Battery"],"picked":"White Noise","floor":7},{"not_picked":["Sweeping Beam","Storm","Steam Power"],"picked":"SKIP","floor":13},{"not_picked":["Stack","Go for the Eyes"],"picked":"Glacier","floor":14}],"player_experience":544806,"relics_obtained":[{"floor":7,"key":"Mummified Hand"},{"floor":9,"key":"Ornamental Fan"}],"event_choices":[{"damage_healed":0,"gold_gain":0,"player_choice":"Leave","damage_taken":0,"max_hp_gain":0,"max_hp_loss":0,"event_name":"The Cleric","floor":3,"gold_loss":0},{"cards_removed":["Strike_B"],"damage_healed":0,"gold_gain":0,"player_choice":"Purged","damage_taken":0,"max_hp_gain":0,"max_hp_loss":0,"event_name":"Purifier","floor":4,"gold_loss":0},{"damage_healed":0,"gold_gain":0,"player_choice":"Lose Max HP","damage_taken":0,"relics_obtained":["Golden Idol"],"max_hp_gain":0,"max_hp_loss":6,"event_name":"Golden Idol","floor":8,"gold_loss":0},{"damage_healed":0,"gold_gain":75,"player_choice":"Gather Gold","damage_taken":11,"max_hp_gain":0,"max_hp_loss":0,"event_name":"World of Goop","floor":10,"gold_loss":0}],"is_beta":false,"boss_relics":[],"items_purged_floors":[],"is_endless":false,"potions_floor_spawned":[1,13],"killed_by":"Slime Boss","ascension_level":10}