{"gold_per_floor":[110,125,135,135,149,184,184,212,212,222,235,235,249,249,249,323,323,306,306,306,325,325,325,325],"floor_reached":24,"playtime":607,"items_purged":[],"score":364,"play_id":"933bece5-2876-417f-8d24-f696ae649dcb","local_time":"20180916132838","is_ascension_mode":true,"campfire_choices":[{"floor":7,"key":"REST"},{"data":"Zap","floor":12,"key":"SMITH"},{"data":"Defragment","floor":15,"key":"SMITH"},{"floor":23,"key":"REST"}],"neow_cost":"NONE","seed_source_timestamp":607617246131085,"circlet_count":0,"master_deck":["Strike_B","Strike_B","Strike_B","Strike_B","Defend_B","Defend_B","Defend_B","Defend_B","Zap+1","Dualcast","AscendersBane","Streamline","Undo","Conserve Battery","Consume","Loop","Defragment+1","Echo Form","Conserve Battery","Sweeping Beam+1","Defragment+1"],"relics":["Cracked Core","NeowsBlessing","Bag of Marbles","Omamori","Anchor","Runic Pyramid"],"potions_floor_usage":[6,16,16,24],"damage_taken":[{"damage":0,"enemies":"2 Louse","floor":1,"turns":1},{"damage":0,"enemies":"Cultist","floor":2,"turns":1},{"damage":0,"enemies":"Jaw Worm","floor":3,"turns":1},{"damage":0,"enemies":"3 Louse","floor":5,"turns":3},{"damage":31,"enemies":"Gremlin Nob","floor":6,"turns":4},{"damage":25,"enemies":"3 Sentries","floor":8,"turns":8},{"damage":1,"enemies":"Looter","floor":10,"turns":2},{"damage":5,"enemies":"2 Fungi Beasts","floor":11,"turns":3},{"damage":4,"enemies":"Large Slime","floor":13,"turns":5},{"damage":16,"enemies":"Hexaghost","floor":16,"turns":8},{"damage":23,"enemies":"2 Thieves","floor":18,"turns":4},{"damage":4,"enemies":"Chosen","floor":21,"turns":5},{"damage":56,"enemies":"Gremlin Leader","floor":24,"turns":4}],"seed_played":"-4803471215291487815","potions_obtained":[{"floor":1,"key":"Swift Potion"},{"floor":5,"key":"PowerPotion"},{"floor":8,"key":"AttackPotion"},{"floor":18,"key":"PowerPotion"}],"is_trial":false,"path_per_floor":["M","M","M","?","M","E","R","E","T","M","M","R","M","?","R","B",null,"M","?","?","M","?","R"],"character_chosen":"DEFECT","items_purchased":[],"campfire_rested":2,"item_purchase_floors":[],"current_hp_per_floor":[64,64,64,64,64,33,54,29,29,28,23,23,19,19,19,3,54,31,31,31,27,27,48,0],"gold":325,"neow_bonus":"THREE_ENEMY_KILL","is_prod":false,"is_daily":false,"chose_seed":false,"campfire_upgraded":2,"win_rate":0,"timestamp":1537115318,"path_taken":["M","M","M","?","M","E","R","E","T","M","M","R","M","?","R","BOSS","M","?","?","M","?","R","E"],"build_version":"2018-07-12","purchased_purges":0,"victory":false,"max_hp_per_floor":[71,71,71,71,71,71,71,71,71,71,71,71,71,71,71,71,71,71,71,71,71,71,71,71],"card_choices":[{"not_picked":["Hello World","Conserve Battery"],"picked":"Streamline","floor":1},{"not_picked":["Rebound","Static Discharge","Beam Cell"],"picked":"SKIP","floor":2},{"not_picked":["Gash","Steam Power"],"picked":"Undo","floor":3},{"not_picked":["Gash","Beam Cell"],"picked":"Conserve Battery","floor":5},{"not_picked":["Turbo","BootSequence","Barrage"],"picked":"SKIP","floor":6},{"not_picked":["Tempest","Machine Learning","Force Field"],"picked":"SKIP","floor":8},{"not_picked":["Stack","Rebound"],"picked":"Consume","floor":10},{"not_picked":["Tempest","Rip and Tear"],"picked":"Loop","floor":11},{"not_picked":["Redo","Storm"],"picked":"Defragment","floor":13},{"not_picked":["Fission","Multi-Cast"],"picked":"Echo Form","floor":16},{"not_picked":["Blizzard","Compile Driver"],"picked":"Conserve Battery","floor":18},{"not_picked":["Beam Cell","Blizzard+1"],"picked":"Sweeping Beam+1","floor":21}],"player_experience":837610,"relics_obtained":[{"floor":6,"key":"Bag of Marbles"},{"floor":8,"key":"Omamori"},{"floor":9,"key":"Anchor"}],"event_choices":[{"event_name":"Match and Keep!","player_choice":"0 cards matched","floor":4,"damage_taken":0},{"event_name":"Golden Idol","player_choice":"Ignored","floor":14,"damage_taken":0},{"event_name":"Forgotten Altar","player_choice":"Smashed Altar","floor":19,"damage_taken":0},{"event_name":"Cursed Tome","player_choice":"Ignored","floor":20,"damage_taken":0},{"event_name":"Duplicator","player_choice":"One dupe","floor":22,"damage_taken":0}],"boss_relics":[{"not_picked":["Black Star","FrozenCore"],"picked":"Runic Pyramid"}],"items_purged_floors":[],"is_endless":false,"potions_floor_spawned":[1,5,8,11,13,18],"killed_by":"Gremlin Leader","ascension_level":15}