{"gold_per_floor":[116,126,126,138,158,189,189,216,216,229,46,63,38,53,53,158,158,178,103,113,212,228,228,33,33,33,45,45,55,55,55,55,55],"floor_reached":33,"playtime":2954,"items_purged":[],"score":259,"play_id":"1db0d47c-c71d-44b3-8f6d-ea0b2f65cbca","local_time":"20190503200305","is_ascension_mode":false,"campfire_choices":[{"floor":7.0,"key":"REST"},{"floor":15.0,"key":"REST"},{"floor":23.0,"key":"REST"},{"data":"Caltrops","floor":25.0,"key":"SMITH"},{"floor":28.0,"key":"REST"},{"floor":30,"key":"REST"},{"data":"Backstab","floor":32,"key":"SMITH"}],"neow_cost":"NONE","seed_source_timestamp":0,"circlet_count":0,"master_deck":["Defend_G","Defend_G","Defend_G","Defend_G","Defend_G","Strike_G","Strike_G","Strike_G","Strike_G","Strike_G","Survivor","Neutralize","Unload","Backstab+1","Blade Dance","Poisoned Stab","Masterful Stab","Dash","Skewer","Caltrops+1","Malaise","Dagger Throw","Quick Slash","Envenom","Backflip+1","Deadly Poison+1","Quick Slash","Well Laid Plans","Underhanded Strike+1","Underhanded Strike"],"special_seed":0,"relics":["Ring of the Snake","Letter Opener","Boot","Shuriken","Pen Nib","Lantern","WristBlade","Strawberry","Pantograph"],"potions_floor_usage":[],"damage_taken":[{"damage":0.0,"enemies":"2 Louse","floor":1.0,"turns":2.0},{"damage":0.0,"enemies":"Cultist","floor":2.0,"turns":3.0},{"damage":0.0,"enemies":"Small Slimes","floor":4.0,"turns":3.0},{"damage":13.0,"enemies":"Exordium Wildlife","floor":5.0,"turns":4.0},{"damage":25.0,"enemies":"Lagavulin","floor":6.0,"turns":8.0},{"damage":7.0,"enemies":"Gremlin Nob","floor":8.0,"turns":3.0},{"damage":0.0,"enemies":"Red Slaver","floor":10.0,"turns":2.0},{"damage":2.0,"enemies":"3 Louse","floor":12.0,"turns":2.0},{"damage":0.0,"enemies":"Blue Slaver","floor":14.0,"turns":2.0},{"damage":40.0,"enemies":"Slime Boss","floor":16.0,"turns":11.0},{"damage":10.0,"enemies":"Spheric Guardian","floor":18.0,"turns":2.0},{"damage":0.0,"enemies":"2 Thieves","floor":20.0,"turns":2.0},{"damage":15.0,"enemies":"Cultist and Chosen","floor":22.0,"turns":5.0},{"damage":11.0,"enemies":"Snake Plant","floor":27.0,"turns":3.0},{"damage":24.0,"enemies":"Shelled Parasite and Fungi","floor":29.0,"turns":6.0},{"damage":87,"enemies":"Champ","floor":33,"turns":13}],"seed_played":"8632227343081293109","potions_obtained":[{"floor":1.0,"key":"SkillPotion"},{"floor":2.0,"key":"Dexterity Potion"},{"floor":6.0,"key":"Energy Potion"},{"floor":12.0,"key":"GhostInAJar"},{"floor":16.0,"key":"Block Potion"}],"is_trial":false,"path_per_floor":["M","M","?","M","M","E","R","E","T","M","$","M","$","M","R","B",null,"M","?","M","?","M","R","$","R","T","M","R","M","R","?","R","B"],"character_chosen":"THE_SILENT","items_purchased":["Lantern","Caltrops","Dagger Throw","Strawberry","Well Laid Plans"],"campfire_rested":5,"item_purchase_floors":[11,11,13,24,24],"current_hp_per_floor":[70,70,70,70,57,32,53,46,46,46,46,44,44,44,65,25,70,60,60,60,60,45,66,73,73,73,62,77,53,76,76,76,0],"gold":55,"neow_bonus":"ONE_RANDOM_RARE_CARD","is_prod":false,"is_daily":false,"chose_seed":false,"campfire_upgraded":2,"win_rate":0.0,"timestamp":1556928185,"path_taken":["M","M","?","M","M","E","R","E","T","M","$","M","$","M","R","BOSS","M","?","M","?","?","R","?","R","T","M","R","M","R","?","R","BOSS"],"build_version":"2019-01-23","purchased_purges":0,"victory":false,"max_hp_per_floor":[70,70,70,70,70,70,70,70,70,70,70,70,70,70,70,70,70,70,70,70,70,70,70,77,77,77,77,77,77,77,77,77,77],"card_choices":[{"not_picked":["Choke","Slice"],"picked":"Backstab","floor":1.0},{"not_picked":["Deadly Poison","Dagger Spray"],"picked":"Blade Dance","floor":2.0},{"not_picked":["Prepared","Distraction"],"picked":"Eviscerate","floor":4.0},{"not_picked":["Choke","Underhanded Strike"],"picked":"Poisoned Stab","floor":5.0},{"not_picked":["Deflect","Tactician"],"picked":"Masterful Stab","floor":6.0},{"not_picked":["Prepared","Escape Plan"],"picked":"Dash","floor":8.0},{"not_picked":["Dodge and Roll","Bouncing Flask"],"picked":"Skewer","floor":10.0},{"not_picked":["Dodge and Roll","Blade Dance"],"picked":"Malaise","floor":12.0},{"not_picked":["Slice","Backflip"],"picked":"Quick Slash","floor":14.0},{"not_picked":["Doppelganger","Burst"],"picked":"Envenom","floor":16.0},{"not_picked":["Acrobatics+1","Expertise"],"picked":"Backflip+1","floor":18.0},{"not_picked":["Dash","Sucker Punch"],"picked":"Deadly Poison+1","floor":20.0},{"not_picked":["Acrobatics","Underhanded Strike"],"picked":"Quick Slash","floor":22.0},{"not_picked":["Backflip","Dodge and Roll"],"picked":"Underhanded Strike+1","floor":27.0},{"not_picked":["Dagger Throw","Heel Hook+1"],"picked":"Underhanded Strike","floor":29}],"player_experience":28108,"relics_obtained":[{"floor":6.0,"key":"Boot"},{"floor":8.0,"key":"Shuriken"},{"floor":9.0,"key":"Pen Nib"},{"floor":26.0,"key":"Pantograph"}],"event_choices":[{"damage_healed":0.0,"max_hp_gain":0.0,"max_hp_loss":0.0,"gold_gain":0.0,"event_name":"WeMeetAgain","player_choice":"Gave Potion","floor":3.0,"gold_loss":0.0,"damage_taken":0.0,"relics_obtained":["Letter Opener"]},{"cards_removed":["Eviscerate"],"damage_healed":0.0,"max_hp_gain":0.0,"max_hp_loss":0.0,"gold_gain":0.0,"event_name":"Beggar","player_choice":"Gave Gold","floor":19.0,"gold_loss":75.0,"damage_taken":0.0},{"damage_healed":0.0,"max_hp_gain":0.0,"max_hp_loss":0.0,"gold_gain":99.0,"event_name":"Nest","player_choice":"Stole From Cult","floor":21.0,"gold_loss":0.0,"damage_taken":0.0},{"damage_healed":0,"gold_gain":0,"player_choice":"Ignored","damage_taken":0,"max_hp_gain":0,"max_hp_loss":0,"event_name":"Ghosts","floor":31,"gold_loss":0}],"is_beta":false,"boss_relics":[{"not_picked":["Snecko Eye","Sozu"],"picked":"WristBlade"}],"items_purged_floors":[],"is_endless":false,"potions_floor_spawned":[1,2,6,12,16,22,27],"killed_by":"Champ","ascension_level":0}