{"gold_per_floor":[115,115,125,58,133,133,153,153,153,153,153,166,182,198,198,298,298,311,113,123,753,753],"floor_reached":22,"playtime":407,"items_purged":["Strike_R"],"score":226,"play_id":"0dff2362-4c7c-47a6-a35e-8cd1b4e687ba","local_time":"20190516001858","is_ascension_mode":false,"campfire_choices":[{"data":"Inflame","floor":6.0,"key":"SMITH"},{"data":"Uppercut","floor":8.0,"key":"SMITH"},{"data":"Sword Boomerang","floor":11.0,"key":"SMITH"},{"data":"Spot Weakness","floor":15.0,"key":"SMITH"}],"neow_cost":"NONE","seed_source_timestamp":13230128222503,"circlet_count":0,"master_deck":["Strike_R","Strike_R","Strike_R","Strike_R","Defend_R","Defend_R","Defend_R","Defend_R","Bash+1","Sword Boomerang+1","Sword Boomerang","Inflame+1","Uppercut+1","Spot Weakness+1","Headbutt","Iron Wave+1","Inflame","True Grit"],"special_seed":0,"relics":["Burning Blood","Regal Pillow","Juzu Bracelet","Velvet Choker"],"potions_floor_usage":[22,22],"damage_taken":[{"damage":0.0,"enemies":"Small Slimes","floor":1.0,"turns":3.0},{"damage":6.0,"enemies":"Jaw Worm","floor":3.0,"turns":3.0},{"damage":1.0,"enemies":"Cultist","floor":7.0,"turns":3.0},{"damage":5.0,"enemies":"Gremlin Gang","floor":12.0,"turns":5.0},{"damage":0.0,"enemies":"Large Slime","floor":13.0,"turns":3.0},{"damage":5.0,"enemies":"Looter","floor":14.0,"turns":3.0},{"damage":0.0,"enemies":"Slime Boss","floor":16.0,"turns":6.0},{"damage":6.0,"enemies":"Shell Parasite","floor":18.0,"turns":3.0},{"damage":8.0,"enemies":"3 Byrds","floor":20.0,"turns":4.0},{"damage":21,"enemies":"Colosseum Slavers","floor":22,"turns":1}],"seed_played":"-242633616297821187","potions_obtained":[{"floor":12.0,"key":"EssenceOfSteel"},{"floor":13.0,"key":"Explosive Potion"},{"floor":14.0,"key":"Strength Potion"},{"floor":16.0,"key":"Strength Potion"}],"is_trial":false,"path_per_floor":["M","?","M","$","?","R","M","R","T","?","R","M","M","M","R","B",null,"M","$","M","?","?"],"character_chosen":"IRONCLAD","items_purchased":["Inflame","Inflame","True Grit"],"campfire_rested":0,"item_purchase_floors":[4,19,19],"current_hp_per_floor":[80,85,85,85,74,74,79,79,79,79,79,80,85,85,85,85,85,85,85,83,19,0],"gold":753,"neow_bonus":"RANDOM_COMMON_RELIC","is_prod":false,"is_daily":false,"chose_seed":false,"campfire_upgraded":4,"win_rate":0,"timestamp":1557987538,"path_taken":["M","?","M","$","?","R","M","R","T","?","R","M","M","M","R","BOSS","M","$","M","?","?"],"build_version":"2019-01-23","purchased_purges":1,"victory":false,"max_hp_per_floor":[80,85,85,85,85,85,85,85,85,85,85,85,85,85,85,85,85,85,85,85,85,85],"card_choices":[{"not_picked":["True Grit","Entrench"],"picked":"Sword Boomerang","floor":1.0},{"not_picked":["Iron Wave","Thunderclap"],"picked":"Sword Boomerang","floor":3.0},{"not_picked":["Fire Breathing","Armaments"],"picked":"Uppercut","floor":7.0},{"not_picked":["Wild Strike","Shockwave"],"picked":"Spot Weakness","floor":12.0},{"not_picked":["Havoc","Wild Strike"],"picked":"Headbutt","floor":13.0},{"not_picked":["Clash","Shrug It Off","Combust"],"picked":"SKIP","floor":14.0},{"not_picked":["Cleave","Thunderclap"],"picked":"Iron Wave+1","floor":18.0},{"not_picked":["Metallicize","Rage","Body Slam"],"picked":"SKIP","floor":20.0}],"player_experience":1410593,"relics_obtained":[{"floor":9.0,"key":"Juzu Bracelet"}],"event_choices":[{"damage_healed":0.0,"max_hp_gain":5.0,"max_hp_loss":0.0,"gold_gain":0.0,"event_name":"Big Fish","player_choice":"Donut","floor":2.0,"gold_loss":0.0,"damage_taken":0.0},{"damage_healed":0.0,"max_hp_gain":0.0,"max_hp_loss":0.0,"gold_gain":75.0,"event_name":"World of Goop","player_choice":"Gather Gold","floor":5.0,"gold_loss":0.0,"damage_taken":11.0},{"damage_healed":0.0,"max_hp_gain":0.0,"max_hp_loss":0.0,"gold_gain":0.0,"event_name":"Upgrade Shrine","player_choice":"Upgraded","floor":10.0,"gold_loss":0.0,"damage_taken":0.0,"cards_upgraded":["Bash"]},{"damage_healed":0.0,"max_hp_gain":0.0,"max_hp_loss":0.0,"gold_gain":630.0,"event_name":"Knowing Skull","player_choice":"GOLD GOLD GOLD GOLD GOLD GOLD GOLD ","floor":21.0,"potions_obtained":[],"gold_loss":0.0,"damage_taken":64.0,"cards_obtained":[]},{"damage_healed":0,"gold_gain":0,"player_choice":"Fight","damage_taken":0,"max_hp_gain":0,"max_hp_loss":0,"event_name":"Colosseum","floor":22,"gold_loss":0}],"is_beta":false,"boss_relics":[{"not_picked":["Snecko Eye","Lizard Tail"],"picked":"Velvet Choker"}],"items_purged_floors":[19],"is_endless":false,"potions_floor_spawned":[12,13,14,16],"killed_by":"Colosseum Slavers","ascension_level":0}