{"gold_per_floor":[114,114,114,131,148,148,148,182,205,215,215,226,10,10,10,109,109,121,121,137,14,14,340,340,440,464,546,572,572,207,233,233,332,332,352,352,369,151,251,276,276,295,295,295,312,344,344,355,355,355,355,355,9,39,39],"floor_reached":56,"playtime":8419,"items_purged":["Defend_G","Defend_G","Pain","Strike_G"],"score":1361,"play_id":"ca3a0349-c41c-4d21-9b17-1f0c043ce39f","local_time":"20190505001250","is_ascension_mode":true,"campfire_choices":[{"data":"Footwork","floor":6.0,"key":"SMITH"},{"data":"Eviscerate","floor":11.0,"key":"SMITH"},{"data":"Panache","floor":15.0,"key":"SMITH"},{"data":"Prepared","floor":24.0,"key":"SMITH"},{"data":"Prepared","floor":29.0,"key":"SMITH"},{"floor":32.0,"key":"REST"},{"floor":41.0,"key":"RECALL"},{"data":"Well Laid Plans","floor":44.0,"key":"SMITH"},{"data":"Tactician","floor":49,"key":"SMITH"},{"data":"Burst","floor":52,"key":"SMITH"}],"neow_cost":"CURSE","seed_source_timestamp":0,"circlet_count":0,"master_deck":["Defend_G","Defend_G","Strike_G","Survivor","Neutralize+1","Footwork+1","Backstab","Terror+1","Eviscerate+1","Panache+1","Deflect+1","Grand Finale","Prepared+1","Well Laid Plans+1","Blur+1","Prepared+1","Panache+1","Infinite Blades+1","After Image+1","Unload","Tactician+1","Burst+1","Flash of Steel","Backflip","Blur+1","Noxious Fumes+1","Backflip+1","Acrobatics"],"special_seed":0,"relics":["Ring of the Snake","StoneCalendar","Centennial Puzzle","Paper Crane","PreservedInsect","HoveringKite","Old Coin","Thread and Needle","Question Card","Frozen Egg 2","War Paint","Bottled Lightning","Empty Cage","Unceasing Top","Letter Opener","Meat on the Bone","Anchor","Happy Flower","Blood Vial"],"potions_floor_usage":[50,54,55,55],"damage_taken":[{"damage":0.0,"enemies":"Small Slimes","floor":1.0,"turns":4.0},{"damage":0.0,"enemies":"2 Louse","floor":4.0,"turns":3.0},{"damage":0.0,"enemies":"Jaw Worm","floor":5.0,"turns":5.0},{"damage":34.0,"enemies":"Gremlin Nob","floor":8.0,"turns":7.0},{"damage":5.0,"enemies":"3 Louse","floor":10.0,"turns":4.0},{"damage":0.0,"enemies":"Looter","floor":12.0,"turns":3.0},{"damage":15.0,"enemies":"The Guardian","floor":16.0,"turns":17.0},{"damage":0.0,"enemies":"Chosen","floor":18.0,"turns":5.0},{"damage":0.0,"enemies":"Shell Parasite","floor":20.0,"turns":5.0},{"damage":12.0,"enemies":"Gremlin Leader","floor":23.0,"turns":6.0},{"damage":9.0,"enemies":"Colosseum Slavers","floor":25.0,"turns":5.0},{"damage":2.0,"enemies":"Colosseum Nobs","floor":25.0,"turns":4.0},{"damage":3.0,"enemies":"Slavers","floor":28.0,"turns":7.0},{"damage":10.0,"enemies":"Gremlin Leader","floor":31.0,"turns":5.0},{"damage":37.0,"enemies":"Automaton","floor":33.0,"turns":11.0},{"damage":9.0,"enemies":"3 Darklings","floor":35.0,"turns":6.0},{"damage":9.0,"enemies":"Orb Walker","floor":37.0,"turns":5.0},{"damage":2.0,"enemies":"Mind Bloom Boss Battle","floor":39.0,"turns":5.0},{"damage":0.0,"enemies":"Giant Head","floor":40.0,"turns":7.0},{"damage":0.0,"enemies":"Spire Growth","floor":42.0,"turns":4.0},{"damage":0.0,"enemies":"Transient","floor":45.0,"turns":5.0},{"damage":16.0,"enemies":"Nemesis","floor":46.0,"turns":3.0},{"damage":0,"enemies":"Jaw Worm Horde","floor":48,"turns":3},{"damage":2,"enemies":"Time Eater","floor":50,"turns":12},{"damage":0,"enemies":"Shield and Spear","floor":54,"turns":3},{"damage":0,"enemies":"The Heart","floor":55,"turns":10}],"seed_played":"1412231770032786110","potions_obtained":[{"floor":8.0,"key":"Fire Potion"},{"floor":10.0,"key":"EssenceOfSteel"},{"floor":12.0,"key":"FearPotion"},{"floor":16.0,"key":"SpeedPotion"},{"floor":20.0,"key":"Weak Potion"},{"floor":25.0,"key":"Weak Potion"},{"floor":33.0,"key":"Dexterity Potion"},{"floor":35.0,"key":"Fruit Juice"},{"floor":37.0,"key":"Weak Potion"},{"floor":40.0,"key":"Dexterity Potion"},{"floor":45.0,"key":"Fire Potion"},{"floor":47,"key":"PowerPotion"}],"is_trial":false,"path_per_floor":["M","?","?","M","M","R","?","E","T","M","R","M","$","?","R","B",null,"M","?","M","$","?","E","R","?","T","T","E","R","$","E","R","B",null,"M","?","M","$","?","E","R","M","T","R","M","E","?","M","R","B",null,"R","$","E","B",null],"character_chosen":"THE_SILENT","items_purchased":["Panache","Deflect","Prepared","Panache+1","Infinite Blades+1","Flash of Steel","Happy Flower","Fire Potion"],"campfire_rested":1,"item_purchase_floors":[13,13,21,30,30,38,53,53],"current_hp_per_floor":[70,63,56,56,56,56,56,22,22,17,17,17,17,39,39,24,67,67,67,67,67,67,55,55,44,44,44,41,41,41,31,51,14,67,63,63,54,54,52,52,52,52,52,52,52,48,48,48,48,46,72,72,72,72,72],"gold":39,"neow_bonus":"ONE_RARE_RELIC","is_prod":false,"is_daily":false,"chose_seed":false,"campfire_upgraded":8,"win_rate":0,"timestamp":1557029570,"path_taken":["M","?","?","?","M","R","?","E","T","M","R","M","$","?","R","BOSS","M","?","?","$","?","E","R","?","T","?","E","R","$","E","R","BOSS","M","?","?","$","?","E","R","M","T","R","M","E","?","M","R","BOSS","R","$","E","BOSS"],"build_version":"2019-01-23","purchased_purges":4,"victory":true,"max_hp_per_floor":[70,67,67,67,67,67,67,67,67,67,67,67,67,67,67,67,67,67,67,67,67,67,67,67,67,67,67,67,67,67,67,67,67,67,72,72,72,72,72,72,72,72,72,72,72,72,72,72,72,72,72,72,72,72,72],"card_choices":[{"not_picked":["Quick Slash","Slice"],"picked":"Footwork","floor":1.0},{"not_picked":["PiercingWail","Masterful Stab","Flying Knee"],"picked":"SKIP","floor":4.0},{"not_picked":["Die Die Die","Underhanded Strike","Endless Agony"],"picked":"SKIP","floor":5.0},{"not_picked":["Calculated Gamble","Acrobatics"],"picked":"Terror","floor":8.0},{"not_picked":["Escape Plan","Outmaneuver"],"picked":"Eviscerate","floor":10.0},{"not_picked":["Dash","Backflip","Heel Hook"],"picked":"SKIP","floor":12.0},{"not_picked":["Venomology","Wraith Form v2"],"picked":"Grand Finale","floor":16.0},{"not_picked":["Dagger Throw","Poisoned Stab","Dodge and Roll"],"picked":"SKIP","floor":18.0},{"not_picked":["Sucker Punch","Distraction","Flechettes+1"],"picked":"SKIP","floor":20.0},{"not_picked":["Bane","Sucker Punch+1"],"picked":"Well Laid Plans","floor":23.0},{"not_picked":["Distraction","Acrobatics"],"picked":"Blur+1","floor":25.0},{"not_picked":["Eviscerate","Noxious Fumes+1","Heel Hook"],"picked":"Prepared","floor":28.0},{"not_picked":["Bouncing Flask","Acrobatics","Backflip+1"],"picked":"After Image+1","floor":31.0},{"not_picked":["Wraith Form v2+1","Bullet Time","Doppelganger"],"picked":"Unload","floor":33.0},{"not_picked":["Flechettes+1","Poisoned Stab","Dagger Spray+1","Terror+1"],"picked":"SKIP","floor":35.0},{"not_picked":["Dagger Spray","Underhanded Strike","Quick Slash"],"picked":"Burst","floor":37.0},{"not_picked":["Dagger Spray+1","Slice","Deadly Poison+1"],"picked":"Backflip","floor":40.0},{"not_picked":["Flying Knee","Sucker Punch+1","Outmaneuver+1","Endless Agony"],"picked":"SKIP","floor":42.0},{"not_picked":["Infinite Blades+1","Sucker Punch+1","Acrobatics"],"picked":"Blur+1","floor":45.0},{"not_picked":["Blur","PiercingWail","Prepared+1"],"picked":"Noxious Fumes+1","floor":46.0},{"not_picked":["Choke","Wraith Form v2+1","Noxious Fumes+1"],"picked":"Backflip+1","floor":48},{"not_picked":["Poisoned Stab+1","Dagger Throw","Sucker Punch+1"],"picked":"Acrobatics","floor":54}],"player_experience":84476,"relics_obtained":[{"floor":8.0,"key":"Paper Crane"},{"floor":9.0,"key":"PreservedInsect"},{"floor":23.0,"key":"Old Coin"},{"floor":25.0,"key":"Thread and Needle"},{"floor":25.0,"key":"Question Card"},{"floor":27.0,"key":"Frozen Egg 2"},{"floor":28.0,"key":"War Paint"},{"floor":31.0,"key":"Bottled Lightning"},{"floor":39.0,"key":"Unceasing Top"},{"floor":40.0,"key":"Letter Opener"},{"floor":43.0,"key":"Meat on the Bone"},{"floor":46.0,"key":"Anchor"},{"floor":54,"key":"Blood Vial"}],"event_choices":[{"cards_removed":["Parasite"],"damage_healed":0.0,"max_hp_gain":0.0,"max_hp_loss":0.0,"gold_gain":0.0,"event_name":"Golden Wing","player_choice":"Card Removal","floor":2.0,"gold_loss":0.0,"damage_taken":7.0},{"damage_healed":0.0,"max_hp_gain":0.0,"max_hp_loss":0.0,"gold_gain":0.0,"event_name":"Scrap Ooze","player_choice":"Success","floor":3.0,"gold_loss":0.0,"damage_taken":7.0,"relics_obtained":["Centennial Puzzle"]},{"damage_healed":0.0,"max_hp_gain":0.0,"max_hp_loss":0.0,"gold_gain":0.0,"cards_transformed":["Strike_G"],"event_name":"Living Wall","player_choice":"Change","floor":7.0,"gold_loss":0.0,"damage_taken":0.0,"cards_obtained":["Backstab"]},{"damage_healed":22.0,"max_hp_gain":0.0,"max_hp_loss":0.0,"gold_gain":0.0,"event_name":"Big Fish","player_choice":"Banana","floor":14.0,"gold_loss":0.0,"damage_taken":0.0},{"damage_healed":0.0,"max_hp_gain":0.0,"max_hp_loss":0.0,"gold_gain":0.0,"event_name":"Accursed Blacksmith","player_choice":"Forge","floor":19.0,"gold_loss":0.0,"damage_taken":0.0,"cards_upgraded":["Neutralize"]},{"cards_removed":["Strike_G"],"damage_healed":0.0,"max_hp_gain":0.0,"max_hp_loss":0.0,"gold_gain":0.0,"event_name":"Back to Basics","player_choice":"Elegance","floor":22.0,"gold_loss":0.0,"damage_taken":0.0},{"damage_healed":0.0,"max_hp_gain":0.0,"max_hp_loss":0.0,"gold_gain":0.0,"event_name":"Colosseum","player_choice":"Fight","floor":25.0,"gold_loss":0.0,"damage_taken":0.0},{"damage_healed":0.0,"max_hp_gain":0.0,"max_hp_loss":0.0,"gold_gain":0.0,"event_name":"Colosseum","player_choice":"Fought Nobs","floor":25.0,"gold_loss":0.0,"damage_taken":0.0},{"damage_healed":0.0,"max_hp_gain":0.0,"max_hp_loss":0.0,"gold_gain":0.0,"event_name":"Match and Keep!","player_choice":"2 cards matched","floor":36.0,"gold_loss":0.0,"damage_taken":0.0,"cards_obtained":["Pain","Tactician"]},{"damage_healed":0.0,"max_hp_gain":0.0,"max_hp_loss":0.0,"gold_gain":0.0,"event_name":"Match and Keep!","player_choice":"2 cards matched","floor":36.0,"gold_loss":0.0,"damage_taken":0.0,"cards_obtained":["Pain","Tactician"]},{"damage_healed":0.0,"max_hp_gain":0.0,"max_hp_loss":0.0,"gold_gain":0.0,"event_name":"MindBloom","player_choice":"Fight","floor":39.0,"gold_loss":0.0,"damage_taken":0.0},{"damage_healed":0,"gold_gain":0,"player_choice":"Got Potions","damage_taken":0,"max_hp_gain":0,"max_hp_loss":0,"event_name":"Lab","floor":47,"gold_loss":0}],"is_beta":false,"boss_relics":[{"not_picked":["Orrery","Runic Dome"],"picked":"HoveringKite"},{"not_picked":["Astrolabe","White Beast Statue"],"picked":"Empty Cage"}],"items_purged_floors":[21,30,38,53],"is_endless":false,"potions_floor_spawned":[8,10,12,16,20,25,25,33,35,37,40,45,46],"ascension_level":1}