{"path_per_floor":["M","M","M","?","M","R","M","E","T","M","M","M","M","$","R","B",null,"M","M","M","M","?","R","E","R","T","?","E","$","E","M","R","B",null,"M","?","M","M","$","E","M","M","T","M","M","M","M","E","R","B"],"character_chosen":"THE_SILENT","items_purchased":["Apotheosis","Shuriken","Tough Bandages","Underhanded Strike"],"gold_per_floor":[114,129,144,144,159,159,174,204,204,219,534,549,564,111,111,211,211,226,241,256,271,271,271,301,301,301,301,331,31,61,76,76,176,176,191,0,15,30,30,60,75,90,90,105,120,135,150,180,180,180],"floor_reached":51,"campfire_rested":0,"playtime":3156,"current_hp_per_floor":[68,68,68,68,70,70,70,77,77,87,87,87,87,87,87,87,87,87,87,87,87,87,87,87,87,87,87,87,87,87,87,87,87,87,87,87,87,87,87,87,87,87,87,87,87,87,87,87,87,87],"items_purged":[],"gold":180,"score":1256,"play_id":"f207e5f2-0775-47f7-97d0-f80ebfe27246","local_time":"20180417212717","daily_mods":["Draft","Night Terrors","Vintage"],"is_prod":false,"is_daily":true,"chose_seed":false,"is_ascension_mode":false,"campfire_upgraded":6,"timestamp":1524018437,"path_taken":["M","M","M","?","M","R","M","E","T","?","M","M","M","$","R","BOSS","M","M","M","M","?","R","E","R","T","?","E","$","E","M","R","BOSS","M","?","M","M","$","E","M","M","T","M","M","M","M","E","R","BOSS"],"build_version":"2018-04-16","seed_source_timestamp":471088331330372,"purchased_purges":1,"victory":true,"master_deck":["Calculated Gamble+1","Backflip","Reflex+1","Acrobatics+1","Prepared+1","Underhanded Strike","Underhanded Strike","Slice","Distraction","Slice","Dagger Throw+1","Endless Agony","Prepared","Backflip","Dagger Throw","Apotheosis+1","After Image+1","Dagger Throw+1","Deflect+1","Underhanded Strike","Dagger Throw+1","Adrenaline+1","Blur+1"],"max_hp_per_floor":[70,70,70,70,70,70,70,77,77,87,87,87,87,87,87,87,87,87,87,87,87,87,87,87,87,87,87,87,87,87,87,87,87,87,87,87,87,87,87,87,87,87,87,87,87,87,87,87,87,87],"relics":["Ring of the Snake","Ninja Scroll","Blue Candle","Blood Vial","Regal Pillow","Letter Opener","Strawberry","Darkstone Periapt","Pear","Old Coin","Snake Skull","Gambling Chip","Shuriken","Calipers","Runic Dome","Bag of Preparation","Meat on the Bone","Paper Crane","Oddly Smooth Stone","Orichalcum","Nloth\u0027s Gift","Unceasing Top","Tough Bandages","War Paint","Matryoshka","Art of War","Sozu","Frozen Egg 2","Red Mask","Singing Bowl","Pen Nib","Whetstone","Happy Flower","Bronze Scales","Toxic Egg 2","Mummified Hand","Lantern","Omamori","Bottled Flame","Ancient Tea Set","Mercury Hourglass"],"card_choices":[{"not_picked":["Outmaneuver","Sucker Punch"],"picked":"Calculated Gamble","floor":0},{"not_picked":["Cloak And Dagger","Dodge and Roll"],"picked":"Backflip","floor":0},{"not_picked":["Dodge and Roll","Finisher"],"picked":"Reflex","floor":0},{"not_picked":["Leg Sweep","Flying Knee"],"picked":"Acrobatics","floor":0},{"not_picked":["Sucker Punch","Choke"],"picked":"Prepared","floor":0},{"not_picked":["Sucker Punch","Dagger Spray"],"picked":"Underhanded Strike","floor":0},{"not_picked":["Outmaneuver","Poisoned Stab"],"picked":"Underhanded Strike","floor":0},{"not_picked":["Bane","Blade Dance"],"picked":"Slice","floor":0},{"not_picked":["Riddle With Holes","Masterful Stab"],"picked":"Sucker Punch","floor":0},{"not_picked":["Leg Sweep","Bane"],"picked":"Distraction","floor":0},{"not_picked":["Quick Slash","Deadly Poison"],"picked":"Slice","floor":0},{"not_picked":["Deadly Poison","Sucker Punch"],"picked":"Dagger Throw","floor":0},{"not_picked":["Outmaneuver","Dodge and Roll"],"picked":"Endless Agony","floor":0},{"not_picked":["Infinite Blades","Riddle With Holes"],"picked":"Prepared","floor":0},{"not_picked":["Quick Slash","Outmaneuver"],"picked":"Backflip","floor":0},{"not_picked":["Bullet Time","Catalyst"],"picked":"Dagger Throw","floor":8},{"not_picked":["Grand Finale","Venomology"],"picked":"After Image","floor":16},{"not_picked":["Cloak And Dagger","Choke"],"picked":"Dagger Throw","floor":24},{"not_picked":["All Out Attack","Bullet Time"],"picked":"Deflect","floor":28},{"not_picked":["Tools of the Trade","Slice"],"picked":"Dagger Throw","floor":30},{"not_picked":["Flying Knee","Envenom"],"picked":"Adrenaline","floor":40},{"not_picked":["Cloak And Dagger","Glass Knife"],"picked":"Blur","floor":48}],"player_experience":170215,"potions_floor_usage":[11,16],"damage_taken":[{"damage":2,"enemies":"Jaw Worm","floor":1,"turns":2},{"damage":0,"enemies":"2 Louse","floor":2,"turns":1},{"damage":0,"enemies":"Cultist","floor":3,"turns":2},{"damage":0,"enemies":"Large Slime","floor":5,"turns":2},{"damage":0,"enemies":"3 Louse","floor":7,"turns":2},{"damage":0,"enemies":"Gremlin Nob","floor":8,"turns":2},{"damage":0,"enemies":"2 Fungi Beasts","floor":10,"turns":1},{"damage":0,"enemies":"Lots of Slimes","floor":11,"turns":1},{"damage":0,"enemies":"Red Slaver","floor":12,"turns":1},{"damage":0,"enemies":"Exordium Thugs","floor":13,"turns":1},{"damage":0,"enemies":"Hexaghost","floor":16,"turns":1},{"damage":0,"enemies":"Shell Parasite","floor":18,"turns":1},{"damage":0,"enemies":"Chosen","floor":19,"turns":2},{"damage":0,"enemies":"3 Cultists","floor":20,"turns":2},{"damage":0,"enemies":"Sentry and Sphere","floor":21,"turns":2},{"damage":0,"enemies":"Book of Stabbing","floor":24,"turns":2},{"damage":0,"enemies":"Gremlin Leader","floor":28,"turns":2},{"damage":0,"enemies":"Slavers","floor":30,"turns":2},{"damage":0,"enemies":"Slaver and Parasite","floor":31,"turns":2},{"damage":0,"enemies":"Automaton","floor":33,"turns":4},{"damage":0,"enemies":"Orb Walker","floor":35,"turns":1},{"damage":0,"enemies":"3 Shapes","floor":37,"turns":1},{"damage":0,"enemies":"Sphere and 2 Shapes","floor":38,"turns":1},{"damage":0,"enemies":"Nemesis","floor":40,"turns":3},{"damage":0,"enemies":"Spire Growth","floor":41,"turns":1},{"damage":0,"enemies":"Flame Bruiser 2 Orb","floor":42,"turns":1},{"damage":0,"enemies":"Maw","floor":44,"turns":1},{"damage":0,"enemies":"3 Darklings","floor":45,"turns":1},{"damage":0,"enemies":"Flame Bruiser 2 Orb","floor":46,"turns":1},{"damage":0,"enemies":"Spire Growth","floor":47,"turns":1},{"damage":0,"enemies":"2 Orb Walkers","floor":48,"turns":1},{"damage":0,"enemies":"Awakened One","floor":50,"turns":5}],"event_choices":[{"event_name":"Living Wall","player_choice":"Forget","floor":4,"damage_taken":0},{"event_name":"Vampires","player_choice":"Ignored","floor":22,"damage_taken":0},{"event_name":"N\u0027loth","player_choice":"Traded a Molten Egg 2","floor":27,"damage_taken":0},{"event_name":"Tomb of Lord Red Mask","player_choice":"Paid","floor":36,"damage_taken":0}],"boss_relics":[{"not_picked":["White Beast Statue","Cursed Key"],"picked":"Runic Dome"},{"not_picked":["Snecko Eye","Black Star"],"picked":"Sozu"}],"potions_floor_spawned":[1,2,8,11,13,19,20,21,28,37,40,45,46,47],"seed_played":"-4643760058957999775","ascension_level":0,"is_trial":false}