{"gold_per_floor":[16,16,35,52,52,83,94,128,128,128,303,303,303,320,320,415,415,427,427,444,456,67,101,101,118,166,166,166],"floor_reached":28,"playtime":1241,"items_purged":[],"score":309,"play_id":"28cdeda8-0476-4391-9170-7fb1e2bb8907","local_time":"20190515142510","is_ascension_mode":true,"campfire_choices":[{"data":"Footwork","floor":10,"key":"SMITH"},{"data":"Bouncing Flask","floor":13,"key":"SMITH"},{"data":"Deadly Poison","floor":15,"key":"SMITH"},{"data":"Noxious Fumes","floor":24,"key":"SMITH"},{"data":"Cloak And Dagger","floor":27,"key":"SMITH"}],"neow_cost":"NO_GOLD","seed_source_timestamp":9671333998484,"circlet_count":0,"master_deck":["Defend_G","Defend_G","Defend_G","Defend_G","Strike_G","Strike_G","Strike_G","Strike_G","Strike_G","Survivor","Neutralize","After Image","Sucker Punch","Footwork+1","Poisoned Stab","Skewer","PiercingWail","Bouncing Flask+1","Deadly Poison+1","After Image","Noxious Fumes+1","Cloak And Dagger+1","Riddle With Holes","Dash","Footwork","Adrenaline"],"relics":["Ring of the Snake","Mummified Hand","Gremlin Horn","Shuriken","Spirit Poop","Snecko Eye","Singing Bowl","Darkstone Periapt","Ancient Tea Set"],"potions_floor_usage":[6,18,18,18,28],"damage_taken":[{"damage":3,"enemies":"Small Slimes","floor":1,"turns":5},{"damage":3,"enemies":"2 Louse","floor":3,"turns":3},{"damage":0,"enemies":"Cultist","floor":4,"turns":4},{"damage":13,"enemies":"Gremlin Nob","floor":6,"turns":4},{"damage":0,"enemies":"Exordium Wildlife","floor":7,"turns":4},{"damage":18,"enemies":"Lagavulin","floor":8,"turns":10},{"damage":1,"enemies":"Blue Slaver","floor":14,"turns":3},{"damage":3,"enemies":"Hexaghost","floor":16,"turns":8},{"damage":0,"enemies":"2 Thieves","floor":18,"turns":4},{"damage":0,"enemies":"Chosen","floor":20,"turns":3},{"damage":3,"enemies":"Snecko","floor":21,"turns":4},{"damage":7,"enemies":"Gremlin Leader","floor":23,"turns":6},{"damage":15,"enemies":"Centurion and Healer","floor":25,"turns":7},{"damage":42,"enemies":"Book of Stabbing","floor":28,"turns":5}],"seed_played":"4689286350624613420","potions_obtained":[{"floor":3,"key":"FearPotion"},{"floor":8,"key":"GhostInAJar"},{"floor":14,"key":"Poison Potion"},{"floor":16,"key":"Poison Potion"},{"floor":20,"key":"PowerPotion"}],"is_trial":false,"path_per_floor":["M","?","M","M","?","E","M","E","T","R","?","?","R","M","R","B",null,"M","?","M","M","$","E","R","M","T","R","E"],"character_chosen":"THE_SILENT","items_purchased":["Singing Bowl","Dash","Footwork"],"campfire_rested":0,"item_purchase_floors":[22,22,22],"current_hp_per_floor":[67,72,69,69,62,49,49,31,31,31,31,31,31,30,30,27,63,63,63,63,60,60,53,53,40,40,40,0],"gold":166,"neow_bonus":"THREE_RARE_CARDS","is_prod":false,"is_daily":false,"chose_seed":false,"campfire_upgraded":5,"win_rate":0,"timestamp":1557944710,"path_taken":["M","?","M","M","?","E","M","E","T","R","?","?","R","?","R","BOSS","M","?","M","M","$","E","R","M","T","R","E"],"build_version":"2019-01-23","purchased_purges":0,"victory":false,"max_hp_per_floor":[70,75,75,75,75,75,75,75,75,75,75,75,75,75,75,75,75,75,75,75,75,75,75,75,77,77,77,77],"card_choices":[{"not_picked":["Adrenaline","Bullet Time"],"picked":"After Image","floor":0},{"not_picked":["Quick Slash","Heel Hook"],"picked":"Sucker Punch","floor":1},{"not_picked":["All Out Attack","Caltrops"],"picked":"Footwork","floor":3},{"not_picked":["Dodge and Roll","Reflex"],"picked":"Poisoned Stab","floor":4},{"not_picked":["Terror","PiercingWail"],"picked":"Skewer","floor":6},{"not_picked":["Acrobatics","Dagger Throw"],"picked":"PiercingWail","floor":7},{"not_picked":["Dagger Throw","Concentrate"],"picked":"Bouncing Flask","floor":8},{"not_picked":["Grand Finale","Prepared"],"picked":"Deadly Poison","floor":14},{"not_picked":["A Thousand Cuts","Phantasmal Killer"],"picked":"After Image","floor":16},{"not_picked":["Dagger Spray","Prepared","Quick Slash"],"picked":"SKIP","floor":18},{"not_picked":["Sucker Punch","Flying Knee+1"],"picked":"Cloak And Dagger","floor":20},{"not_picked":["Cloak And Dagger+1","Deflect+1"],"picked":"Riddle With Holes","floor":21},{"not_picked":["Backflip","Deadly Poison"],"picked":"Adrenaline","floor":23},{"not_picked":["Dodge and Roll","Prepared+1","Acrobatics"],"picked":"Singing Bowl","floor":25}],"player_experience":248189,"relics_obtained":[{"floor":6,"key":"Mummified Hand"},{"floor":8,"key":"Gremlin Horn"},{"floor":9,"key":"Shuriken"},{"floor":23,"key":"Darkstone Periapt"},{"floor":26,"key":"Ancient Tea Set"}],"event_choices":[{"damage_healed":0,"gold_gain":0,"player_choice":"Donut","damage_taken":0,"max_hp_gain":5,"max_hp_loss":0,"event_name":"Big Fish","floor":2,"gold_loss":0},{"cards_removed":["Defend_G"],"damage_healed":0,"gold_gain":0,"player_choice":"Card Removal","damage_taken":7,"max_hp_gain":0,"max_hp_loss":0,"event_name":"Golden Wing","floor":5,"gold_loss":0},{"damage_healed":0,"gold_gain":175,"player_choice":"AGREE","damage_taken":0,"max_hp_gain":0,"max_hp_loss":0,"event_name":"Liars Game","floor":11,"gold_loss":0,"cards_obtained":["Doubt"]},{"cards_removed":["Doubt"],"damage_healed":0,"gold_gain":0,"player_choice":"Offered Curse","damage_taken":0,"relics_obtained":["Spirit Poop"],"max_hp_gain":0,"max_hp_loss":0,"event_name":"Bonfire Elementals","floor":12,"gold_loss":0},{"damage_healed":0,"gold_gain":0,"player_choice":"Read","damage_taken":0,"max_hp_gain":0,"max_hp_loss":0,"event_name":"The Library","floor":19,"gold_loss":0,"cards_obtained":["Noxious Fumes"]}],"is_beta":false,"boss_relics":[{"not_picked":["Black Star","Pandora\u0027s Box"],"picked":"Snecko Eye"}],"items_purged_floors":[],"is_endless":false,"potions_floor_spawned":[3,8,14,16,20],"killed_by":"Book of Stabbing","ascension_level":5}