{"gold_per_floor":[113,113,188,36,36,36,67,67,67,87,115,135,147,147,147,222,222,222],"floor_reached":18,"playtime":439,"items_purged":["Strike_R"],"score":386,"play_id":"f7030c2c-60fa-4df3-b18d-e7650c167a8c","local_time":"20190307113109","is_ascension_mode":true,"campfire_choices":[{"data":"Rampage","floor":6.0,"key":"SMITH"},{"data":"Barricade","floor":8.0,"key":"SMITH"},{"data":"Armaments","floor":15,"key":"SMITH"}],"neow_cost":"NONE","seed_source_timestamp":520174468268761,"circlet_count":0,"master_deck":["AscendersBane","Strike_R","Strike_R","Strike_R","Strike_R","Defend_R","Defend_R","Defend_R","Defend_R","Bash","Flex","Rampage+1","Barricade+1","Feel No Pain","Armaments+1","Fiend Fire"],"special_seed":0,"relics":["Burning Blood","NeowsBlessing","Ginger","Magic Flower","Centennial Puzzle","Black Star"],"potions_floor_usage":[16],"damage_taken":[{"damage":0.0,"enemies":"Jaw Worm","floor":1.0,"turns":1.0},{"damage":0.0,"enemies":"Gremlin Nob","floor":7.0,"turns":1.0},{"damage":0.0,"enemies":"Small Slimes","floor":10.0,"turns":1.0},{"damage":17.0,"enemies":"Lagavulin","floor":11.0,"turns":7.0},{"damage":2.0,"enemies":"Cultist","floor":12.0,"turns":4.0},{"damage":8.0,"enemies":"Blue Slaver","floor":13.0,"turns":4.0},{"damage":45,"enemies":"The Guardian","floor":16,"turns":12},{"damage":51,"enemies":"3 Byrds","floor":18,"turns":7}],"seed_played":"7012818838183490762","potions_obtained":[{"floor":11.0,"key":"SkillPotion"},{"floor":12.0,"key":"Dexterity Potion"}],"is_trial":false,"path_per_floor":["M","$","?","$","?","R","E","R","T","M","E","M","M","?","R","B",null,"M"],"character_chosen":"IRONCLAD","items_purchased":["Rampage"],"campfire_rested":0,"item_purchase_floors":[4],"current_hp_per_floor":[74,74,63,63,63,63,69,69,69,75,67,74,75,80,80,44,71,20],"gold":222,"neow_bonus":"THREE_ENEMY_KILL","is_prod":false,"is_daily":false,"chose_seed":false,"campfire_upgraded":3,"win_rate":0,"timestamp":1551929469,"path_taken":["M","$","?","$","?","R","E","R","T","M","E","M","?","?","R","BOSS","M"],"build_version":"2019-01-23","purchased_purges":1,"victory":false,"max_hp_per_floor":[75,75,75,75,75,75,75,75,75,75,75,75,75,80,80,80,80,80],"card_choices":[{"not_picked":["Heavy Blade","Pommel Strike"],"picked":"Flex","floor":1.0},{"not_picked":["Thunderclap","Warcry"],"picked":"Barricade","floor":7.0},{"not_picked":["Iron Wave","Pommel Strike"],"picked":"Feel No Pain","floor":10.0},{"not_picked":["Heavy Blade","Warcry","Clothesline"],"picked":"SKIP","floor":12.0},{"not_picked":["Wild Strike","Anger"],"picked":"Armaments","floor":13.0},{"not_picked":["Bludgeon","Immolate"],"picked":"Fiend Fire","floor":16}],"player_experience":1175267,"relics_obtained":[{"floor":7.0,"key":"Ginger"},{"floor":9.0,"key":"Magic Flower"},{"floor":11.0,"key":"Centennial Puzzle"}],"event_choices":[{"damage_healed":0.0,"max_hp_gain":0.0,"max_hp_loss":0.0,"gold_gain":75.0,"event_name":"World of Goop","player_choice":"Gather Gold","floor":3.0,"gold_loss":0.0,"damage_taken":11.0},{"damage_healed":0.0,"max_hp_gain":0.0,"max_hp_loss":0.0,"gold_gain":0.0,"event_name":"The Cleric","player_choice":"Leave","floor":5.0,"gold_loss":0.0,"damage_taken":0.0},{"damage_healed":0,"gold_gain":0,"player_choice":"Donut","damage_taken":0,"max_hp_gain":5,"max_hp_loss":0,"event_name":"Big Fish","floor":14,"gold_loss":0}],"is_beta":false,"boss_relics":[{"not_picked":["Philosopher\u0027s Stone","Black Blood"],"picked":"Black Star"}],"items_purged_floors":[4],"is_endless":false,"potions_floor_spawned":[11,12],"killed_by":"3 Byrds","ascension_level":20}