{"gold_per_floor":[109,33,33,43,43,70,70,97,97,97,22,22,22,41,41,118,118,118,118,118,118,118,118,118],"floor_reached":24,"playtime":560,"items_purged":[],"score":450,"play_id":"d4f6fbb9-8051-4491-866d-069f3747c954","local_time":"20190422201413","is_ascension_mode":true,"campfire_choices":[{"data":"Fiend Fire","floor":7.0,"key":"SMITH"},{"data":"Entrench","floor":10.0,"key":"SMITH"},{"data":"Bash","floor":12.0,"key":"SMITH"},{"data":"Evolve","floor":15.0,"key":"SMITH"},{"data":"Rampage","floor":23,"key":"SMITH"}],"neow_cost":"NONE","seed_source_timestamp":122799198433756,"circlet_count":0,"master_deck":["AscendersBane","Strike_R","Strike_R+1","Defend_R","Defend_R","Defend_R","Defend_R","Bash+1","Entrench+1","Fiend Fire+1","Second Wind+1","Evolve+1","Rampage+1","Impervious","Pommel Strike"],"special_seed":0,"relics":["Burning Blood","NeowsBlessing","Blue Candle","Shuriken","Smiling Mask","Ectoplasm","Enchiridion"],"potions_floor_usage":[18],"damage_taken":[{"damage":0.0,"enemies":"Jaw Worm","floor":1.0,"turns":1.0},{"damage":0.0,"enemies":"Cultist","floor":4.0,"turns":1.0},{"damage":0.0,"enemies":"Gremlin Nob","floor":6.0,"turns":1.0},{"damage":30.0,"enemies":"3 Sentries","floor":8.0,"turns":15.0},{"damage":1.0,"enemies":"2 Louse","floor":14.0,"turns":3.0},{"damage":33.0,"enemies":"Slime Boss","floor":16.0,"turns":6.0},{"damage":28,"enemies":"Shell Parasite","floor":18,"turns":7},{"damage":28,"enemies":"Colosseum Slavers","floor":19,"turns":7},{"damage":0,"enemies":"Chosen","floor":22,"turns":4},{"damage":12,"enemies":"Centurion and Healer","floor":24,"turns":3}],"seed_played":"7126343354099748714","potions_obtained":[{"floor":1.0,"key":"FearPotion"},{"floor":6.0,"key":"LiquidBronze"},{"floor":22,"key":"SkillPotion"}],"is_trial":false,"path_per_floor":["M","$","?","M","?","E","R","E","T","R","?","R","?","M","R","B",null,"M","?","?","?","M","R","M"],"character_chosen":"IRONCLAD","items_purchased":["Fiend Fire"],"campfire_rested":0,"item_purchase_floors":[2],"current_hp_per_floor":[74,74,74,75,52,58,58,34,34,34,34,34,59,64,64,37,66,44,22,1,1,7,7,0],"gold":118,"neow_bonus":"THREE_ENEMY_KILL","is_prod":false,"is_daily":false,"chose_seed":false,"campfire_upgraded":5,"win_rate":0,"timestamp":1555935253,"path_taken":["M","$","?","?","?","E","R","E","T","R","?","R","?","M","R","BOSS","M","?","?","?","M","R","?"],"build_version":"2019-01-23","purchased_purges":0,"victory":false,"max_hp_per_floor":[75,75,75,75,75,75,75,75,75,75,75,75,75,75,75,75,75,75,75,75,75,75,75,75],"card_choices":[{"not_picked":["Rage","Clothesline"],"picked":"Entrench","floor":1.0},{"not_picked":["Havoc","Heavy Blade","Twin Strike"],"picked":"SKIP","floor":4.0},{"not_picked":["Second Wind","Rupture"],"picked":"Evolve","floor":6.0},{"not_picked":["Warcry","Thunderclap","Anger"],"picked":"SKIP","floor":8.0},{"not_picked":["Flex","Armaments"],"picked":"Rampage","floor":14.0},{"not_picked":["Immolate","Berserk"],"picked":"Impervious","floor":16.0},{"not_picked":["Infernal Blade","Whirlwind"],"picked":"Pommel Strike","floor":18},{"not_picked":["Bloodletting","Rampage","Clash"],"picked":"SKIP","floor":22}],"player_experience":1737991,"relics_obtained":[{"floor":6.0,"key":"Blue Candle"},{"floor":8.0,"key":"Shuriken"},{"floor":9.0,"key":"Smiling Mask"},{"floor":20,"key":"Enchiridion"}],"event_choices":[{"damage_healed":0.0,"max_hp_gain":0.0,"max_hp_loss":0.0,"gold_gain":0.0,"cards_transformed":["Strike_R"],"event_name":"Transmorgrifier","player_choice":"Transformed","floor":3.0,"gold_loss":0.0,"damage_taken":0.0,"cards_obtained":["Second Wind"]},{"damage_healed":0.0,"max_hp_gain":0.0,"max_hp_loss":0.0,"gold_gain":0.0,"event_name":"Shining Light","player_choice":"Entered Light","floor":5.0,"gold_loss":0.0,"damage_taken":23.0,"cards_upgraded":["Strike_R","Second Wind"]},{"cards_removed":["Strike_R"],"damage_healed":0.0,"max_hp_gain":0.0,"max_hp_loss":0.0,"gold_gain":0.0,"event_name":"The Cleric","player_choice":"Card Removal","floor":11.0,"gold_loss":75.0,"damage_taken":0.0},{"damage_healed":25.0,"max_hp_gain":0.0,"max_hp_loss":0.0,"gold_gain":0.0,"event_name":"Big Fish","player_choice":"Banana","floor":13.0,"gold_loss":0.0,"damage_taken":0.0},{"damage_healed":0,"gold_gain":0,"player_choice":"Fight","damage_taken":0,"max_hp_gain":0,"max_hp_loss":0,"event_name":"Colosseum","floor":19,"gold_loss":0},{"damage_healed":0,"gold_gain":0,"player_choice":"Fled From Nobs","damage_taken":0,"max_hp_gain":0,"max_hp_loss":0,"event_name":"Colosseum","floor":19,"gold_loss":0},{"damage_healed":0,"gold_gain":0,"player_choice":"Obtained Book","damage_taken":21,"max_hp_gain":0,"max_hp_loss":0,"event_name":"Cursed Tome","floor":20,"gold_loss":0},{"cards_removed":["Strike_R"],"damage_healed":0,"gold_gain":0,"player_choice":"Purged","damage_taken":0,"max_hp_gain":0,"max_hp_loss":0,"event_name":"Purifier","floor":21,"gold_loss":0}],"is_beta":false,"boss_relics":[{"not_picked":["Velvet Choker","Orrery"],"picked":"Ectoplasm"}],"items_purged_floors":[],"is_endless":false,"potions_floor_spawned":[1,6,16,22],"killed_by":"Centurion and Healer","ascension_level":20}