{"gold_per_floor":[117,97,109,124,135,167,167,167,190,203,278,149,179,192,192,264,264,264,179,179,36,0,0,0,0,0,0,0,0,0,0,0,0,0,0,0,0,0,0,0,0,0,0,0,0,0,0,0,0,0,0,0,0,0,0,0],"floor_reached":57,"playtime":2737,"items_purged":["Strike_R","Strike_R"],"score":3166,"play_id":"bb7e0f6a-d311-4d15-8dbb-437ff456b61d","local_time":"20190303175141","is_ascension_mode":true,"campfire_choices":[{"data":"Body Slam","floor":8.0,"key":"SMITH"},{"floor":15.0,"key":"REST"},{"data":"Entrench","floor":23.0,"key":"SMITH"},{"data":"RitualDagger","floor":27.0,"key":"SMITH"},{"floor":29.0,"key":"REST"},{"data":"Dark Embrace","floor":32.0,"key":"SMITH"},{"data":"True Grit","floor":40.0,"key":"SMITH"},{"data":"Offering","floor":42.0,"key":"SMITH"},{"floor":49.0,"key":"RECALL"},{"floor":53.0,"key":"DIG"}],"neow_cost":"PERCENT_DAMAGE","seed_source_timestamp":193752703159986,"circlet_count":0,"master_deck":["AscendersBane","Strike_R","Strike_R","Defend_R","Defend_R","Defend_R","Defend_R","Body Slam+1","True Grit+1","Armaments+1","Offering+1","Second Wind","Shrug It Off","Entrench+1","Fiend Fire","Evolve","Bloodletting","RitualDagger+1","Shockwave+1","Dark Embrace+1","Impervious","Pommel Strike+1","Madness","Panacea","Power Through+1"],"special_seed":0,"relics":["Burning Blood","WingedGreaves","Ancient Tea Set","Pen Nib","Dream Catcher","Ectoplasm","Red Skull","Potion Belt","Letter Opener","Mark of Pain","Red Mask","PreservedInsect","The Courier","Shovel","Shuriken","Blue Candle","Art of War"],"potions_floor_usage":[56,56],"damage_taken":[{"damage":9.0,"enemies":"Jaw Worm","floor":1.0,"turns":4.0},{"damage":2.0,"enemies":"Cultist","floor":3.0,"turns":4.0},{"damage":0.0,"enemies":"2 Louse","floor":4.0,"turns":4.0},{"damage":8.0,"enemies":"Blue Slaver","floor":5.0,"turns":7.0},{"damage":22.0,"enemies":"Lagavulin","floor":6.0,"turns":7.0},{"damage":16.0,"enemies":"Large Slime","floor":10.0,"turns":7.0},{"damage":13.0,"enemies":"3 Sentries","floor":13.0,"turns":9.0},{"damage":6.0,"enemies":"Looter","floor":14.0,"turns":5.0},{"damage":32.0,"enemies":"The Guardian","floor":16.0,"turns":15.0},{"damage":6.0,"enemies":"3 Byrds","floor":18.0,"turns":7.0},{"damage":12.0,"enemies":"2 Thieves","floor":22.0,"turns":5.0},{"damage":12.0,"enemies":"Cultist and Chosen","floor":25.0,"turns":7.0},{"damage":30.0,"enemies":"Gremlin Leader","floor":28.0,"turns":5.0},{"damage":19.0,"enemies":"Snake Plant","floor":30.0,"turns":5.0},{"damage":9.0,"enemies":"Book of Stabbing","floor":31.0,"turns":5.0},{"damage":13.0,"enemies":"Collector","floor":33.0,"turns":6.0},{"damage":6.0,"enemies":"3 Darklings","floor":35.0,"turns":2.0},{"damage":6.0,"enemies":"Orb Walker","floor":38.0,"turns":3.0},{"damage":14.0,"enemies":"4 Shapes","floor":41.0,"turns":4.0},{"damage":6.0,"enemies":"Nemesis","floor":44.0,"turns":3.0},{"damage":14.0,"enemies":"Sphere and 2 Shapes","floor":45.0,"turns":7.0},{"damage":6.0,"enemies":"Reptomancer","floor":46.0,"turns":2.0},{"damage":6.0,"enemies":"Writhing Mass","floor":48.0,"turns":3.0},{"damage":12.0,"enemies":"Awakened One","floor":50.0,"turns":8.0},{"damage":6.0,"enemies":"Donu and Deca","floor":51.0,"turns":4.0},{"damage":6.0,"enemies":"Shield and Spear","floor":55.0,"turns":7.0},{"damage":61,"enemies":"The Heart","floor":56,"turns":6}],"seed_played":"-7786274828594063544","potions_obtained":[{"floor":2.0,"key":"Fire Potion"},{"floor":4.0,"key":"Block Potion"},{"floor":16.0,"key":"Swift Potion"},{"floor":18.0,"key":"Explosive Potion"},{"floor":30.0,"key":"Ancient Potion"},{"floor":31.0,"key":"BloodPotion"},{"floor":35.0,"key":"EssenceOfSteel"},{"floor":41.0,"key":"Energy Potion"},{"floor":46.0,"key":"Ancient Potion"},{"floor":48.0,"key":"Dexterity Potion"}],"is_trial":false,"path_per_floor":["M","?","M","M","M","E","?","R","T","M","?","$","E","M","R","B",null,"M","?","?","$","M","R","?","M","T","R","E","R","M","E","R","B",null,"M","?","?","M","?","R","M","R","T","E","M","E","?","M","R","B","B",null,"R","$","E","B",null],"character_chosen":"IRONCLAD","items_purchased":["AttackPotion","Evolve"],"campfire_rested":2,"item_purchase_floors":[12,21],"current_hp_per_floor":[47,47,51,57,55,39,39,39,39,29,18,18,11,11,33,7,58,58,58,58,58,52,52,46,40,40,40,16,38,25,22,22,22,62,62,62,52,52,52,52,44,44,44,44,36,36,36,36,36,30,30,64,64,64,64,9],"gold":0,"neow_bonus":"ONE_RARE_RELIC","is_prod":false,"is_daily":false,"chose_seed":false,"campfire_upgraded":6,"win_rate":0,"timestamp":1551606701,"path_taken":["M","?","M","M","?","E","?","R","T","M","?","?","E","M","R","BOSS","M","?","?","$","?","R","?","M","T","R","E","R","M","E","R","BOSS","M","?","?","M","?","R","M","R","T","E","?","E","?","?","R","BOSS","BOSS","R","$","E","BOSS"],"build_version":"2019-01-23","purchased_purges":2,"victory":true,"max_hp_per_floor":[75,75,75,75,75,75,75,75,75,75,75,75,75,75,75,75,75,75,75,75,75,75,75,75,75,75,75,75,75,75,75,75,75,75,75,75,75,75,75,75,75,75,75,75,75,75,75,75,75,75,75,75,75,75,75,75],"card_choices":[{"not_picked":["Cleave","Sword Boomerang"],"picked":"Body Slam","floor":1.0},{"not_picked":["Pommel Strike","Bloodletting"],"picked":"True Grit","floor":3.0},{"not_picked":["Body Slam","Sentinel"],"picked":"Armaments","floor":4.0},{"not_picked":["Cleave","Body Slam"],"picked":"Offering","floor":5.0},{"not_picked":["Havoc","Inflame"],"picked":"Second Wind","floor":6.0},{"not_picked":["Wild Strike","Sword Boomerang"],"picked":"Shrug It Off","floor":10.0},{"not_picked":["Flame Barrier","Pommel Strike","Combust"],"picked":"SKIP","floor":13.0},{"not_picked":["Body Slam","Pommel Strike"],"picked":"Entrench","floor":14.0},{"not_picked":["Corruption","Anger"],"picked":"Fiend Fire","floor":15.0},{"not_picked":["Iron Wave+1","Body Slam","Sentinel"],"picked":"SKIP","floor":18.0},{"not_picked":["Body Slam","Clothesline"],"picked":"Bloodletting","floor":22.0},{"not_picked":["Twin Strike","Rage"],"picked":"Shockwave+1","floor":25.0},{"not_picked":["Carnage+1","Warcry","Clash+1"],"picked":"SKIP","floor":28.0},{"not_picked":["Twin Strike","True Grit+1"],"picked":"Dark Embrace","floor":30.0},{"not_picked":["Havoc","Thunderclap","Bloodletting"],"picked":"SKIP","floor":31.0},{"not_picked":["Reaper","Juggernaut"],"picked":"Impervious","floor":33.0},{"not_picked":["Armaments","Twin Strike+1"],"picked":"Pommel Strike+1","floor":35.0},{"not_picked":["Swift Strike","Panache"],"picked":"Madness","floor":37.0},{"not_picked":["Bandage Up","Violence"],"picked":"Madness","floor":37.0},{"not_picked":["Transmutation","Dramatic Entrance"],"picked":"Panacea","floor":37.0},{"not_picked":["Carnage","Clash","Flex"],"picked":"SKIP","floor":38.0},{"not_picked":["Pummel","Bloodletting","Dropkick"],"picked":"SKIP","floor":41.0},{"not_picked":["Heavy Blade+1","Clash+1","Shockwave+1"],"picked":"SKIP","floor":44.0},{"not_picked":["Havoc","Combust+1","Armaments+1"],"picked":"SKIP","floor":45.0},{"not_picked":["Feed","Reaper","Headbutt"],"picked":"SKIP","floor":46.0},{"not_picked":["Warcry","Rupture"],"picked":"Power Through+1","floor":48.0},{"not_picked":["Sword Boomerang+1","Fire Breathing","Armaments"],"picked":"SKIP","floor":55.0}],"player_experience":1137981,"relics_obtained":[{"floor":6.0,"key":"Ancient Tea Set"},{"floor":9.0,"key":"Pen Nib"},{"floor":13.0,"key":"Dream Catcher"},{"floor":28.0,"key":"Potion Belt"},{"floor":31.0,"key":"Letter Opener"},{"floor":43.0,"key":"PreservedInsect"},{"floor":44.0,"key":"The Courier"},{"floor":46.0,"key":"Shovel"},{"floor":53.0,"key":"Blue Candle"},{"floor":55.0,"key":"Art of War"}],"event_choices":[{"damage_healed":0.0,"max_hp_gain":0.0,"max_hp_loss":0.0,"gold_gain":0.0,"event_name":"The Woman in Blue","player_choice":"Bought 1 Potion","floor":2.0,"gold_loss":0.0,"damage_taken":0.0},{"damage_healed":0.0,"max_hp_gain":0.0,"max_hp_loss":0.0,"gold_gain":0.0,"event_name":"Living Wall","player_choice":"Grow","floor":7.0,"gold_loss":0.0,"damage_taken":0.0,"cards_upgraded":["Armaments"]},{"damage_healed":0.0,"max_hp_gain":0.0,"max_hp_loss":0.0,"gold_gain":75.0,"event_name":"World of Goop","player_choice":"Gather Gold","floor":11.0,"gold_loss":0.0,"damage_taken":11.0},{"damage_healed":0.0,"max_hp_gain":0.0,"max_hp_loss":0.0,"gold_gain":0.0,"event_name":"Addict","player_choice":"Obtained Relic","floor":19.0,"gold_loss":85.0,"damage_taken":0.0,"relics_obtained":["Red Skull"]},{"cards_removed":["Strike_R"],"damage_healed":0.0,"max_hp_gain":0.0,"max_hp_loss":0.0,"gold_gain":0.0,"event_name":"Wheel of Change","player_choice":"Card Removal","floor":20.0,"gold_loss":0.0,"damage_taken":0.0},{"damage_healed":0.0,"max_hp_gain":0.0,"max_hp_loss":0.0,"gold_gain":0.0,"event_name":"Nest","player_choice":"Joined the Cult","floor":24.0,"gold_loss":0.0,"damage_taken":6.0,"cards_obtained":["RitualDagger"]},{"cards_removed":["Bash"],"damage_healed":0.0,"max_hp_gain":0.0,"max_hp_loss":0.0,"gold_gain":0.0,"event_name":"Falling","player_choice":"Removed Attack","floor":36.0,"gold_loss":0.0,"damage_taken":0.0},{"damage_healed":0.0,"max_hp_gain":0.0,"max_hp_loss":0.0,"gold_gain":0.0,"event_name":"SensoryStone","player_choice":"Memory 3","floor":37.0,"gold_loss":0.0,"damage_taken":10.0},{"damage_healed":0.0,"max_hp_gain":0.0,"max_hp_loss":0.0,"gold_gain":0.0,"event_name":"Tomb of Lord Red Mask","player_choice":"Paid","floor":39.0,"gold_loss":0.0,"damage_taken":0.0,"relics_obtained":["Red Mask"]},{"cards_removed":["Madness"],"damage_healed":0.0,"max_hp_gain":0.0,"max_hp_loss":0.0,"gold_gain":0.0,"event_name":"WeMeetAgain","player_choice":"Gave Card","floor":47.0,"gold_loss":0.0,"damage_taken":0.0,"relics_obtained":["Shuriken"]}],"is_beta":false,"boss_relics":[{"not_picked":["Snecko Eye","Calling Bell"],"picked":"Ectoplasm"},{"not_picked":["Coffee Dripper","Black Blood"],"picked":"Mark of Pain"}],"items_purged_floors":[12,21],"is_endless":false,"potions_floor_spawned":[4,5,16,18,30,31,35,41,46,48],"ascension_level":20}