{"gold_per_floor":[115,40,40,58,58,92,92,109,132,144,178,178,204,89,89,167,167,178,228,228,239,250,250],"floor_reached":23,"playtime":705,"items_purged":["Strike_B"],"score":468,"play_id":"8a8d99c5-5a69-49d0-b7cf-e69df2bd3e52","local_time":"20190502225756","is_ascension_mode":true,"campfire_choices":[{"data":"Hologram","floor":7,"key":"SMITH"},{"data":"Blizzard","floor":12,"key":"SMITH"},{"data":"Capacitor","floor":15,"key":"SMITH"}],"neow_cost":"NONE","seed_source_timestamp":93706075650472,"circlet_count":0,"master_deck":["AscendersBane","Strike_B","Defend_B","Defend_B","Defend_B","Defend_B","Zap+1","Dualcast","Hologram+1","Compile Driver","Coolheaded","Sweeping Beam","Glacier","Blizzard+1","Capacitor+1","Electrodynamics","Ball Lightning","Ghostly","Ghostly","Ghostly"],"relics":["Cracked Core","NeowsBlessing","DataDisk","Potion Belt","Incense Burner","Pantograph","Philosopher\u0027s Stone"],"potions_floor_usage":[13,13,13,23],"damage_taken":[{"damage":0,"enemies":"Cultist","floor":1,"turns":1},{"damage":0,"enemies":"2 Louse","floor":4,"turns":1},{"damage":0,"enemies":"Gremlin Nob","floor":6,"turns":1},{"damage":2,"enemies":"Small Slimes","floor":8,"turns":3},{"damage":0,"enemies":"2 Fungi Beasts","floor":10,"turns":3},{"damage":4,"enemies":"3 Sentries","floor":11,"turns":9},{"damage":42,"enemies":"Gremlin Nob","floor":13,"turns":5},{"damage":22,"enemies":"Slime Boss","floor":16,"turns":9},{"damage":11,"enemies":"Shell Parasite","floor":18,"turns":7},{"damage":16,"enemies":"2 Thieves","floor":21,"turns":3},{"damage":5,"enemies":"Chosen and Byrds","floor":22,"turns":7},{"damage":20,"enemies":"Book of Stabbing","floor":23,"turns":6}],"seed_played":"648530870763660686","potions_obtained":[{"floor":1,"key":"Regen Potion"},{"floor":6,"key":"EssenceOfSteel"},{"floor":11,"key":"GamblersBrew"},{"floor":21,"key":"Dexterity Potion"}],"is_trial":false,"path_per_floor":["M","?","?","M","?","E","R","M","T","M","E","R","E","$","R","B",null,"M","?","?","M","M","E"],"character_chosen":"DEFECT","items_purchased":["Capacitor"],"campfire_rested":0,"item_purchase_floors":[14],"current_hp_per_floor":[64,64,57,57,57,57,57,55,55,55,51,51,14,14,14,17,58,47,47,35,19,14,0],"gold":250,"neow_bonus":"THREE_ENEMY_KILL","is_prod":false,"is_daily":false,"chose_seed":false,"campfire_upgraded":3,"win_rate":0,"timestamp":1556848676,"path_taken":["M","?","?","M","?","E","R","M","T","M","E","R","E","$","R","BOSS","M","?","?","M","M","E"],"build_version":"2019-01-23","purchased_purges":1,"victory":false,"max_hp_per_floor":[71,71,71,71,71,71,71,71,71,71,71,71,71,71,71,71,71,71,71,35,35,35,35],"card_choices":[{"not_picked":["BootSequence","Steam Power"],"picked":"Hologram","floor":1},{"not_picked":["Rebound","Go for the Eyes"],"picked":"Compile Driver","floor":4},{"not_picked":["Turbo","Redo"],"picked":"Coolheaded","floor":6},{"not_picked":["Steam","Rip and Tear"],"picked":"Sweeping Beam","floor":8},{"not_picked":["Compile Driver","Heatsinks"],"picked":"Glacier","floor":10},{"not_picked":["Reprogram","Compile Driver"],"picked":"Blizzard","floor":11},{"not_picked":["Chaos","Hologram","Streamline"],"picked":"SKIP","floor":13},{"not_picked":["Reboot","Creative AI"],"picked":"Electrodynamics","floor":16},{"not_picked":["Conserve Battery","Gash"],"picked":"Ball Lightning","floor":18},{"not_picked":["Streamline+1","Barrage","Hologram"],"picked":"SKIP","floor":21},{"not_picked":["Streamline+1","Barrage","Hologram"],"picked":"SKIP","floor":21},{"not_picked":["Skim","Turbo","Hologram"],"picked":"SKIP","floor":22}],"player_experience":2252505,"relics_obtained":[{"floor":6,"key":"DataDisk"},{"floor":9,"key":"Potion Belt"},{"floor":11,"key":"Incense Burner"},{"floor":13,"key":"Pantograph"}],"event_choices":[{"cards_removed":["Strike_B"],"damage_healed":0,"gold_gain":0,"player_choice":"Card Removal","damage_taken":0,"max_hp_gain":0,"max_hp_loss":0,"event_name":"The Cleric","floor":2,"gold_loss":75},{"cards_removed":["Strike_B"],"damage_healed":0,"gold_gain":0,"player_choice":"Card Removal","damage_taken":7,"max_hp_gain":0,"max_hp_loss":0,"event_name":"Golden Wing","floor":3,"gold_loss":0},{"damage_healed":0,"gold_gain":0,"player_choice":"Grow","damage_taken":0,"max_hp_gain":0,"max_hp_loss":0,"event_name":"Living Wall","floor":5,"gold_loss":0,"cards_upgraded":["Zap"]},{"damage_healed":0,"gold_gain":50,"player_choice":"Stole From Cult","damage_taken":0,"max_hp_gain":0,"max_hp_loss":0,"event_name":"Nest","floor":19,"gold_loss":0},{"damage_healed":0,"gold_gain":0,"player_choice":"Became a Ghost","damage_taken":0,"max_hp_gain":0,"max_hp_loss":36,"event_name":"Ghosts","floor":20,"gold_loss":0,"cards_obtained":["Ghostly","Ghostly","Ghostly"]}],"is_beta":false,"boss_relics":[{"not_picked":["Inserter","Astrolabe"],"picked":"Philosopher\u0027s Stone"}],"items_purged_floors":[14],"is_endless":false,"potions_floor_spawned":[1,6,11,21],"killed_by":"Book of Stabbing","ascension_level":20}