{"gold_per_floor":[116,116,116,116,136,136,152,152,152,152,132,150,75,88,88,184,184,203,203,118,118,138,138,63,63,88,101,118,118,118],"floor_reached":30,"playtime":1127,"items_purged":["Second Wind+1"],"score":218,"play_id":"eb817d7a-f7c6-44c7-9872-19a648de727e","local_time":"20181128004737","is_ascension_mode":false,"campfire_choices":[{"data":"Bash","floor":6,"key":"SMITH"},{"data":"Armaments","floor":8,"key":"SMITH"},{"data":"Ghostly Armor","floor":10,"key":"SMITH"},{"data":"Flex","floor":15,"key":"SMITH"},{"data":"Flame Barrier","floor":23,"key":"SMITH"},{"data":"Double Tap","floor":25,"key":"SMITH"}],"neow_cost":"NONE","seed_source_timestamp":1086831833550460,"circlet_count":0,"master_deck":["Strike_R","Strike_R+1","Defend_R","Defend_R","Defend_R","Bash+1","Metallicize","Ghostly Armor+1","Armaments+1","Flame Barrier+1","Shrug It Off","Pommel Strike","Flex+1","Juggernaut","Whirlwind+1","Shockwave+1","Anger+1","Double Tap+1","Impatience","Power Through","Heavy Blade+1","Disarm+1","Thunderclap"],"relics":["Burning Blood","Lantern","Mercury Hourglass","Astrolabe","Kunai","Whetstone"],"potions_floor_usage":[16,16,16],"damage_taken":[{"damage":2,"enemies":"2 Louse","floor":1,"turns":3},{"damage":1,"enemies":"Jaw Worm","floor":5,"turns":5},{"damage":0,"enemies":"Cultist","floor":7,"turns":3},{"damage":0,"enemies":"Red Slaver","floor":12,"turns":4},{"damage":0,"enemies":"Large Slime","floor":14,"turns":7},{"damage":42,"enemies":"Hexaghost","floor":16,"turns":11},{"damage":13,"enemies":"2 Thieves","floor":18,"turns":4},{"damage":0,"enemies":"3 Byrds","floor":22,"turns":4},{"damage":16,"enemies":"3 Cultists","floor":27,"turns":4},{"damage":13,"enemies":"Cultist and Chosen","floor":28,"turns":6},{"damage":56,"enemies":"Gremlin Leader","floor":30,"turns":7}],"seed_played":"6101760052756655214","potions_obtained":[{"floor":1,"key":"Dexterity Potion"},{"floor":7,"key":"Block Potion"},{"floor":11,"key":"SkillPotion"},{"floor":14,"key":"LiquidBronze"},{"floor":22,"key":"Regen Potion"},{"floor":27,"key":"Fire Potion"}],"is_trial":false,"path_per_floor":["M","?","T","$","M","R","M","R","T","R","?","M","$","M","R","B",null,"M","?","?","?","M","R","$","R","T","M","M","?","E"],"character_chosen":"IRONCLAD","items_purchased":["Shrug It Off","Pommel Strike"],"campfire_rested":0,"item_purchase_floors":[13,13],"current_hp_per_floor":[88,88,88,88,88,88,88,88,88,88,88,88,88,88,88,52,88,81,81,81,81,87,87,87,87,87,77,70,53,0],"gold":118,"neow_bonus":"TEN_PERCENT_HP_BONUS","is_prod":false,"is_daily":false,"chose_seed":false,"campfire_upgraded":6,"win_rate":0.0,"timestamp":1543384057,"path_taken":["M","?","?","$","M","R","M","R","T","R","?","?","?","M","R","BOSS","M","?","?","?","M","R","$","R","T","M","?","?","E"],"build_version":"2018-11-15","purchased_purges":1,"victory":false,"max_hp_per_floor":[88,88,88,88,88,88,88,88,88,88,88,88,88,88,88,88,88,88,88,88,88,88,88,88,88,88,88,88,93,93],"card_choices":[{"not_picked":["Intimidate","Body Slam"],"picked":"Metallicize","floor":1},{"not_picked":["Dual Wield","Heavy Blade"],"picked":"Ghostly Armor","floor":5},{"not_picked":["Iron Wave","Sword Boomerang"],"picked":"Armaments","floor":7},{"not_picked":["Bloodletting","Warcry"],"picked":"Flame Barrier","floor":12},{"not_picked":["Spot Weakness","Headbutt"],"picked":"Flex","floor":14},{"not_picked":["Immolate","Brutality"],"picked":"Juggernaut","floor":16},{"not_picked":["Rupture+1","Warcry"],"picked":"Anger","floor":18},{"not_picked":["Anger","Power Through+1"],"picked":"Heavy Blade+1","floor":22},{"not_picked":["Armaments","Feel No Pain+1"],"picked":"Disarm+1","floor":27},{"not_picked":["Sword Boomerang","Body Slam"],"picked":"Thunderclap","floor":28}],"player_experience":52470,"relics_obtained":[{"floor":3,"key":"Lantern"},{"floor":9,"key":"Mercury Hourglass"},{"floor":26,"key":"Whetstone"}],"event_choices":[{"damage_healed":0,"gold_gain":0,"player_choice":"Ignored","damage_taken":0,"max_hp_gain":0,"max_hp_loss":0,"event_name":"Golden Wing","floor":2,"gold_loss":0},{"damage_healed":0,"gold_gain":0,"player_choice":"Bought 1 Potion","damage_taken":0,"max_hp_gain":0,"max_hp_loss":0,"event_name":"The Woman in Blue","floor":11,"gold_loss":0},{"cards_removed":["Strike_R"],"damage_healed":0,"gold_gain":0,"player_choice":"Elegance","damage_taken":0,"max_hp_gain":0,"max_hp_loss":0,"event_name":"Back to Basics","floor":19,"gold_loss":0},{"damage_healed":0,"gold_gain":0,"player_choice":"Obtained Relic","damage_taken":0,"relics_obtained":["Kunai"],"max_hp_gain":0,"max_hp_loss":0,"event_name":"Addict","floor":20,"gold_loss":85},{"damage_healed":0,"gold_gain":0,"player_choice":"3 cards matched","damage_taken":0,"max_hp_gain":0,"max_hp_loss":0,"event_name":"Match and Keep!","floor":21,"gold_loss":0,"cards_obtained":["Double Tap","Impatience","Power Through"]},{"damage_healed":0,"gold_gain":0,"player_choice":"Shed Blood","damage_taken":22,"max_hp_gain":5,"max_hp_loss":0,"event_name":"Forgotten Altar","floor":29,"gold_loss":0}],"is_beta":false,"boss_relics":[{"not_picked":["Lizard Tail","Calling Bell"],"picked":"Astrolabe"}],"items_purged_floors":[24],"is_endless":false,"potions_floor_spawned":[1,7,14,22,27],"killed_by":"Gremlin Leader","ascension_level":0}