{"gold_per_floor":[113,388,20,32,48,74,74,74,100,100,100,127,77,77],"floor_reached":14,"playtime":338,"items_purged":["Regret","Strike_R"],"score":192,"play_id":"920c1948-19bf-47f2-a8e5-2cfdbc8520aa","local_time":"20190307124220","is_ascension_mode":true,"campfire_choices":[{"data":"Entrench","floor":8.0,"key":"SMITH"},{"data":"Carnage","floor":10.0,"key":"SMITH"}],"neow_cost":"NONE","seed_source_timestamp":524500991347294,"circlet_count":0,"master_deck":["AscendersBane","Strike_R","Strike_R","Strike_R","Strike_R","Defend_R","Defend_R","Defend_R","Defend_R","Bash","Shrug It Off","Carnage+1","Havoc","Entrench+1"],"special_seed":0,"relics":["Burning Blood","NeowsBlessing","ClockworkSouvenir","Smiling Mask","Calipers","Red Skull","Ginger"],"potions_floor_usage":[14],"damage_taken":[{"damage":0.0,"enemies":"Jaw Worm","floor":1.0,"turns":1.0},{"damage":0.0,"enemies":"Cultist","floor":4.0,"turns":1.0},{"damage":0.0,"enemies":"2 Louse","floor":5.0,"turns":1.0},{"damage":37.0,"enemies":"3 Sentries","floor":6.0,"turns":12.0},{"damage":27,"enemies":"Lagavulin","floor":12,"turns":6},{"damage":18,"enemies":"3 Sentries","floor":14,"turns":6}],"seed_played":"8675280810646854935","potions_obtained":[{"floor":4.0,"key":"AttackPotion"},{"floor":6.0,"key":"EssenceOfSteel"},{"floor":12,"key":"Energy Potion"}],"is_trial":false,"path_per_floor":["M","?","$","M","M","E","?","R","T","R","?","E","$","E"],"character_chosen":"IRONCLAD","items_purchased":["ClockworkSouvenir","Carnage"],"campfire_rested":0,"item_purchase_floors":[3,3],"current_hp_per_floor":[74,74,74,75,75,44,39,39,39,39,39,18,18,0],"gold":77,"neow_bonus":"THREE_ENEMY_KILL","is_prod":false,"is_daily":false,"chose_seed":false,"campfire_upgraded":2,"win_rate":0,"timestamp":1551933740,"path_taken":["M","?","?","?","M","E","?","R","T","R","?","E","?","E"],"build_version":"2019-01-23","purchased_purges":2,"victory":false,"max_hp_per_floor":[75,75,75,75,75,75,75,75,75,75,75,75,75,75],"card_choices":[{"not_picked":["Headbutt","Metallicize"],"picked":"Shrug It Off","floor":1.0},{"not_picked":["Whirlwind","Havoc","Ghostly Armor"],"picked":"SKIP","floor":4.0},{"not_picked":["Whirlwind","Ghostly Armor"],"picked":"Havoc","floor":4.0},{"not_picked":["Inflame","Warcry","Iron Wave"],"picked":"SKIP","floor":5.0},{"not_picked":["Havoc","Body Slam"],"picked":"Entrench","floor":6.0},{"not_picked":["Armaments","Iron Wave","Dual Wield"],"picked":"SKIP","floor":12},{"not_picked":["Armaments","Iron Wave","Dual Wield"],"picked":"SKIP","floor":12}],"player_experience":1178204,"relics_obtained":[{"floor":6.0,"key":"Smiling Mask"},{"floor":9.0,"key":"Red Skull"},{"floor":12,"key":"Ginger"}],"event_choices":[{"damage_healed":0.0,"max_hp_gain":0.0,"max_hp_loss":0.0,"gold_gain":275.0,"event_name":"Golden Shrine","player_choice":"Desecrate","floor":2.0,"gold_loss":0.0,"damage_taken":0.0,"cards_obtained":["Regret"]},{"damage_healed":0.0,"max_hp_gain":0.0,"max_hp_loss":0.0,"gold_gain":0.0,"event_name":"Scrap Ooze","player_choice":"Success","floor":7.0,"gold_loss":0.0,"damage_taken":5.0,"relics_obtained":["Calipers"]},{"damage_healed":0.0,"max_hp_gain":0.0,"max_hp_loss":0.0,"gold_gain":0.0,"event_name":"Liars Game","player_choice":"Ignored","floor":11.0,"gold_loss":0.0,"damage_taken":0.0}],"is_beta":false,"boss_relics":[],"items_purged_floors":[3,13],"is_endless":false,"potions_floor_spawned":[4,6,12],"killed_by":"3 Sentries","ascension_level":20}