{"gold_per_floor":[109,121,138,154,173,173,173,202,274,287,298,298,17,45,45,117,117,131,46,46,46,56,56,85,85,85,114,128,128,157,36,36,113,113,131,181,191,1,1,1,1],"floor_reached":41,"playtime":1515,"items_purged":["Decay"],"score":793,"play_id":"53e42933-37c5-4c70-91a3-96b5714ff75d","local_time":"20180921143913","is_ascension_mode":true,"campfire_choices":[{"data":"Zap","floor":6.0,"key":"SMITH"},{"data":"White Noise","floor":12.0,"key":"SMITH"},{"data":"Loop","floor":15.0,"key":"SMITH"},{"floor":23.0,"key":"REST"},{"floor":25.0,"key":"REST"},{"floor":29.0,"key":"REST"},{"floor":32.0,"key":"REST"},{"floor":40,"key":"REST"}],"neow_cost":"NONE","seed_source_timestamp":236145948499604,"circlet_count":0,"master_deck":["Defend_B","Defend_B","Defend_B","Zap+1","Dualcast","AscendersBane","Conserve Battery","Ball Lightning","White Noise+1","Echo Form","Glacier","Auto Shields","Loop+1","Streamline","Echo Form","Gash+1","Leap","Conserve Battery+1","Buffer","BootSequence","Stack","Creative AI","Static Discharge+1","Recycle+1","Hyperbeam+1","Glacier","Consume","Madness","Madness"],"special_seed":0,"relics":["Cracked Core","Art of War","Boot","Shuriken","Mercury Hourglass","Mango","Empty Cage","Pen Nib","Mummified Hand","Gremlin Horn","Symbiotic Virus","Red Mask","Astrolabe"],"potions_floor_usage":[41],"damage_taken":[{"damage":0.0,"enemies":"Cultist","floor":1.0,"turns":3.0},{"damage":0.0,"enemies":"2 Louse","floor":2.0,"turns":2.0},{"damage":2.0,"enemies":"Small Slimes","floor":3.0,"turns":4.0},{"damage":0.0,"enemies":"Blue Slaver","floor":4.0,"turns":3.0},{"damage":0.0,"enemies":"Exordium Wildlife","floor":5.0,"turns":2.0},{"damage":10.0,"enemies":"3 Sentries","floor":8.0,"turns":6.0},{"damage":0.0,"enemies":"Looter","floor":10.0,"turns":2.0},{"damage":1.0,"enemies":"3 Louse","floor":11.0,"turns":5.0},{"damage":32.0,"enemies":"Gremlin Nob","floor":14.0,"turns":4.0},{"damage":9.0,"enemies":"Hexaghost","floor":16.0,"turns":9.0},{"damage":21.0,"enemies":"3 Byrds","floor":18.0,"turns":5.0},{"damage":21.0,"enemies":"Chosen","floor":22.0,"turns":5.0},{"damage":32.0,"enemies":"Book of Stabbing","floor":24.0,"turns":7.0},{"damage":38.0,"enemies":"Gremlin Leader","floor":27.0,"turns":8.0},{"damage":17.0,"enemies":"Centurion and Healer","floor":28.0,"turns":4.0},{"damage":23.0,"floor":30.0,"turns":5.0},{"damage":4.0,"enemies":"Collector","floor":33.0,"turns":13.0},{"damage":0.0,"enemies":"Orb Walker","floor":35.0,"turns":3.0},{"damage":46.0,"enemies":"3 Darklings","floor":37.0,"turns":5.0},{"damage":45,"enemies":"Transient","floor":41,"turns":4}],"seed_played":"5676840144109215367","potions_obtained":[{"floor":5.0,"key":"Block Potion"},{"floor":8.0,"key":"AttackPotion"},{"floor":14.0,"key":"SteroidPotion"},{"floor":22.0,"key":"Fruit Juice"},{"floor":27.0,"key":"Swift Potion"},{"floor":28.0,"key":"Fire Potion"},{"floor":37.0,"key":"SpeedPotion"}],"is_trial":false,"path_per_floor":["M","M","M","M","M","R","?","E","T","M","M","R","$","E","R","B",null,"M","?","?","?","M","R","E","R","T","E","M","R","?","$","R","B",null,"M","?","M","$","?","R"],"character_chosen":"DEFECT","items_purchased":["Loop","Mercury Hourglass","FocusPotion","Energy Potion","Glacier","Consume"],"campfire_rested":5,"item_purchase_floors":[13,13,31,31,38,38],"current_hp_per_floor":[64,64,62,62,62,62,62,59,59,59,65,65,65,47,47,38,73,52,52,52,52,31,56,29,56,56,18,1,28,5,5,32,28,75,75,75,29,29,13,40,0],"gold":1,"neow_bonus":"RANDOM_COMMON_RELIC","is_prod":false,"is_daily":false,"chose_seed":false,"campfire_upgraded":3,"win_rate":0,"timestamp":1537551553,"path_taken":["M","M","M","?","M","R","?","E","T","?","?","R","$","E","R","BOSS","M","?","?","?","M","R","E","R","T","E","M","R","?","$","R","BOSS","M","?","M","?","?","R","M"],"build_version":"2018-07-12","purchased_purges":1,"victory":false,"max_hp_per_floor":[71,71,71,71,71,71,71,71,71,71,71,71,71,85,85,85,85,85,85,85,85,85,85,90,90,90,90,90,90,90,90,90,90,90,90,90,90,90,90,90,90],"card_choices":[{"not_picked":["Turbo","Redo","Rebound"],"picked":"SKIP","floor":1.0},{"not_picked":["Go for the Eyes","Steam"],"picked":"Conserve Battery","floor":2.0},{"not_picked":["Go for the Eyes","Hologram"],"picked":"Ball Lightning","floor":3.0},{"not_picked":["Static Discharge","FTL"],"picked":"White Noise","floor":4.0},{"not_picked":["Storm","Redo"],"picked":"Echo Form","floor":5.0},{"not_picked":["Redo","Fusion","Fission"],"picked":"SKIP","floor":8.0},{"not_picked":["Loop","Consume"],"picked":"Glacier","floor":10.0},{"not_picked":["Doom and Gloom","Compile Driver"],"picked":"Auto Shields","floor":11.0},{"not_picked":["Undo","Ball Lightning"],"picked":"Streamline","floor":14.0},{"not_picked":["Hyperbeam","Fission"],"picked":"Echo Form","floor":16.0},{"not_picked":["Leap","Turbo"],"picked":"Gash+1","floor":18.0},{"not_picked":["Beam Cell","Gash+1"],"picked":"Leap","floor":22.0},{"not_picked":["Cold Snap","Double Energy"],"picked":"Conserve Battery+1","floor":24.0},{"not_picked":["Hello World","Blizzard"],"picked":"Buffer","floor":27.0},{"not_picked":["Coolheaded","Consume"],"picked":"BootSequence","floor":28.0},{"not_picked":["Rebound+1","Steam"],"picked":"Stack","floor":30.0},{"not_picked":["Hyperbeam","Amplify"],"picked":"Creative AI","floor":33.0},{"not_picked":["Compile Driver","Auto Shields","Darkness"],"picked":"SKIP","floor":35.0},{"not_picked":["Compile Driver","Auto Shields","Darkness"],"picked":"SKIP","floor":35.0},{"not_picked":["Ball Lightning","Redo","Skim"],"picked":"SKIP","floor":37.0},{"not_picked":["Ball Lightning","Redo","Skim"],"picked":"SKIP","floor":37.0}],"player_experience":844974,"relics_obtained":[{"floor":8.0,"key":"Boot"},{"floor":9.0,"key":"Shuriken"},{"floor":14.0,"key":"Mango"},{"floor":24.0,"key":"Mummified Hand"},{"floor":26.0,"key":"Gremlin Horn"},{"floor":27.0,"key":"Symbiotic Virus"},{"floor":30.0,"key":"Red Mask"}],"event_choices":[{"event_name":"Liars Game","player_choice":"disagreed","floor":7.0,"damage_taken":0.0},{"event_name":"Addict","player_choice":"Obtained Relic","floor":19.0,"damage_taken":0.0},{"event_name":"Drug Dealer","player_choice":"Ignored","floor":20.0,"damage_taken":0.0},{"event_name":"Forgotten Altar","player_choice":"Smashed Altar","floor":21.0,"damage_taken":0.0},{"event_name":"Masked Bandits","player_choice":"Fought over 128 gold","floor":30.0,"damage_taken":0.0},{"event_name":"Golden Shrine","player_choice":"Pray","floor":36.0,"damage_taken":0.0},{"event_name":"Winding Halls","player_choice":"Embrace Madness","floor":39,"damage_taken":0}],"boss_relics":[{"not_picked":["White Beast Statue","Tiny House"],"picked":"Empty Cage"},{"not_picked":["Eternal Feather","Black Star"],"picked":"Astrolabe"}],"items_purged_floors":[38],"is_endless":false,"potions_floor_spawned":[5,8,14,18,22,27,28,37],"killed_by":"Transient","ascension_level":15}