{"gold_per_floor":[116,134,59,59,73,73,84,101,101,117,117,127,77,109,109,181,181,201,201,151,183,156,156,168,168,168,168,168,83,113,124,124,198,198,215,215,215,227,12,12,44,63,86,86,121,343,343,360,360,360,360,360,360,160,190,190],"floor_reached":57,"playtime":2915,"items_purged":["Strike_R","Strike_R","Strike_R","Defend_R","Defend_R"],"score":3035,"play_id":"a492b406-a48d-4604-a11e-a0e168fcf4c7","local_time":"20190225162955","is_ascension_mode":true,"campfire_choices":[{"data":"Limit Break","floor":6.0,"key":"SMITH"},{"data":"True Grit","floor":11.0,"key":"SMITH"},{"data":"Body Slam","floor":15.0,"key":"SMITH"},{"data":"Inflame","floor":23.0,"key":"SMITH"},{"data":"Sword Boomerang","floor":25.0,"key":"SMITH"},{"data":"Shrug It Off","floor":27.0,"key":"SMITH"},{"data":"Ghostly","floor":32.0,"key":"SMITH"},{"data":"Ghostly","floor":40.0,"key":"SMITH"},{"data":"Ghostly","floor":44.0,"key":"SMITH"},{"floor":49.0,"key":"RECALL"},{"data":"Disarm","floor":53.0,"key":"SMITH"}],"neow_cost":"NONE","seed_source_timestamp":407061084987498,"circlet_count":0,"master_deck":["AscendersBane","Defend_R+1","Bash","Limit Break+1","True Grit+1","Body Slam+1","Inflame+1","Shrug It Off+1","Disarm+1","Sword Boomerang+1","Ghostly+1","Ghostly+1","Ghostly+1","Offering+1","Bloodletting+1","Impatience+1","Secret Technique+1","Purity+1"],"special_seed":0,"relics":["Burning Blood","Smiling Mask","Centennial Puzzle","Singing Bowl","Coffee Dripper","Red Mask","Blue Candle","Ornamental Fan","Vajra","Empty Cage","War Paint","Toxic Egg 2","Darkstone Periapt","Calipers"],"potions_floor_usage":[56,56],"damage_taken":[{"damage":6.0,"enemies":"Jaw Worm","floor":1.0,"turns":5.0},{"damage":6.0,"enemies":"Cultist","floor":2.0,"turns":4.0},{"damage":3.0,"enemies":"2 Louse","floor":5.0,"turns":4.0},{"damage":8.0,"enemies":"Blue Slaver","floor":7.0,"turns":6.0},{"damage":12.0,"enemies":"Exordium Thugs","floor":8.0,"turns":4.0},{"damage":1.0,"enemies":"2 Fungi Beasts","floor":10.0,"turns":5.0},{"damage":4.0,"enemies":"3 Louse","floor":12.0,"turns":6.0},{"damage":38.0,"enemies":"3 Sentries","floor":14.0,"turns":11.0},{"damage":14.0,"enemies":"Hexaghost","floor":16.0,"turns":10.0},{"damage":29.0,"enemies":"Chosen","floor":18.0,"turns":5.0},{"damage":15.0,"enemies":"Masked Bandits","floor":21.0,"turns":4.0},{"damage":9.0,"enemies":"2 Thieves","floor":22.0,"turns":4.0},{"damage":2.0,"enemies":"Snecko","floor":24.0,"turns":5.0},{"damage":0.0,"enemies":"Gremlin Leader","floor":30.0,"turns":6.0},{"damage":4.0,"enemies":"Snake Plant","floor":31.0,"turns":5.0},{"damage":25.0,"enemies":"Champ","floor":33.0,"turns":7.0},{"damage":1.0,"enemies":"Orb Walker","floor":35.0,"turns":3.0},{"damage":1.0,"enemies":"3 Darklings","floor":38.0,"turns":5.0},{"damage":1.0,"enemies":"Reptomancer","floor":41.0,"turns":4.0},{"damage":7.0,"enemies":"Jaw Worm Horde","floor":42.0,"turns":3.0},{"damage":7.0,"enemies":"Giant Head","floor":45.0,"turns":7.0},{"damage":3.0,"enemies":"Maw","floor":48.0,"turns":4.0},{"damage":8.0,"enemies":"Awakened One","floor":50.0,"turns":5.0},{"damage":3.0,"enemies":"Donu and Deca","floor":51.0,"turns":5.0},{"damage":4.0,"enemies":"Shield and Spear","floor":55.0,"turns":3.0},{"damage":28,"enemies":"The Heart","floor":56,"turns":7}],"seed_played":"6313753367681782307","potions_obtained":[{"floor":1.0,"key":"Explosive Potion"},{"floor":2.0,"key":"Poison Potion"},{"floor":5.0,"key":"Strength Potion"},{"floor":7.0,"key":"FearPotion"},{"floor":14.0,"key":"SkillPotion"},{"floor":18.0,"key":"Swift Potion"},{"floor":24.0,"key":"GamblersBrew"},{"floor":35.0,"key":"Block Potion"}],"is_trial":false,"path_per_floor":["M","M","$","?","M","R","M","M","T","M","R","M","$","E","R","B",null,"M","?","$","?","M","R","M","R","T","R","?","?","E","M","R","B",null,"M","?","?","M","$","R","E","M","T","R","E","?","?","M","R","B","B",null,"R","$","E","B",null],"character_chosen":"IRONCLAD","items_purchased":["War Paint","Swift Potion","Purity+1"],"campfire_rested":0,"item_purchase_floors":[39,54,54],"current_hp_per_floor":[68,68,68,68,71,71,69,63,63,68,68,70,70,40,40,32,66,45,45,45,38,35,35,41,41,41,41,41,41,43,45,45,26,40,47,47,45,47,47,47,47,48,48,48,49,49,41,46,46,44,47,53,53,53,57,35],"gold":190,"neow_bonus":"ONE_RANDOM_RARE_CARD","is_prod":false,"is_daily":false,"chose_seed":false,"campfire_upgraded":10,"win_rate":0,"timestamp":1551083395,"path_taken":["M","M","$","?","M","R","M","M","T","M","R","?","$","E","R","BOSS","M","?","$","?","M","R","?","R","T","R","?","?","E","M","R","BOSS","M","?","?","M","$","R","E","M","T","R","E","?","?","M","R","BOSS","BOSS","R","$","E","BOSS"],"build_version":"2019-01-23","purchased_purges":5,"victory":true,"max_hp_per_floor":[75,75,75,75,75,75,75,75,75,75,75,75,75,77,77,77,77,79,79,79,81,81,81,83,83,83,83,41,41,43,45,45,45,45,47,47,45,47,47,47,47,49,49,49,51,51,53,55,55,55,55,55,55,55,57,57],"card_choices":[{"not_picked":["Entrench","Disarm"],"picked":"True Grit","floor":1.0},{"not_picked":["Havoc","Wild Strike"],"picked":"Body Slam","floor":2.0},{"not_picked":["Dual Wield","Feel No Pain"],"picked":"Inflame","floor":5.0},{"not_picked":["Dual Wield","Heavy Blade","Reckless Charge"],"picked":"SKIP","floor":7.0},{"not_picked":["Clash","Carnage"],"picked":"Shrug It Off","floor":8.0},{"not_picked":["Twin Strike","Rage"],"picked":"Disarm","floor":10.0},{"not_picked":["Clothesline","Body Slam","Rampage"],"picked":"SKIP","floor":12.0},{"not_picked":["Wild Strike","Thunderclap","Berserk"],"picked":"Singing Bowl","floor":14.0},{"not_picked":["Bludgeon","Double Tap"],"picked":"Fiend Fire","floor":16.0},{"not_picked":["Perfected Strike","Clash","Thunderclap"],"picked":"Singing Bowl","floor":18.0},{"not_picked":["True Grit","Headbutt","Wild Strike"],"picked":"Singing Bowl","floor":21.0},{"not_picked":["Clash","Twin Strike+1"],"picked":"Sword Boomerang","floor":22.0},{"not_picked":["Intimidate","Armaments","Rage"],"picked":"Singing Bowl","floor":24.0},{"not_picked":["Twin Strike+1","Heavy Blade+1","Fiend Fire"],"picked":"Singing Bowl","floor":30.0},{"not_picked":["Heavy Blade","Flex","Twin Strike"],"picked":"Singing Bowl","floor":31.0},{"not_picked":["Berserk","Fiend Fire"],"picked":"Offering","floor":33.0},{"not_picked":["Flex+1","Rage","Anger+1"],"picked":"Singing Bowl","floor":35.0},{"not_picked":["Thunderclap","Havoc","Cleave"],"picked":"Singing Bowl","floor":38.0},{"not_picked":["Demon Form","Carnage"],"picked":"Bloodletting","floor":41.0},{"not_picked":["Cleave","Wild Strike","Havoc+1"],"picked":"Singing Bowl","floor":42.0},{"not_picked":["Armaments+1","Dropkick","Sword Boomerang+1"],"picked":"Singing Bowl","floor":45.0},{"not_picked":["Apotheosis+1","Trip+1"],"picked":"Impatience+1","floor":47.0},{"not_picked":["Discovery+1","Swift Strike","Blind+1"],"picked":"Singing Bowl","floor":47.0},{"not_picked":["Purity+1","HandOfGreed"],"picked":"Secret Technique+1","floor":47.0},{"not_picked":["Blood for Blood","Heavy Blade","Infernal Blade+1"],"picked":"Singing Bowl","floor":48.0},{"not_picked":["Dual Wield+1","Clash+1","Headbutt"],"picked":"Singing Bowl","floor":55.0}],"player_experience":1052031,"relics_obtained":[{"floor":9.0,"key":"Centennial Puzzle"},{"floor":14.0,"key":"Singing Bowl"},{"floor":21.0,"key":"Red Mask"},{"floor":26.0,"key":"Blue Candle"},{"floor":30.0,"key":"Vajra"},{"floor":41.0,"key":"Toxic Egg 2"},{"floor":45.0,"key":"Darkstone Periapt"},{"floor":55.0,"key":"Calipers"}],"event_choices":[{"damage_healed":0.0,"max_hp_gain":0.0,"max_hp_loss":0.0,"gold_gain":0.0,"event_name":"WeMeetAgain","player_choice":"Gave Potion","floor":4.0,"gold_loss":0.0,"damage_taken":0.0,"relics_obtained":["Smiling Mask"]},{"cards_removed":["Strike_R"],"damage_healed":0.0,"max_hp_gain":0.0,"max_hp_loss":0.0,"gold_gain":0.0,"event_name":"Back to Basics","player_choice":"Elegance","floor":19.0,"gold_loss":0.0,"damage_taken":0.0},{"damage_healed":0.0,"max_hp_gain":0.0,"max_hp_loss":0.0,"gold_gain":0.0,"event_name":"Masked Bandits","player_choice":"Fought Bandits","floor":21.0,"gold_loss":0.0,"damage_taken":0.0},{"damage_healed":0.0,"max_hp_gain":0.0,"max_hp_loss":42.0,"gold_gain":0.0,"event_name":"Ghosts","player_choice":"Became a Ghost","floor":28.0,"gold_loss":0.0,"damage_taken":0.0,"cards_obtained":["Ghostly","Ghostly","Ghostly"]},{"damage_healed":0.0,"max_hp_gain":0.0,"max_hp_loss":0.0,"gold_gain":0.0,"event_name":"Addict","player_choice":"Obtained Relic","floor":29.0,"gold_loss":85.0,"damage_taken":0.0,"relics_obtained":["Ornamental Fan"]},{"cards_removed":["Fiend Fire"],"damage_healed":0.0,"max_hp_gain":0.0,"max_hp_loss":0.0,"gold_gain":0.0,"event_name":"Falling","player_choice":"Removed Attack","floor":36.0,"gold_loss":0.0,"damage_taken":0.0},{"damage_healed":0.0,"max_hp_gain":0.0,"max_hp_loss":2.0,"gold_gain":0.0,"event_name":"Winding Halls","player_choice":"Max HP","floor":37.0,"gold_loss":0.0,"damage_taken":0.0},{"damage_healed":0.0,"max_hp_gain":0.0,"max_hp_loss":0.0,"gold_gain":222.0,"event_name":"Tomb of Lord Red Mask","player_choice":"Wore Mask","floor":46.0,"gold_loss":0.0,"damage_taken":0.0},{"damage_healed":0.0,"max_hp_gain":0.0,"max_hp_loss":0.0,"gold_gain":0.0,"event_name":"SensoryStone","player_choice":"Memory 3","floor":47.0,"gold_loss":0.0,"damage_taken":10.0}],"is_beta":false,"boss_relics":[{"not_picked":["Lizard Tail","Pandora\u0027s Box"],"picked":"Coffee Dripper"},{"not_picked":["Snecko Eye","Black Blood"],"picked":"Empty Cage"}],"items_purged_floors":[3,13,20,39,54],"is_endless":false,"potions_floor_spawned":[1,2,5,7,14,18,24,35],"ascension_level":20}