{"gold_per_floor":[113,123,173,188,188,188,338,46,92,138,150,162,74,89,89,89],"floor_reached":16,"playtime":300,"items_purged":["Strike_R","Strike_R"],"score":196,"play_id":"f07f378c-cb82-4b58-812d-31c1fa576b32","local_time":"20190513210948","is_ascension_mode":true,"campfire_choices":[{"data":"Pommel Strike","floor":6.0,"key":"SMITH"},{"data":"Strike_R","floor":11.0,"key":"PURGE"},{"data":"True Grit","floor":15,"key":"SMITH"}],"neow_cost":"TEN_PERCENT_HP_LOSS","seed_source_timestamp":0,"circlet_count":0,"master_deck":["AscendersBane","Strike_R","Strike_R","Defend_R","Defend_R","Defend_R","Defend_R","Bash","Pommel Strike+1","Flash of Steel","Rage","Battle Trance","True Grit+1"],"special_seed":0,"relics":["Burning Blood","Peace Pipe","Omamori","MawBank","Prayer Wheel","Pen Nib"],"potions_floor_usage":[],"damage_taken":[{"damage":14.0,"enemies":"Jaw Worm","floor":1.0,"turns":4.0},{"damage":7.0,"enemies":"Cultist","floor":2.0,"turns":4.0},{"damage":1.0,"enemies":"2 Louse","floor":4.0,"turns":2.0},{"damage":24.0,"enemies":"Lagavulin","floor":10.0,"turns":7.0},{"damage":0,"enemies":"Looter","floor":14,"turns":3},{"damage":30,"enemies":"Slime Boss","floor":16,"turns":3}],"seed_played":"-5084705338271518967","potions_obtained":[{"floor":4.0,"key":"SteroidPotion"}],"is_trial":false,"path_per_floor":["M","M","?","M","?","R","?","$","T","E","R","?","$","M","R","B"],"character_chosen":"IRONCLAD","items_purchased":["Flash of Steel","Rage","Feel No Pain"],"campfire_rested":0,"item_purchase_floors":[8,8,8],"current_hp_per_floor":[60,59,53,58,32,32,32,32,32,14,14,14,14,20,20,0],"gold":89,"neow_bonus":"ONE_RARE_RELIC","is_prod":false,"is_daily":false,"chose_seed":false,"campfire_upgraded":2,"win_rate":0,"timestamp":1557752988,"path_taken":["M","M","?","?","?","R","?","$","T","E","R","?","$","M","R","BOSS"],"build_version":"2019-01-23","purchased_purges":2,"victory":false,"max_hp_per_floor":[68,68,68,68,68,68,68,68,68,68,68,68,68,68,68,68],"card_choices":[{"not_picked":["Clothesline","Heavy Blade","Fire Breathing"],"picked":"SKIP","floor":1.0},{"not_picked":["Warcry","Clash"],"picked":"Pommel Strike","floor":2.0},{"not_picked":["Perfected Strike","Headbutt","Warcry"],"picked":"SKIP","floor":4.0},{"not_picked":["Exhume","Armaments"],"picked":"Battle Trance","floor":10.0},{"not_picked":["Sever Soul","Thunderclap"],"picked":"True Grit","floor":14},{"not_picked":["Clash","Warcry","Sword Boomerang"],"picked":"SKIP","floor":14}],"player_experience":1963791,"relics_obtained":[{"floor":9.0,"key":"MawBank"},{"floor":10.0,"key":"Prayer Wheel"}],"event_choices":[{"damage_healed":0.0,"max_hp_gain":0.0,"max_hp_loss":0.0,"gold_gain":50.0,"event_name":"FaceTrader","player_choice":"Touch","floor":3.0,"gold_loss":0.0,"damage_taken":6.0},{"damage_healed":0.0,"max_hp_gain":0.0,"max_hp_loss":0.0,"gold_gain":0.0,"event_name":"Scrap Ooze","player_choice":"Success","floor":5.0,"gold_loss":0.0,"damage_taken":26.0,"relics_obtained":["Omamori"]},{"damage_healed":0.0,"max_hp_gain":0.0,"max_hp_loss":0.0,"gold_gain":150.0,"event_name":"Liars Game","player_choice":"AGREE","floor":7.0,"gold_loss":0.0,"damage_taken":0.0,"cards_obtained":["Doubt"]},{"cards_removed":["Feel No Pain"],"damage_healed":0.0,"max_hp_gain":0.0,"max_hp_loss":0.0,"gold_gain":0.0,"event_name":"WeMeetAgain","player_choice":"Gave Card","floor":12.0,"gold_loss":0.0,"damage_taken":0.0,"relics_obtained":["Pen Nib"]}],"is_beta":false,"boss_relics":[],"items_purged_floors":[8,13],"is_endless":false,"potions_floor_spawned":[4],"killed_by":"Slime Boss","ascension_level":20}