{"gold_per_floor":[109,34,34,34,50,50,50,64,87,87,121,121,121,149,149,228,228,247,247,247,247,247,247,260,260,310,310,328,328,360,360,360,437,437,451,451,466,446,465,465,483,483,483,502,527,527,556,572,572,572,572,572,572,32,60,60],"floor_reached":57,"playtime":2487,"items_purged":["Bash"],"score":2968,"play_id":"04a92027-719e-420f-aeef-dafef4bf964c","local_time":"20190515135718","is_ascension_mode":true,"campfire_choices":[{"data":"Seeing Red","floor":6.0,"key":"SMITH"},{"data":"Demon Form","floor":10.0,"key":"SMITH"},{"data":"Sword Boomerang","floor":13.0,"key":"SMITH"},{"data":"Evolve","floor":15.0,"key":"SMITH"},{"data":"Whirlwind","floor":23.0,"key":"SMITH"},{"data":"Battle Trance","floor":25.0,"key":"SMITH"},{"data":"Shrug It Off","floor":29.0,"key":"SMITH"},{"data":"Flex","floor":32.0,"key":"SMITH"},{"data":"Bloodletting","floor":40.0,"key":"SMITH"},{"data":"Second Wind","floor":42.0,"key":"SMITH"},{"floor":46.0,"key":"RECALL"},{"data":"Feel No Pain","floor":49.0,"key":"SMITH"},{"data":"Ghostly","floor":53.0,"key":"SMITH"}],"neow_cost":"TEN_PERCENT_HP_LOSS","seed_source_timestamp":1741636798718925,"circlet_count":0,"master_deck":["AscendersBane","Defend_R","Defend_R","Defend_R","Demon Form+1","Seeing Red+1","Evolve+1","Sword Boomerang+1","Shrug It Off+1","Exhume+1","Power Through+1","Battle Trance+1","Flex+1","Ghostly","Ghostly","Ghostly+1","Reaper","Bloodletting+1","Second Wind+1","Feel No Pain+1","Feel No Pain","Reaper"],"special_seed":0,"relics":["Burning Blood","Strawberry","Juzu Bracelet","FossilizedHelix","Coffee Dripper","Potion Belt","Runic Pyramid","Bag of Marbles","Ornamental Fan","Self Forming Clay","DollysMirror","Oddly Smooth Stone","Mercury Hourglass"],"potions_floor_usage":[56,56,56,56,56,56,56,56],"damage_taken":[{"damage":7.0,"enemies":"Small Slimes","floor":1.0,"turns":4.0},{"damage":11.0,"enemies":"2 Louse","floor":5.0,"turns":3.0},{"damage":7.0,"enemies":"Cultist","floor":8.0,"turns":4.0},{"damage":30.0,"enemies":"3 Sentries","floor":11.0,"turns":6.0},{"damage":28.0,"enemies":"Gremlin Nob","floor":14.0,"turns":4.0},{"damage":12.0,"enemies":"Hexaghost","floor":16.0,"turns":6.0},{"damage":5.0,"enemies":"Shell Parasite","floor":18.0,"turns":3.0},{"damage":0.0,"enemies":"Spheric Guardian","floor":24.0,"turns":4.0},{"damage":8.0,"enemies":"Snake Plant","floor":28.0,"turns":4.0},{"damage":0.0,"enemies":"Book of Stabbing","floor":30.0,"turns":6.0},{"damage":12.0,"enemies":"Automaton","floor":33.0,"turns":12.0},{"damage":2.0,"enemies":"3 Darklings","floor":35.0,"turns":5.0},{"damage":14.0,"enemies":"3 Shapes","floor":37.0,"turns":9.0},{"damage":1.0,"enemies":"3 Darklings","floor":39.0,"turns":5.0},{"damage":7.0,"enemies":"4 Shapes","floor":41.0,"turns":8.0},{"damage":3.0,"enemies":"Sphere and 2 Shapes","floor":44.0,"turns":5.0},{"damage":0.0,"enemies":"Giant Head","floor":45.0,"turns":6.0},{"damage":9.0,"enemies":"Nemesis","floor":47.0,"turns":7.0},{"damage":0.0,"enemies":"Spire Growth","floor":48.0,"turns":4.0},{"damage":5.0,"enemies":"Time Eater","floor":50.0,"turns":6.0},{"damage":30.0,"enemies":"Awakened One","floor":51.0,"turns":11.0},{"damage":19.0,"enemies":"Shield and Spear","floor":55.0,"turns":7.0},{"damage":45,"enemies":"The Heart","floor":56,"turns":9}],"seed_played":"-3925272928360089278","potions_obtained":[{"floor":11.0,"key":"LiquidBronze"},{"floor":14.0,"key":"PowerPotion"},{"floor":33.0,"key":"SpeedPotion"},{"floor":37.0,"key":"Fire Potion"},{"floor":38.0,"key":"SteroidPotion"},{"floor":45.0,"key":"EntropicBrew"},{"floor":55.0,"key":"SteroidPotion"}],"is_trial":false,"path_per_floor":["M","?","$","?","M","R","$","M","T","R","E","?","R","E","R","B",null,"M","?","?","?","?","R","M","R","T","?","M","R","E","?","R","B",null,"M","?","M","?","M","R","M","R","T","M","E","R","E","M","R","B","B",null,"R","$","E","B",null],"character_chosen":"IRONCLAD","items_purchased":["Feel No Pain","DollysMirror","Oddly Smooth Stone"],"campfire_rested":0,"item_purchase_floors":[54,54,54],"current_hp_per_floor":[67,67,67,67,62,62,62,61,68,68,44,44,44,22,22,16,60,61,61,61,61,61,61,67,67,67,67,65,65,71,37,37,31,36,37,37,37,37,37,37,37,37,37,37,37,37,37,37,37,37,37,37,37,37,37,18],"gold":60,"neow_bonus":"TRANSFORM_TWO_CARDS","is_prod":false,"is_daily":false,"chose_seed":false,"campfire_upgraded":12,"win_rate":0,"timestamp":1557899838,"path_taken":["M","?","$","?","M","R","$","M","T","R","E","?","R","E","R","BOSS","M","?","?","?","?","R","M","R","T","?","M","R","E","?","R","BOSS","M","?","M","?","M","R","M","R","T","M","E","R","E","M","R","BOSS","BOSS","R","$","E","BOSS"],"build_version":"2019-01-23","purchased_purges":1,"victory":true,"max_hp_per_floor":[68,68,68,68,68,68,68,68,75,75,75,75,75,75,75,75,75,75,75,75,75,75,75,75,75,75,75,75,75,75,37,37,37,37,37,37,37,37,37,37,37,37,37,37,37,37,37,37,37,37,37,37,37,37,37,37],"card_choices":[{"not_picked":["Headbutt","Twin Strike","Corruption"],"picked":"SKIP","floor":1.0},{"not_picked":["Warcry","Sentinel"],"picked":"Evolve","floor":5.0},{"not_picked":["Fire Breathing","Warcry"],"picked":"Sword Boomerang","floor":8.0},{"not_picked":["Hemokinesis","Body Slam","Rupture"],"picked":"SKIP","floor":11.0},{"not_picked":["Warcry","Clothesline","Intimidate"],"picked":"SKIP","floor":14.0},{"not_picked":["Bludgeon","Dark Embrace"],"picked":"Exhume","floor":16.0},{"not_picked":["Body Slam","Fire Breathing"],"picked":"Power Through","floor":18.0},{"not_picked":["Headbutt","Clash"],"picked":"Battle Trance","floor":24.0},{"not_picked":["Wild Strike","Iron Wave","Blood for Blood"],"picked":"SKIP","floor":28.0},{"not_picked":["Rupture","Sentinel"],"picked":"Flex","floor":30.0},{"not_picked":["Brutality","Dark Embrace"],"picked":"Reaper","floor":33.0},{"not_picked":["Uppercut","Thunderclap"],"picked":"Bloodletting","floor":35.0},{"not_picked":["Fire Breathing","Body Slam"],"picked":"Second Wind","floor":37.0},{"not_picked":["Hemokinesis","Anger","Pommel Strike+1"],"picked":"SKIP","floor":39.0},{"not_picked":["Hemokinesis","Anger","Pommel Strike+1"],"picked":"SKIP","floor":39.0},{"not_picked":["Hemokinesis","Sword Boomerang","Second Wind"],"picked":"SKIP","floor":41.0},{"not_picked":["Pommel Strike","Iron Wave","Infernal Blade+1"],"picked":"SKIP","floor":44.0},{"not_picked":["Heavy Blade","Sword Boomerang","Twin Strike+1"],"picked":"SKIP","floor":45.0},{"not_picked":["Battle Trance","Flex+1"],"picked":"Feel No Pain","floor":47.0},{"not_picked":["Pommel Strike","Carnage","Bludgeon"],"picked":"SKIP","floor":48.0},{"not_picked":["Twin Strike","Fire Breathing","Sword Boomerang+1"],"picked":"SKIP","floor":55.0}],"player_experience":1984887,"relics_obtained":[{"floor":9.0,"key":"Strawberry"},{"floor":11.0,"key":"Juzu Bracelet"},{"floor":14.0,"key":"FossilizedHelix"},{"floor":30.0,"key":"Potion Belt"},{"floor":43.0,"key":"Bag of Marbles"},{"floor":45.0,"key":"Ornamental Fan"},{"floor":47.0,"key":"Self Forming Clay"},{"floor":55.0,"key":"Mercury Hourglass"}],"event_choices":[{"cards_removed":["Strike_R"],"damage_healed":0.0,"max_hp_gain":0.0,"max_hp_loss":0.0,"gold_gain":0.0,"event_name":"The Cleric","player_choice":"Card Removal","floor":2.0,"gold_loss":75.0,"damage_taken":0.0},{"cards_removed":["Defend_R"],"damage_healed":0.0,"max_hp_gain":0.0,"max_hp_loss":0.0,"gold_gain":0.0,"event_name":"Bonfire Elementals","player_choice":"Offered Basic","floor":4.0,"gold_loss":0.0,"damage_taken":0.0},{"damage_healed":0.0,"max_hp_gain":0.0,"max_hp_loss":0.0,"gold_gain":0.0,"cards_transformed":["Strike_R"],"event_name":"Living Wall","player_choice":"Change","floor":12.0,"gold_loss":0.0,"damage_taken":0.0,"cards_obtained":["Shrug It Off"]},{"cards_removed":["Strike_R"],"damage_healed":0.0,"max_hp_gain":0.0,"max_hp_loss":0.0,"gold_gain":0.0,"event_name":"Back to Basics","player_choice":"Elegance","floor":19.0,"gold_loss":0.0,"damage_taken":0.0},{"damage_healed":0.0,"max_hp_gain":0.0,"max_hp_loss":0.0,"gold_gain":0.0,"event_name":"Upgrade Shrine","player_choice":"Upgraded","floor":20.0,"gold_loss":0.0,"damage_taken":0.0,"cards_upgraded":["Power Through"]},{"damage_healed":0.0,"max_hp_gain":0.0,"max_hp_loss":0.0,"gold_gain":0.0,"event_name":"Vampires","player_choice":"Ignored","floor":21.0,"gold_loss":0.0,"damage_taken":0.0},{"damage_healed":0.0,"max_hp_gain":0.0,"max_hp_loss":0.0,"gold_gain":0.0,"event_name":"The Library","player_choice":"Read","floor":22.0,"gold_loss":0.0,"damage_taken":0.0,"cards_obtained":["Whirlwind"]},{"damage_healed":0.0,"max_hp_gain":0.0,"max_hp_loss":0.0,"gold_gain":0.0,"event_name":"Accursed Blacksmith","player_choice":"Forge","floor":27.0,"gold_loss":0.0,"damage_taken":0.0,"cards_upgraded":["Exhume"]},{"damage_healed":0.0,"max_hp_gain":0.0,"max_hp_loss":38.0,"gold_gain":0.0,"event_name":"Ghosts","player_choice":"Became a Ghost","floor":31.0,"gold_loss":0.0,"damage_taken":0.0,"cards_obtained":["Ghostly","Ghostly","Ghostly"]},{"cards_removed":["Whirlwind"],"damage_healed":0.0,"max_hp_gain":0.0,"max_hp_loss":0.0,"gold_gain":0.0,"event_name":"Falling","player_choice":"Removed Attack","floor":36.0,"gold_loss":0.0,"damage_taken":0.0},{"damage_healed":0.0,"max_hp_gain":0.0,"max_hp_loss":0.0,"gold_gain":0.0,"event_name":"The Woman in Blue","player_choice":"Bought 1 Potion","floor":38.0,"gold_loss":0.0,"damage_taken":0.0}],"is_beta":false,"boss_relics":[{"not_picked":["Fusion Hammer","Ectoplasm"],"picked":"Coffee Dripper"},{"not_picked":["Empty Cage","Busted Crown"],"picked":"Runic Pyramid"}],"items_purged_floors":[54],"is_endless":false,"potions_floor_spawned":[11,14,18,33,37,44,45,55],"ascension_level":20}