{"gold_per_floor":[112,124,144,124,174,174,203,203,226,246,264,277,277],"floor_reached":13,"playtime":313,"items_purged":[],"score":152,"play_id":"f75cb53f-33d1-4a4a-85a2-bb840db53a1c","local_time":"20181015111731","is_ascension_mode":true,"campfire_choices":[{"data":"Zap","floor":6,"key":"SMITH"},{"data":"Defragment","floor":8,"key":"SMITH"}],"neow_cost":"NONE","seed_source_timestamp":96945158080011,"circlet_count":0,"master_deck":["Strike_B","Strike_B","Strike_B","Strike_B","Defend_B","Defend_B","Defend_B","Defend_B","Zap+1","Dualcast","AscendersBane","Ball Lightning","Defragment+1","All For One","Echo Form","FTL","BootSequence"],"relics":["Cracked Core","DataDisk","Dream Catcher","Strawberry"],"potions_floor_usage":[7,10,12],"damage_taken":[{"damage":1,"enemies":"Cultist","floor":1,"turns":3},{"damage":4,"enemies":"Small Slimes","floor":2,"turns":3},{"damage":2,"enemies":"Jaw Worm","floor":3,"turns":3},{"damage":8,"enemies":"Gremlin Nob","floor":7,"turns":3},{"damage":15,"enemies":"Gremlin Gang","floor":10,"turns":3},{"damage":11,"enemies":"Looter","floor":11,"turns":2},{"damage":13,"enemies":"Large Slime","floor":12,"turns":4},{"damage":17,"enemies":"3 Sentries","floor":13,"turns":3}],"seed_played":"8897957983529601383","potions_obtained":[{"floor":1,"key":"Weak Potion"},{"floor":2,"key":"SteroidPotion"},{"floor":4,"key":"Fire Potion"},{"floor":10,"key":"Weak Potion"}],"is_trial":false,"path_per_floor":["M","M","M","?","?","R","E","R","T","M","M","M"],"character_chosen":"DEFECT","items_purchased":[],"campfire_rested":0,"item_purchase_floors":[],"current_hp_per_floor":[63,59,57,57,50,50,42,42,49,34,23,10,0],"gold":277,"neow_bonus":"RANDOM_COMMON_RELIC","is_prod":false,"is_daily":false,"chose_seed":false,"campfire_upgraded":2,"win_rate":0,"timestamp":1539613051,"path_taken":["M","M","M","?","?","R","E","R","T","M","M","?","E"],"build_version":"2018-07-12","purchased_purges":0,"victory":false,"max_hp_per_floor":[71,71,71,71,71,71,71,71,78,78,78,78,78],"card_choices":[{"not_picked":["Turbo","Rebound","Tempest"],"picked":"SKIP","floor":1},{"not_picked":["Lockon","Heatsinks"],"picked":"Ball Lightning","floor":2},{"not_picked":["Storm","Force Field"],"picked":"Defragment","floor":3},{"not_picked":["Gash","Stack"],"picked":"All For One","floor":7},{"not_picked":["Aggregate","Go for the Eyes"],"picked":"Echo Form","floor":10},{"not_picked":["Reprogram","Compile Driver"],"picked":"FTL","floor":11},{"not_picked":["Consume","Barrage"],"picked":"BootSequence","floor":12}],"player_experience":960449,"relics_obtained":[{"floor":7,"key":"Dream Catcher"},{"floor":9,"key":"Strawberry"}],"event_choices":[{"event_name":"The Woman in Blue","player_choice":"Bought 1 Potion","floor":4,"damage_taken":0},{"event_name":"FaceTrader","player_choice":"Touch","floor":5,"damage_taken":0}],"boss_relics":[],"items_purged_floors":[],"is_endless":false,"potions_floor_spawned":[1,2,10],"killed_by":"3 Sentries","ascension_level":15}