{"gold_per_floor":[118,118,132,132,144,172,192,192,218,218,237,68,98,116,116,191,191,205,205,219,219,134,167,167,179,179,28,63,63,63,92,92,170,170,184,184,196,209,46,71,81,106,106,106,206,206,206,236,236,236,236],"floor_reached":51,"playtime":1597,"items_purged":[],"score":1602,"play_id":"a2ead91a-f75c-4b84-98aa-183aa2e9a5ea","local_time":"20190515040632","is_ascension_mode":true,"campfire_choices":[{"data":"Inflame","floor":8.0,"key":"SMITH"},{"floor":10.0,"key":"REST"},{"data":"Sword Boomerang","floor":15.0,"key":"SMITH"},{"data":"Immolate","floor":24,"key":"SMITH"},{"data":"Uppercut","floor":30,"key":"SMITH"},{"floor":32,"key":"REST"},{"floor":44,"key":"REST"},{"data":"Demon Form","floor":47,"key":"SMITH"},{"floor":49,"key":"RECALL"}],"neow_cost":"NONE","seed_source_timestamp":229406590333586,"circlet_count":0,"master_deck":["AscendersBane","Strike_R","Strike_R","Strike_R","Strike_R","Defend_R","Defend_R","Defend_R","Defend_R","Bash+1","Anger+1","Shockwave","Inflame+1","Sword Boomerang+1","Armaments","Shrug It Off","Shrug It Off","Immolate+1","Pummel","Uppercut+1","Heavy Blade","Spot Weakness","Fiend Fire+1","Corruption","Demon Form+1","Clothesline","Flame Barrier+1","Feed","Armaments+1","Immolate","Burning Pact+1","Writhe","Entrench+1"],"special_seed":0,"relics":["Burning Blood","Blood Vial","Red Skull","Potion Belt","Snecko Eye","Bronze Scales","Dodecahedron","Sundial","Toxic Egg 2","Nunchaku","Cursed Key","Bag of Preparation","Ornamental Fan","Smiling Mask","StoneCalendar","Incense Burner"],"potions_floor_usage":[23,28,33,33,40,42,50,50],"damage_taken":[{"damage":8.0,"enemies":"Small Slimes","floor":1.0,"turns":5.0},{"damage":7.0,"enemies":"Jaw Worm","floor":3.0,"turns":3.0},{"damage":11.0,"enemies":"2 Louse","floor":5.0,"turns":4.0},{"damage":32.0,"enemies":"Gremlin Nob","floor":6.0,"turns":4.0},{"damage":16.0,"enemies":"Large Slime","floor":7.0,"turns":5.0},{"damage":19.0,"enemies":"Exordium Thugs","floor":11.0,"turns":4.0},{"damage":30.0,"enemies":"3 Sentries","floor":13.0,"turns":6.0},{"damage":2.0,"enemies":"3 Louse","floor":14.0,"turns":3.0},{"damage":0.0,"enemies":"Slime Boss","floor":16.0,"turns":4.0},{"damage":16.0,"enemies":"3 Byrds","floor":18.0,"turns":5.0},{"damage":0.0,"enemies":"Spheric Guardian","floor":20.0,"turns":3.0},{"damage":29,"enemies":"Slavers","floor":23,"turns":4},{"damage":1,"enemies":"Centurion and Healer","floor":25,"turns":4},{"damage":22,"enemies":"Gremlin Leader","floor":28,"turns":3},{"damage":32,"enemies":"Slavers","floor":31,"turns":3},{"damage":20,"enemies":"Automaton","floor":33,"turns":5},{"damage":4,"enemies":"Orb Walker","floor":35,"turns":3},{"damage":20,"enemies":"3 Darklings","floor":37,"turns":4},{"damage":12,"enemies":"4 Shapes","floor":38,"turns":5},{"damage":54,"enemies":"Reptomancer","floor":40,"turns":5},{"damage":0,"enemies":"Sphere and 2 Shapes","floor":41,"turns":1},{"damage":3,"enemies":"Nemesis","floor":42,"turns":3},{"damage":9,"enemies":"Mind Bloom Boss Battle","floor":45,"turns":9},{"damage":42,"enemies":"Reptomancer","floor":48,"turns":4},{"damage":45,"enemies":"Donu and Deca","floor":50,"turns":6},{"damage":13,"enemies":"Awakened One","floor":51,"turns":1}],"seed_played":"4975487218101163782","potions_obtained":[{"floor":6.0,"key":"EssenceOfSteel"},{"floor":11.0,"key":"Ancient Potion"},{"floor":14.0,"key":"Regen Potion"},{"floor":16.0,"key":"SteroidPotion"},{"floor":18.0,"key":"Dexterity Potion"},{"floor":25,"key":"Block Potion"},{"floor":28,"key":"PowerPotion"},{"floor":40,"key":"Swift Potion"},{"floor":41,"key":"Block Potion"},{"floor":42,"key":"BloodPotion"}],"is_trial":false,"path_per_floor":["M","?","M","?","M","E","M","R","T","R","M","$","E","M","R","B",null,"M","?","M","?","?","E","R","M","T","$","E","?","R","E","R","B",null,"M","?","M","M","$","E","M","E","T","R","?","?","R","E","R","B","B"],"character_chosen":"IRONCLAD","items_purchased":["Red Skull","Fiend Fire","Bag of Preparation"],"campfire_rested":3,"item_purchase_floors":[12,27,39],"current_hp_per_floor":[66,71,70,70,65,39,31,31,31,55,44,44,22,28,28,45,71,63,63,71,71,71,50,50,57,57,57,43,43,43,19,43,31,68,72,72,60,56,56,10,18,23,23,47,50,67,67,33,33,7,0],"gold":236,"neow_bonus":"UPGRADE_CARD","is_prod":false,"is_daily":false,"chose_seed":false,"campfire_upgraded":5,"win_rate":0,"timestamp":1557903992,"path_taken":["M","?","M","?","M","E","M","R","T","R","M","$","E","M","R","BOSS","M","?","M","?","?","E","R","M","T","$","E","?","R","E","R","BOSS","M","?","M","M","$","E","M","E","T","R","?","?","R","E","R","BOSS","BOSS"],"build_version":"2019-01-23","purchased_purges":0,"victory":false,"max_hp_per_floor":[75,80,80,80,80,80,80,80,80,80,80,80,80,80,80,80,80,80,80,80,80,80,80,80,80,80,80,80,80,80,80,80,80,80,80,80,80,80,80,80,80,80,80,80,84,84,84,84,84,87,87],"card_choices":[{"not_picked":["Armaments","Pummel"],"picked":"Anger","floor":1.0},{"not_picked":["Heavy Blade","Clothesline"],"picked":"Shockwave","floor":3.0},{"not_picked":["Clothesline","Ghostly Armor"],"picked":"Inflame","floor":5.0},{"not_picked":["Rage","Headbutt"],"picked":"Sword Boomerang","floor":6.0},{"not_picked":["Perfected Strike","Anger","Rupture"],"picked":"SKIP","floor":7.0},{"not_picked":["Combust","Sever Soul"],"picked":"Armaments","floor":11.0},{"not_picked":["Thunderclap","Hemokinesis"],"picked":"Shrug It Off","floor":13.0},{"not_picked":["Blood for Blood","Burning Pact"],"picked":"Shrug It Off","floor":14.0},{"not_picked":["Impervious","Fiend Fire"],"picked":"Immolate","floor":16.0},{"not_picked":["Flex+1","Pummel","Wild Strike"],"picked":"SKIP","floor":18.0},{"not_picked":["Flex+1","Wild Strike"],"picked":"Pummel","floor":18.0},{"not_picked":["Seeing Red","Clash"],"picked":"Heavy Blade","floor":20.0},{"not_picked":["Inflame","Cleave"],"picked":"Spot Weakness","floor":23},{"not_picked":["Perfected Strike","Wild Strike","Ghostly Armor"],"picked":"SKIP","floor":25},{"not_picked":["Iron Wave","Twin Strike","Rage"],"picked":"SKIP","floor":28},{"not_picked":["Spot Weakness+1","Perfected Strike"],"picked":"Corruption","floor":31},{"not_picked":["Impervious+1","Fiend Fire"],"picked":"Demon Form","floor":33},{"not_picked":["Perfected Strike","Headbutt"],"picked":"Clothesline","floor":35},{"not_picked":["Sword Boomerang+1","Ghostly Armor+1"],"picked":"Flame Barrier+1","floor":37},{"not_picked":["Havoc+1","Warcry+1","Anger"],"picked":"SKIP","floor":38},{"not_picked":["Battle Trance+1","Combust"],"picked":"Feed","floor":40},{"not_picked":["Perfected Strike","Hemokinesis+1"],"picked":"Armaments+1","floor":41},{"not_picked":["Heavy Blade","Pommel Strike"],"picked":"Immolate","floor":42},{"not_picked":["Headbutt","Thunderclap"],"picked":"Burning Pact+1","floor":45},{"not_picked":["Twin Strike+1","Clash+1"],"picked":"Entrench+1","floor":48}],"player_experience":2332680,"relics_obtained":[{"floor":6.0,"key":"Blood Vial"},{"floor":13.0,"key":"Potion Belt"},{"floor":23,"key":"Dodecahedron"},{"floor":26,"key":"Sundial"},{"floor":28,"key":"Toxic Egg 2"},{"floor":31,"key":"Nunchaku"},{"floor":40,"key":"Ornamental Fan"},{"floor":42,"key":"Smiling Mask"},{"floor":45,"key":"StoneCalendar"},{"floor":48,"key":"Incense Burner"}],"event_choices":[{"damage_healed":0.0,"max_hp_gain":5.0,"max_hp_loss":0.0,"gold_gain":0.0,"event_name":"Big Fish","player_choice":"Donut","floor":2.0,"gold_loss":0.0,"damage_taken":0.0},{"damage_healed":0.0,"max_hp_gain":0.0,"max_hp_loss":0.0,"gold_gain":0.0,"event_name":"Living Wall","player_choice":"Grow","floor":4.0,"gold_loss":0.0,"damage_taken":0.0,"cards_upgraded":["Anger"]},{"damage_healed":0.0,"max_hp_gain":0.0,"max_hp_loss":0.0,"gold_gain":0.0,"event_name":"The Library","player_choice":"Read","floor":19.0,"gold_loss":0.0,"damage_taken":0.0,"cards_obtained":["Uppercut"]},{"damage_healed":0.0,"max_hp_gain":0.0,"max_hp_loss":0.0,"gold_gain":0.0,"event_name":"Ghosts","player_choice":"Ignored","floor":21.0,"gold_loss":0.0,"damage_taken":0.0},{"damage_healed":0.0,"max_hp_gain":0.0,"max_hp_loss":0.0,"gold_gain":0.0,"event_name":"Addict","player_choice":"Obtained Relic","floor":22.0,"gold_loss":85.0,"damage_taken":0.0,"relics_obtained":["Bronze Scales"]},{"damage_healed":0,"gold_gain":0,"player_choice":"Upgraded","damage_taken":0,"max_hp_gain":0,"max_hp_loss":0,"event_name":"Upgrade Shrine","floor":29,"gold_loss":0,"cards_upgraded":["Fiend Fire"]},{"cards_removed":["Strike_R"],"damage_healed":0,"gold_gain":0,"player_choice":"Removed Attack","damage_taken":0,"max_hp_gain":0,"max_hp_loss":0,"event_name":"Falling","floor":36,"gold_loss":0},{"damage_healed":0,"gold_gain":0,"player_choice":"Fight","damage_taken":0,"max_hp_gain":0,"max_hp_loss":0,"event_name":"MindBloom","floor":45,"gold_loss":0},{"damage_healed":17,"gold_gain":0,"player_choice":"Writhe","damage_taken":0,"max_hp_gain":0,"max_hp_loss":0,"event_name":"Winding Halls","floor":46,"gold_loss":0,"cards_obtained":["Writhe"]}],"is_beta":false,"boss_relics":[{"not_picked":["Pandora\u0027s Box","Astrolabe"],"picked":"Snecko Eye"},{"not_picked":["Empty Cage","Lizard Tail"],"picked":"Cursed Key"}],"items_purged_floors":[],"is_endless":false,"potions_floor_spawned":[6,11,14,16,18,25,28,31,40,41,42],"killed_by":"Awakened One","ascension_level":20}