{"gold_per_floor":[115,265,265,2,2,2,27,27,27,27,46,59,84,95,95,168,168,181,192,207,39,39,39,51,84,137,52,52,79,95,115,115,189,189,209,222,33,46,46,46,77,90,160,160,160,160,160,195,195,195,195],"floor_reached":51,"playtime":2210,"items_purged":["Doubt"],"score":1581,"play_id":"fb0f586c-5493-43c9-a8df-cc020e9a42ae","local_time":"20190511135404","is_ascension_mode":true,"campfire_choices":[{"data":"Envenom","floor":6.0,"key":"SMITH"},{"data":"Poisoned Stab","floor":8.0,"key":"SMITH"},{"floor":10.0,"key":"REST"},{"floor":15.0,"key":"REST"},{"data":"After Image","floor":23.0,"key":"SMITH"},{"data":"Catalyst","floor":32.0,"key":"SMITH"},{"data":"Catalyst","floor":40,"key":"SMITH"},{"data":"Well Laid Plans","floor":44,"key":"SMITH"},{"data":"Noxious Fumes","floor":47,"key":"SMITH"},{"floor":49,"key":"RECALL"}],"neow_cost":"NONE","seed_source_timestamp":514297715933272,"circlet_count":0,"master_deck":["AscendersBane","Defend_G","Defend_G","Defend_G+1","Defend_G","Defend_G+1","Strike_G","Strike_G+1","Survivor","Neutralize+1","Poisoned Stab+1","Envenom+1","PiercingWail","Die Die Die","Poisoned Stab","Cloak And Dagger","Escape Plan","After Image+1","Catalyst+1","Leg Sweep+1","Crippling Poison+1","Acrobatics","After Image","Backflip","Noxious Fumes+1","After Image","Backflip","Dodge and Roll","Catalyst+1","Dodge and Roll+1","PiercingWail","Crippling Poison+1","Well Laid Plans+1","Trip+1","Backstab","Calculated Gamble","Blade Dance+1","Doubt","Calculated Gamble+1"],"special_seed":0,"relics":["Ring of the Snake","NeowsBlessing","Orichalcum","Boot","Gremlin Horn","Blood Vial","Coffee Dripper","Bronze Scales","Ginger","Whetstone","Happy Flower","Strawberry","Orrery","Shuriken","War Paint"],"potions_floor_usage":[51,51],"damage_taken":[{"damage":0.0,"enemies":"2 Louse","floor":1.0,"turns":1.0},{"damage":0.0,"enemies":"3 Sentries","floor":7.0,"turns":1.0},{"damage":0.0,"enemies":"Small Slimes","floor":11.0,"turns":1.0},{"damage":8.0,"enemies":"Jaw Worm","floor":12.0,"turns":4.0},{"damage":18.0,"enemies":"Gremlin Nob","floor":13.0,"turns":4.0},{"damage":2.0,"enemies":"Blue Slaver","floor":14.0,"turns":3.0},{"damage":26.0,"enemies":"Slime Boss","floor":16.0,"turns":10.0},{"damage":6.0,"enemies":"Shell Parasite","floor":18.0,"turns":7.0},{"damage":2.0,"enemies":"3 Byrds","floor":19.0,"turns":5.0},{"damage":12.0,"enemies":"3 Cultists","floor":20.0,"turns":6.0},{"damage":13.0,"enemies":"Snake Plant","floor":24.0,"turns":4.0},{"damage":16.0,"enemies":"Slavers","floor":25.0,"turns":5.0},{"damage":1.0,"enemies":"Book of Stabbing","floor":29.0,"turns":6.0},{"damage":0.0,"enemies":"Centurion and Healer","floor":30.0,"turns":8.0},{"damage":0.0,"enemies":"Sentry and Sphere","floor":31.0,"turns":4.0},{"damage":25.0,"enemies":"Champ","floor":33.0,"turns":15.0},{"damage":12,"enemies":"3 Darklings","floor":35,"turns":4},{"damage":2,"enemies":"3 Shapes","floor":36,"turns":7},{"damage":8,"enemies":"Jaw Worm Horde","floor":38,"turns":5},{"damage":5,"enemies":"Giant Head","floor":41,"turns":7},{"damage":0,"enemies":"Writhing Mass","floor":42,"turns":6},{"damage":0,"enemies":"Nemesis","floor":48,"turns":7},{"damage":45,"enemies":"Time Eater","floor":50,"turns":8},{"damage":40,"enemies":"Awakened One","floor":51,"turns":18}],"seed_played":"-6054904556968123826","potions_obtained":[{"floor":11.0,"key":"PowerPotion"},{"floor":13.0,"key":"Fire Potion"},{"floor":16.0,"key":"Weak Potion"},{"floor":20.0,"key":"Fire Potion"},{"floor":24.0,"key":"SpeedPotion"},{"floor":25.0,"key":"GhostInAJar"},{"floor":33.0,"key":"GhostInAJar"}],"is_trial":false,"path_per_floor":["M","?","?","$","?","R","E","R","T","R","M","M","E","M","R","B",null,"M","M","M","$","?","R","M","E","T","?","?","E","M","M","R","B",null,"M","M","$","M","?","R","E","M","T","R","$","?","R","E","R","B","B"],"character_chosen":"THE_SILENT","items_purchased":["Envenom","PiercingWail","Bronze Scales","Well Laid Plans","Trip"],"campfire_rested":2,"item_purchase_floors":[4,4,21,37,37],"current_hp_per_floor":[59,59,54,54,34,34,34,34,34,53,53,45,27,27,46,22,55,51,51,41,41,41,41,30,16,16,16,16,24,26,28,28,5,56,46,46,46,40,40,40,37,39,39,39,39,73,73,73,73,28,0],"gold":195,"neow_bonus":"THREE_ENEMY_KILL","is_prod":false,"is_daily":false,"chose_seed":false,"campfire_upgraded":7,"win_rate":0,"timestamp":1557593644,"path_taken":["M","?","?","$","?","R","E","R","T","R","M","M","E","?","R","BOSS","M","M","M","$","?","R","?","E","T","?","?","E","?","M","R","BOSS","M","M","?","M","?","R","E","?","T","R","$","?","R","E","R","BOSS","BOSS"],"build_version":"2019-01-23","purchased_purges":1,"victory":false,"max_hp_per_floor":[66,66,66,66,66,66,66,66,66,66,66,66,66,66,66,66,66,66,66,66,66,66,66,66,66,66,66,66,73,73,73,73,73,73,73,73,73,73,73,73,73,73,73,73,73,73,73,73,73,73,73],"card_choices":[{"not_picked":["Prepared","Acrobatics"],"picked":"Poisoned Stab","floor":1.0},{"not_picked":["Backflip","Caltrops"],"picked":"Die Die Die","floor":7.0},{"not_picked":["Underhanded Strike","Skewer"],"picked":"Poisoned Stab","floor":11.0},{"not_picked":["Slice","PiercingWail"],"picked":"Cloak And Dagger","floor":12.0},{"not_picked":["Accuracy","Burst"],"picked":"Escape Plan","floor":13.0},{"not_picked":["Quick Slash","Outmaneuver","Caltrops"],"picked":"SKIP","floor":14.0},{"not_picked":["Doppelganger","A Thousand Cuts"],"picked":"After Image","floor":16.0},{"not_picked":["Dagger Throw","Backflip"],"picked":"Catalyst","floor":18.0},{"not_picked":["Finisher","Distraction","Prepared"],"picked":"SKIP","floor":19.0},{"not_picked":["Dagger Spray","Footwork"],"picked":"Leg Sweep","floor":20.0},{"not_picked":["Flechettes","Prepared"],"picked":"Crippling Poison+1","floor":24.0},{"not_picked":["Bane+1","Finisher"],"picked":"Acrobatics","floor":25.0},{"not_picked":["Concentrate","Slice"],"picked":"Backflip","floor":29.0},{"not_picked":["Infinite Blades","Caltrops"],"picked":"Noxious Fumes","floor":30.0},{"not_picked":["Endless Agony","Choke","Sucker Punch"],"picked":"SKIP","floor":31.0},{"not_picked":["Die Die Die","Grand Finale"],"picked":"After Image","floor":33.0},{"not_picked":["Eviscerate","Choke+1"],"picked":"Backflip","floor":34.0},{"not_picked":["Distraction","Terror"],"picked":"Dodge and Roll","floor":34.0},{"not_picked":["Infinite Blades","Deadly Poison"],"picked":"Catalyst","floor":34.0},{"not_picked":["Reflex","Bane"],"picked":"Dodge and Roll+1","floor":34.0},{"not_picked":["Prepared","Deadly Poison"],"picked":"PiercingWail","floor":35},{"not_picked":["Caltrops","Doppelganger"],"picked":"Crippling Poison+1","floor":36},{"not_picked":["Dagger Spray","Slice","Bane"],"picked":"SKIP","floor":38},{"not_picked":["Calculated Gamble","Crippling Poison","Dagger Throw"],"picked":"SKIP","floor":41},{"not_picked":["Crippling Poison","Dagger Throw"],"picked":"Calculated Gamble","floor":41},{"not_picked":["Bane+1","Terror+1"],"picked":"Blade Dance+1","floor":42},{"not_picked":["Dagger Spray+1","All Out Attack"],"picked":"Calculated Gamble+1","floor":48}],"player_experience":2310102,"relics_obtained":[{"floor":7.0,"key":"Boot"},{"floor":9.0,"key":"Gremlin Horn"},{"floor":13.0,"key":"Blood Vial"},{"floor":25.0,"key":"Ginger"},{"floor":26.0,"key":"Whetstone"},{"floor":29.0,"key":"Strawberry"},{"floor":41,"key":"Shuriken"},{"floor":48,"key":"War Paint"}],"event_choices":[{"damage_healed":0.0,"max_hp_gain":0.0,"max_hp_loss":0.0,"gold_gain":150.0,"event_name":"Liars Game","player_choice":"AGREE","floor":2.0,"gold_loss":0.0,"damage_taken":0.0,"cards_obtained":["Doubt"]},{"damage_healed":0.0,"max_hp_gain":0.0,"max_hp_loss":0.0,"gold_gain":0.0,"event_name":"Scrap Ooze","player_choice":"Success","floor":3.0,"gold_loss":0.0,"damage_taken":5.0,"relics_obtained":["Orichalcum"]},{"damage_healed":0.0,"max_hp_gain":0.0,"max_hp_loss":0.0,"gold_gain":0.0,"event_name":"Shining Light","player_choice":"Entered Light","floor":5.0,"gold_loss":0.0,"damage_taken":20.0,"cards_upgraded":["Defend_G","Defend_G"]},{"cards_removed":["Strike_G"],"damage_healed":0.0,"max_hp_gain":0.0,"max_hp_loss":0.0,"gold_gain":0.0,"event_name":"Purifier","player_choice":"Purged","floor":22.0,"gold_loss":0.0,"damage_taken":0.0},{"damage_healed":0.0,"max_hp_gain":0.0,"max_hp_loss":0.0,"gold_gain":0.0,"event_name":"Addict","player_choice":"Obtained Relic","floor":27.0,"gold_loss":85.0,"damage_taken":0.0,"relics_obtained":["Happy Flower"]},{"damage_healed":0.0,"max_hp_gain":0.0,"max_hp_loss":0.0,"gold_gain":0.0,"cards_transformed":["Strike_G"],"event_name":"Transmorgrifier","player_choice":"Transformed","floor":28.0,"gold_loss":0.0,"damage_taken":0.0,"cards_obtained":["After Image"]},{"damage_healed":0,"gold_gain":0,"cards_transformed":["Strike_G"],"player_choice":"Transformed","damage_taken":0,"max_hp_gain":0,"max_hp_loss":0,"event_name":"Transmorgrifier","floor":39,"gold_loss":0,"cards_obtained":["Backstab"]},{"damage_healed":34,"gold_gain":0,"player_choice":"Heal","damage_taken":0,"max_hp_gain":0,"max_hp_loss":0,"event_name":"MindBloom","floor":46,"gold_loss":0,"cards_obtained":["Doubt"]}],"is_beta":false,"boss_relics":[{"not_picked":["Philosopher\u0027s Stone","Snecko Eye"],"picked":"Coffee Dripper"},{"not_picked":["HoveringKite","Fusion Hammer"],"picked":"Orrery"}],"items_purged_floors":[4],"is_endless":false,"potions_floor_spawned":[11,13,16,20,24,25,33,38,48],"killed_by":"Awakened One","ascension_level":20}