{"gold_per_floor":[116,35,35,35,53,53,68,84,84,84,84,84,84,84,84,214,214,238,253,253,253,267,300,319,357,430,430,318,318,318,95,95,219,219,233,233,253,268,393,464,491,524,550,564,564,600,600,700,700,700],"floor_reached":51,"playtime":3177,"items_purged":["Defend_B","Defend_B"],"score":959,"play_id":"a366fbda-b53a-4f6a-befe-ce9700800555","local_time":"20190515235602","is_ascension_mode":false,"campfire_choices":[{"data":"Dualcast","floor":6.0,"key":"SMITH"},{"data":"Capacitor","floor":10.0,"key":"SMITH"},{"data":"Hello World","floor":13.0,"key":"SMITH"},{"data":"Glacier","floor":15.0,"key":"SMITH"},{"data":"Fission","floor":27,"key":"SMITH"},{"data":"Reinforced Body","floor":29,"key":"SMITH"},{"data":"Defragment","floor":32,"key":"SMITH"},{"data":"Rainbow","floor":45,"key":"SMITH"},{"floor":47,"key":"REST"},{"floor":49,"key":"REST"}],"neow_cost":"NONE","seed_source_timestamp":0,"circlet_count":0,"master_deck":["Strike_B+1","Defend_B+1","Zap+1","Dualcast+1","Compile Driver","Hello World+1","Conserve Battery","Glacier+1","Capacitor+1","Fission+1","Cold Snap","Chaos+1","Chaos+1","Rebound","Glacier+1","Reinforced Body+1","Conserve Battery","Defragment+1","Rainbow+1","Tempest+1","Echo Form","Undo+1"],"special_seed":0,"relics":["Cracked Core","Golden Idol","Bag of Preparation","Empty Cage","Enchiridion","Symbiotic Virus","Happy Flower","Singing Bowl","Sozu","FossilizedHelix","Tiny Chest","PreservedInsect","Vajra","DataDisk","Ornamental Fan"],"potions_floor_usage":[23,25,40,44],"damage_taken":[{"damage":1.0,"enemies":"Jaw Worm","floor":1.0,"turns":3.0},{"damage":5.0,"enemies":"Small Slimes","floor":5.0,"turns":3.0},{"damage":0.0,"enemies":"2 Louse","floor":7.0,"turns":3.0},{"damage":0.0,"enemies":"2 Fungi Beasts","floor":8.0,"turns":4.0},{"damage":19.0,"enemies":"Slime Boss","floor":16.0,"turns":9.0},{"damage":5.0,"enemies":"Chosen","floor":18.0,"turns":6.0},{"damage":1.0,"enemies":"Spheric Guardian","floor":19.0,"turns":4.0},{"damage":0,"enemies":"3 Cultists","floor":22,"turns":6},{"damage":0,"enemies":"Slavers","floor":23,"turns":5},{"damage":1,"enemies":"Snecko","floor":24,"turns":5},{"damage":0,"enemies":"Gremlin Leader","floor":25,"turns":6},{"damage":0,"enemies":"Collector","floor":33,"turns":11},{"damage":2,"enemies":"3 Darklings","floor":35,"turns":5},{"damage":0,"enemies":"3 Shapes","floor":37,"turns":1},{"damage":5,"enemies":"Writhing Mass","floor":38,"turns":6},{"damage":2,"enemies":"Mind Bloom Boss Battle","floor":39,"turns":7},{"damage":34,"enemies":"Reptomancer","floor":40,"turns":8},{"damage":0,"enemies":"Giant Head","floor":42,"turns":9},{"damage":0,"enemies":"Jaw Worm Horde","floor":44,"turns":4},{"damage":0,"enemies":"Nemesis","floor":46,"turns":5},{"damage":0,"enemies":"Donu and Deca","floor":50,"turns":8}],"seed_played":"-8723077289868406874","potions_obtained":[{"floor":1.0,"key":"Weak Potion"},{"floor":5.0,"key":"AttackPotion"},{"floor":8.0,"key":"EssenceOfSteel"},{"floor":16.0,"key":"Poison Potion"},{"floor":24,"key":"Explosive Potion"},{"floor":25,"key":"GamblersBrew"},{"floor":33,"key":"SneckoOil"}],"is_trial":false,"path_per_floor":["M","$","?","$","M","R","M","M","T","R","?","?","R","?","R","B",null,"M","M","?","?","M","E","M","E","T","R","$","R","?","$","R","B",null,"M","?","M","M","?","E","T","E","T","M","R","E","R","?","R","B",null],"character_chosen":"DEFECT","items_purchased":["Hello World","Reinforced Body","Conserve Battery","Defragment"],"campfire_rested":2,"item_purchase_floors":[2,28,31,31],"current_hp_per_floor":[74,74,69,69,64,64,64,64,64,64,69,54,54,47,47,28,74,69,68,68,52,52,52,51,51,51,51,51,51,51,51,51,51,74,74,74,76,71,69,37,37,39,39,39,39,41,66,66,84,84],"gold":700,"neow_bonus":"UPGRADE_CARD","is_prod":false,"is_daily":false,"chose_seed":false,"campfire_upgraded":8,"win_rate":0,"timestamp":1557986162,"path_taken":["M","$","?","$","M","R","M","M","T","R","?","?","R","?","R","BOSS","M","M","?","?","M","E","M","E","T","R","$","R","?","$","R","BOSS","M","?","M","M","?","E","?","E","T","?","R","E","R","?","R","BOSS"],"build_version":"2019-01-23","purchased_purges":2,"victory":true,"max_hp_per_floor":[75,75,69,69,69,69,69,69,69,69,74,74,74,74,74,74,74,74,74,74,74,74,74,74,74,74,74,74,74,74,74,74,74,74,76,76,78,78,78,80,80,82,82,82,82,84,84,84,84,84],"card_choices":[{"not_picked":["FTL","Steam Power"],"picked":"Compile Driver","floor":1.0},{"not_picked":["Redo","Beam Cell"],"picked":"Conserve Battery","floor":5.0},{"not_picked":["Sunder","Leap"],"picked":"Glacier","floor":7.0},{"not_picked":["Glacier","Melter"],"picked":"Capacitor","floor":8.0},{"not_picked":["Amplify","Buffer"],"picked":"Fission","floor":16.0},{"not_picked":["Turbo+1","Hologram"],"picked":"Cold Snap","floor":18.0},{"not_picked":["Steam","Fusion"],"picked":"Chaos+1","floor":19.0},{"not_picked":["Undo","Melter","Go for the Eyes"],"picked":"SKIP","floor":22},{"not_picked":["Double Energy+1","Glacier"],"picked":"Chaos+1","floor":23},{"not_picked":["Rip and Tear","Redo"],"picked":"Rebound","floor":24},{"not_picked":["Coolheaded","Compile Driver"],"picked":"Glacier+1","floor":25},{"not_picked":["Biased Cognition","Thunder Strike"],"picked":"Rainbow","floor":33},{"not_picked":["Stack","Turbo","Steam"],"picked":"Singing Bowl","floor":35},{"not_picked":["Self Repair","Barrage+1","Go for the Eyes+1"],"picked":"Singing Bowl","floor":37},{"not_picked":["Skim+1","Conserve Battery"],"picked":"Tempest+1","floor":38},{"not_picked":["Streamline","Lockon+1"],"picked":"Echo Form","floor":39},{"not_picked":["Steam+1","Hologram","Beam Cell+1"],"picked":"Singing Bowl","floor":40},{"not_picked":["Storm+1","Turbo+1","Glacier"],"picked":"Singing Bowl","floor":42},{"not_picked":["Reprogram","Doom and Gloom+1"],"picked":"Undo+1","floor":44},{"not_picked":["Cold Snap+1","Gash","Compile Driver+1"],"picked":"Singing Bowl","floor":46}],"player_experience":1406555,"relics_obtained":[{"floor":9.0,"key":"Bag of Preparation"},{"floor":21,"key":"Enchiridion"},{"floor":23,"key":"Symbiotic Virus"},{"floor":25,"key":"Happy Flower"},{"floor":26,"key":"Singing Bowl"},{"floor":39,"key":"FossilizedHelix"},{"floor":40,"key":"Tiny Chest"},{"floor":41,"key":"PreservedInsect"},{"floor":42,"key":"Vajra"},{"floor":43,"key":"DataDisk"},{"floor":46,"key":"Ornamental Fan"}],"event_choices":[{"damage_healed":0.0,"max_hp_gain":0.0,"max_hp_loss":6.0,"gold_gain":0.0,"event_name":"Golden Idol","player_choice":"Lose Max HP","floor":3.0,"gold_loss":0.0,"damage_taken":0.0,"relics_obtained":["Golden Idol"]},{"damage_healed":0.0,"max_hp_gain":5.0,"max_hp_loss":0.0,"gold_gain":0.0,"event_name":"Big Fish","player_choice":"Donut","floor":11.0,"gold_loss":0.0,"damage_taken":0.0},{"damage_healed":0.0,"max_hp_gain":0.0,"max_hp_loss":0.0,"gold_gain":0.0,"event_name":"Shining Light","player_choice":"Entered Light","floor":12.0,"gold_loss":0.0,"damage_taken":15.0,"cards_upgraded":["Strike_B","Defend_B"]},{"cards_removed":["Strike_B"],"damage_healed":0.0,"max_hp_gain":0.0,"max_hp_loss":0.0,"gold_gain":0.0,"event_name":"Golden Wing","player_choice":"Card Removal","floor":14.0,"gold_loss":0.0,"damage_taken":7.0},{"damage_healed":0.0,"max_hp_gain":0.0,"max_hp_loss":0.0,"gold_gain":0.0,"event_name":"Ghosts","player_choice":"Ignored","floor":20.0,"gold_loss":0.0,"damage_taken":0.0},{"damage_healed":0,"gold_gain":0,"player_choice":"Obtained Book","damage_taken":16,"max_hp_gain":0,"max_hp_loss":0,"event_name":"Cursed Tome","floor":21,"gold_loss":0},{"cards_removed":["Strike_B"],"damage_healed":0,"gold_gain":0,"player_choice":"Elegance","damage_taken":0,"max_hp_gain":0,"max_hp_loss":0,"event_name":"Back to Basics","floor":30,"gold_loss":0},{"damage_healed":0,"gold_gain":0,"player_choice":"Ignored","damage_taken":0,"max_hp_gain":0,"max_hp_loss":0,"event_name":"Tomb of Lord Red Mask","floor":36,"gold_loss":0},{"damage_healed":0,"gold_gain":0,"player_choice":"Fight","damage_taken":0,"max_hp_gain":0,"max_hp_loss":0,"event_name":"MindBloom","floor":39,"gold_loss":0},{"damage_healed":0,"gold_gain":100,"player_choice":"Pray","damage_taken":0,"max_hp_gain":0,"max_hp_loss":0,"event_name":"Golden Shrine","floor":48,"gold_loss":0}],"is_beta":false,"boss_relics":[{"not_picked":["White Beast Statue","Black Star"],"picked":"Empty Cage"},{"not_picked":["Runic Pyramid","FrozenCore"],"picked":"Sozu"}],"items_purged_floors":[28,31],"is_endless":false,"potions_floor_spawned":[1,5,8,16,24,25,33,37,38,39,44],"ascension_level":0}