{"gold_per_floor":[116,116,127,141,158,158,170,170,221,221,232,232,248,103,103,177,177,177,177,117,117,117,117,117,117,117,117,117,117,117,117,117,117,117,117,117,117,117,117,117,117,117,117,117,117,117,117,117,117,117],"floor_reached":51,"playtime":3047,"items_purged":["Strike_G"],"score":1279,"play_id":"9e527df2-6268-417a-853e-535ff0eea785","local_time":"20190505155419","is_ascension_mode":true,"campfire_choices":[{"data":"Neutralize","floor":6,"key":"SMITH"},{"data":"Noxious Fumes","floor":10,"key":"SMITH"},{"data":"Bouncing Flask","floor":12,"key":"SMITH"},{"data":"After Image","floor":15,"key":"SMITH"},{"data":"Adrenaline","floor":23,"key":"SMITH"},{"data":"Noxious Fumes","floor":25,"key":"SMITH"},{"data":"Noxious Fumes","floor":30,"key":"SMITH"},{"data":"Leg Sweep","floor":32,"key":"SMITH"},{"floor":49,"key":"REST"}],"neow_cost":"PERCENT_DAMAGE","seed_source_timestamp":61151906318200,"circlet_count":0,"master_deck":["AscendersBane","Defend_G","Defend_G","Defend_G","Defend_G","Strike_G","Survivor","Neutralize+1","All Out Attack","Escape Plan","Bouncing Flask+1","Acrobatics","Deadly Poison","Noxious Fumes+1","Leg Sweep+1","Calculated Gamble","Well Laid Plans","Backstab","After Image+1","Adrenaline+1","Noxious Fumes+1","Noxious Fumes+1","Dodge and Roll+1","Corpse Explosion","Escape Plan","Dodge and Roll","Catalyst","PiercingWail","Chrysalis","PiercingWail"],"relics":["Ring of the Snake","Lantern","Ectoplasm","Matryoshka","Fusion Hammer","Pen Nib","Boot","Tiny Chest","Bottled Flame","Blood Vial","Juzu Bracelet","Ninja Scroll"],"potions_floor_usage":[13,24,33,40,50,50],"damage_taken":[{"damage":0,"enemies":"2 Louse","floor":1,"turns":2},{"damage":0,"enemies":"Cultist","floor":3,"turns":3},{"damage":1,"enemies":"Jaw Worm","floor":4,"turns":3},{"damage":7,"enemies":"Exordium Thugs","floor":5,"turns":7},{"damage":3,"enemies":"Blue Slaver","floor":7,"turns":5},{"damage":0,"enemies":"Lots of Slimes","floor":11,"turns":1},{"damage":0,"enemies":"Large Slime","floor":13,"turns":7},{"damage":0,"enemies":"The Guardian","floor":16,"turns":8},{"damage":0,"enemies":"Shell Parasite","floor":18,"turns":4},{"damage":7,"enemies":"2 Thieves","floor":20,"turns":3},{"damage":6,"enemies":"Cultist and Chosen","floor":22,"turns":6},{"damage":4,"enemies":"Sentry and Sphere","floor":24,"turns":3},{"damage":0,"enemies":"Snecko","floor":29,"turns":5},{"damage":1,"enemies":"3 Cultists","floor":31,"turns":4},{"damage":16,"enemies":"Collector","floor":33,"turns":8},{"damage":0,"enemies":"3 Shapes","floor":35,"turns":3},{"damage":10,"enemies":"3 Darklings","floor":38,"turns":3},{"damage":0,"enemies":"Reptomancer","floor":40,"turns":6},{"damage":0,"enemies":"Maw","floor":41,"turns":7},{"damage":0,"enemies":"Sphere and 2 Shapes","floor":42,"turns":4},{"damage":23,"enemies":"Jaw Worm Horde","floor":44,"turns":4},{"damage":2,"enemies":"Spire Growth","floor":47,"turns":6},{"damage":56,"enemies":"Awakened One","floor":50,"turns":15}],"seed_played":"-5757162924852706189","potions_obtained":[{"floor":3,"key":"Explosive Potion"},{"floor":4,"key":"SmokeBomb"},{"floor":16,"key":"SmokeBomb"},{"floor":18,"key":"PowerPotion"},{"floor":29,"key":"GhostInAJar"},{"floor":33,"key":"LiquidBronze"},{"floor":38,"key":"GamblersBrew"},{"floor":42,"key":"Regen Potion"}],"is_trial":false,"path_per_floor":["M","?","M","M","M","R","M","?","T","R","M","R","M","$","R","B",null,"M","?","M","$","M","R","M","R","T","?","?","M","R","M","R","B",null,"M","T","?","M","$","E","M","M","T","M","?","T","M","?","R","B",null],"character_chosen":"THE_SILENT","items_purchased":["After Image"],"campfire_rested":1,"item_purchase_floors":[14],"current_hp_per_floor":[44,44,44,43,36,36,33,33,33,33,33,33,33,33,33,33,58,58,52,45,45,39,39,35,35,35,57,57,57,57,56,56,40,60,60,60,60,50,50,50,50,50,50,29,29,29,29,58,58,17],"gold":117,"neow_bonus":"TRANSFORM_TWO_CARDS","is_prod":false,"is_daily":false,"chose_seed":false,"campfire_upgraded":8,"win_rate":0,"timestamp":1557068059,"path_taken":["M","?","?","M","M","R","M","?","T","R","?","R","M","?","R","BOSS","M","?","?","$","M","R","M","R","T","?","?","?","R","M","R","BOSS","M","?","?","?","?","E","M","M","T","M","?","?","M","?","R","BOSS"],"build_version":"2019-01-23","purchased_purges":1,"victory":true,"max_hp_per_floor":[66,66,66,66,66,66,66,66,66,66,66,66,66,66,66,66,66,66,66,66,66,66,66,66,66,66,66,66,66,66,66,66,66,66,66,66,66,66,66,66,66,66,66,66,66,66,66,58,58,58],"card_choices":[{"not_picked":["Quick Slash","Dodge and Roll"],"picked":"Bouncing Flask","floor":1},{"not_picked":["Flying Knee","Finisher"],"picked":"Acrobatics","floor":3},{"not_picked":["All Out Attack","Deflect"],"picked":"Deadly Poison","floor":4},{"not_picked":["Bane","Crippling Poison"],"picked":"Noxious Fumes","floor":5},{"not_picked":["Acrobatics","Dodge and Roll"],"picked":"Leg Sweep","floor":7},{"not_picked":["Sucker Punch","All Out Attack"],"picked":"Well Laid Plans","floor":11},{"not_picked":["Distraction","Quick Slash"],"picked":"Backstab","floor":13},{"not_picked":["Venomology","Night Terror"],"picked":"Adrenaline","floor":16},{"not_picked":["Flying Knee+1","Poisoned Stab"],"picked":"Noxious Fumes","floor":18},{"not_picked":["Expertise","Well Laid Plans"],"picked":"Noxious Fumes","floor":20},{"not_picked":["Dagger Spray","Flying Knee","Slice"],"picked":"SKIP","floor":22},{"not_picked":["Prepared","Finisher","Concentrate"],"picked":"SKIP","floor":29},{"not_picked":["Blur","Die Die Die"],"picked":"Dodge and Roll+1","floor":31},{"not_picked":["Tools of the Trade","Envenom"],"picked":"Corpse Explosion","floor":33},{"not_picked":["Bane","Masterful Stab+1","Flechettes"],"picked":"SKIP","floor":35},{"not_picked":["Dodge and Roll","Dagger Spray"],"picked":"Escape Plan","floor":38},{"not_picked":["Quick Slash","Dagger Throw"],"picked":"Dodge and Roll","floor":40},{"not_picked":["Poisoned Stab","Sucker Punch+1"],"picked":"Catalyst","floor":41},{"not_picked":["Terror+1","Dodge and Roll","Masterful Stab+1"],"picked":"SKIP","floor":42},{"not_picked":["Terror","Blade Dance"],"picked":"PiercingWail","floor":44},{"not_picked":["Metamorphosis","Purity"],"picked":"Chrysalis","floor":45},{"not_picked":["Tactician","Noxious Fumes"],"picked":"PiercingWail","floor":47}],"player_experience":456133,"relics_obtained":[{"floor":9,"key":"Lantern"},{"floor":26,"key":"Matryoshka"},{"floor":36,"key":"Pen Nib"},{"floor":36,"key":"Boot"},{"floor":40,"key":"Bottled Flame"},{"floor":43,"key":"Blood Vial"},{"floor":43,"key":"Juzu Bracelet"},{"floor":46,"key":"Ninja Scroll"}],"event_choices":[{"cards_removed":["Strike_G"],"damage_healed":0,"gold_gain":0,"player_choice":"Offered Basic","damage_taken":0,"max_hp_gain":0,"max_hp_loss":0,"event_name":"Bonfire Elementals","floor":2,"gold_loss":0},{"damage_healed":0,"gold_gain":0,"cards_transformed":["Strike_G"],"player_choice":"Transformed","damage_taken":0,"max_hp_gain":0,"max_hp_loss":0,"event_name":"Transmorgrifier","floor":8,"gold_loss":0,"cards_obtained":["Calculated Gamble"]},{"damage_healed":0,"gold_gain":0,"player_choice":"Damaged","damage_taken":6,"max_hp_gain":0,"max_hp_loss":0,"event_name":"Wheel of Change","floor":19,"gold_loss":0},{"damage_healed":22,"gold_gain":0,"player_choice":"Heal","damage_taken":0,"max_hp_gain":0,"max_hp_loss":0,"event_name":"The Library","floor":27,"gold_loss":0},{"damage_healed":0,"gold_gain":0,"player_choice":"Bought 0 Potions","damage_taken":0,"max_hp_gain":0,"max_hp_loss":0,"event_name":"The Woman in Blue","floor":28,"gold_loss":0},{"damage_healed":0,"gold_gain":0,"player_choice":"Gave Potion","damage_taken":0,"relics_obtained":["Tiny Chest"],"max_hp_gain":0,"max_hp_loss":0,"event_name":"WeMeetAgain","floor":37,"gold_loss":0},{"damage_healed":0,"gold_gain":0,"player_choice":"Memory 1","damage_taken":0,"max_hp_gain":0,"max_hp_loss":0,"event_name":"SensoryStone","floor":45,"gold_loss":0},{"damage_healed":58,"gold_gain":0,"player_choice":"Heal","damage_taken":0,"max_hp_gain":0,"max_hp_loss":8,"event_name":"The Moai Head","floor":48,"gold_loss":0}],"is_beta":false,"boss_relics":[{"not_picked":["Lizard Tail","Philosopher\u0027s Stone"],"picked":"Ectoplasm"},{"not_picked":["Calling Bell","Cursed Key"],"picked":"Fusion Hammer"}],"items_purged_floors":[14],"is_endless":false,"potions_floor_spawned":[3,4,5,16,18,22,29,33,35,38,42],"ascension_level":14}