{"gold_per_floor":[111,128,128,147,19,19,60,74,130,130,151,170,189,213,213,213],"floor_reached":16,"playtime":928,"items_purged":[],"score":154,"play_id":"2c65618f-d132-4cbe-8bfa-91680fa2b14e","local_time":"20181224133851","is_ascension_mode":true,"campfire_choices":[{"data":"Bash","floor":6,"key":"SMITH"},{"floor":15,"key":"REST"}],"neow_cost":"NONE","seed_source_timestamp":266522272380333,"circlet_count":0,"master_deck":["Strike_R","Strike_R","Strike_R","Strike_R","Strike_R","Defend_R","Defend_R","Defend_R","Defend_R","Bash+1","Flex","Pommel Strike","Disarm","Injury","Thunderclap","Panacea","Shrug It Off","Iron Wave","Armaments","Uppercut","Flame Barrier","Headbutt"],"relics":["Burning Blood","Golden Idol","Blood Vial","Tiny Chest","FaceOfCleric"],"potions_floor_usage":[13,16],"damage_taken":[{"damage":2,"enemies":"Jaw Worm","floor":1,"turns":3},{"damage":0,"enemies":"2 Louse","floor":2,"turns":2},{"damage":6,"enemies":"Cultist","floor":4,"turns":3},{"damage":47,"enemies":"Lagavulin","floor":7,"turns":8},{"damage":34,"enemies":"Gremlin Gang","floor":8,"turns":7},{"damage":9,"enemies":"Blue Slaver","floor":11,"turns":4},{"damage":7,"enemies":"Red Slaver","floor":12,"turns":6},{"damage":12,"enemies":"3 Louse","floor":13,"turns":5},{"damage":1,"enemies":"Large Slime","floor":14,"turns":8},{"damage":50,"enemies":"Hexaghost","floor":16,"turns":16}],"seed_played":"-1343325594818323828","potions_obtained":[{"floor":4,"key":"Poison Potion"},{"floor":8,"key":"Weak Potion"}],"is_trial":false,"path_per_floor":["M","M","?","M","$","R","E","M","T","?","M","M","M","M","R","B"],"character_chosen":"IRONCLAD","items_purchased":["Panacea","Shrug It Off"],"campfire_rested":1,"item_purchase_floors":[5,5],"current_hp_per_floor":[76,80,80,80,80,80,39,13,13,13,13,15,12,20,45,0],"gold":213,"neow_bonus":"THREE_CARDS","is_prod":false,"is_daily":false,"chose_seed":false,"campfire_upgraded":1,"win_rate":0,"timestamp":1545676731,"path_taken":["M","M","?","M","$","R","E","M","T","?","M","M","?","M","R","BOSS"],"build_version":"2018-12-20","purchased_purges":0,"victory":false,"max_hp_per_floor":[80,80,80,80,80,80,80,80,80,80,81,82,83,84,84,84],"card_choices":[{"not_picked":["Infernal Blade","Clash"],"picked":"Flex","floor":0},{"not_picked":["Body Slam","Anger"],"picked":"Pommel Strike","floor":1},{"not_picked":["Flex","Warcry"],"picked":"Disarm","floor":2},{"not_picked":["Clash","Armaments"],"picked":"Thunderclap","floor":4},{"not_picked":["Infernal Blade","Rage"],"picked":"Iron Wave","floor":7},{"not_picked":["Bludgeon","Flex"],"picked":"Armaments","floor":8},{"not_picked":["Pommel Strike","Wild Strike"],"picked":"Uppercut","floor":11},{"not_picked":["Rage","Inflame"],"picked":"Flame Barrier","floor":12},{"not_picked":["Metallicize","Sever Soul"],"picked":"Headbutt","floor":13},{"not_picked":["Wild Strike","Combust","Cleave"],"picked":"SKIP","floor":14}],"player_experience":193721,"relics_obtained":[{"floor":7,"key":"Blood Vial"},{"floor":9,"key":"Tiny Chest"}],"event_choices":[{"damage_healed":0,"gold_gain":0,"player_choice":"Take Wound","damage_taken":0,"relics_obtained":["Golden Idol"],"max_hp_gain":0,"max_hp_loss":0,"event_name":"Golden Idol","floor":3,"gold_loss":0,"cards_obtained":["Injury"]},{"damage_healed":0,"gold_gain":0,"player_choice":"Trade","damage_taken":0,"relics_obtained":["FaceOfCleric"],"max_hp_gain":0,"max_hp_loss":0,"event_name":"FaceTrader","floor":10,"gold_loss":0}],"is_beta":false,"boss_relics":[],"items_purged_floors":[],"is_endless":false,"potions_floor_spawned":[4,8],"killed_by":"Hexaghost","ascension_level":9}