{"gold_per_floor":[109,259,271,155,155,189,189,200,200,125,125,25,25,58,58,134,134,147,159,159,178,53,53,87,107,107,107,121,138,173,23,23,99,99,114,114,114,114,124,158,175,275,275,288,323,337,348,367,367,367,367,367,367,63,94,94],"floor_reached":56,"playtime":2534,"items_purged":["Doubt","Strike_R","Strike_R","Strike_R"],"score":1914,"play_id":"a5ff113f-5f4f-40ee-a762-c2611d850628","local_time":"20190305155855","is_ascension_mode":true,"campfire_choices":[{"data":"Rampage","floor":7.0,"key":"SMITH"},{"data":"Burning Pact","floor":13.0,"key":"SMITH"},{"data":"Double Tap","floor":15.0,"key":"SMITH"},{"data":"Impervious","floor":23.0,"key":"SMITH"},{"data":"Second Wind","floor":27.0,"key":"SMITH"},{"data":"Bash","floor":32.0,"key":"SMITH"},{"floor":49.0,"key":"RECALL"},{"data":"Limit Break","floor":53.0,"key":"SMITH"}],"neow_cost":"NONE","seed_source_timestamp":360125890074186,"circlet_count":0,"master_deck":["AscendersBane","Strike_R","Defend_R","Defend_R","Defend_R","Bash+1","Rampage+1","Double Tap+1","Shockwave+1","Second Wind+1","Burning Pact+1","Inflame+1","Impervious+1","Evolve+1","Barricade+1","Limit Break+1","Sword Boomerang","Dual Wield","Feel No Pain+1","Pommel Strike+1","The Bomb","Uppercut"],"special_seed":0,"relics":["Burning Blood","NeowsBlessing","Mummified Hand","Bronze Scales","Frozen Egg 2","Orichalcum","Snecko Eye","Gremlin Horn","Potion Belt","Runic Cube","FaceOfCleric","Ginger","Magic Flower","Strawberry","Vajra","Happy Flower"],"potions_floor_usage":[56,56,56,56],"damage_taken":[{"damage":0.0,"enemies":"Jaw Worm","floor":1.0,"turns":1.0},{"damage":0.0,"enemies":"Cultist","floor":3.0,"turns":1.0},{"damage":0.0,"enemies":"Gremlin Nob","floor":6.0,"turns":1.0},{"damage":6.0,"enemies":"2 Louse","floor":8.0,"turns":3.0},{"damage":15.0,"enemies":"Lagavulin","floor":14.0,"turns":5.0},{"damage":40.0,"enemies":"Slime Boss","floor":16.0,"turns":10.0},{"damage":0.0,"enemies":"3 Byrds","floor":18.0,"turns":3.0},{"damage":16.0,"enemies":"Spheric Guardian","floor":19.0,"turns":4.0},{"damage":9.0,"enemies":"Centurion and Healer","floor":21.0,"turns":7.0},{"damage":14.0,"enemies":"Gremlin Leader","floor":24.0,"turns":5.0},{"damage":0.0,"enemies":"Sentry and Sphere","floor":25.0,"turns":4.0},{"damage":3.0,"enemies":"Snake Plant","floor":28.0,"turns":5.0},{"damage":0.0,"enemies":"Cultist and Chosen","floor":29.0,"turns":5.0},{"damage":11.0,"enemies":"Book of Stabbing","floor":30.0,"turns":5.0},{"damage":12.0,"enemies":"Automaton","floor":33.0,"turns":6.0},{"damage":9.0,"enemies":"Orb Walker","floor":35.0,"turns":4.0},{"damage":8.0,"enemies":"3 Darklings","floor":39.0,"turns":5.0},{"damage":27.0,"enemies":"Nemesis","floor":40.0,"turns":5.0},{"damage":0.0,"enemies":"Jaw Worm Horde","floor":41.0,"turns":4.0},{"damage":0.0,"enemies":"Mind Bloom Boss Battle","floor":42.0,"turns":7.0},{"damage":23.0,"enemies":"Sphere and 2 Shapes","floor":44.0,"turns":5.0},{"damage":5.0,"enemies":"Reptomancer","floor":45.0,"turns":4.0},{"damage":14.0,"enemies":"Transient","floor":46.0,"turns":6.0},{"damage":21.0,"enemies":"Writhing Mass","floor":47.0,"turns":5.0},{"damage":0.0,"enemies":"Spire Growth","floor":48.0,"turns":3.0},{"damage":24.0,"enemies":"Donu and Deca","floor":50.0,"turns":6.0},{"damage":43.0,"enemies":"Awakened One","floor":51.0,"turns":8.0},{"damage":64.0,"enemies":"Shield and Spear","floor":55.0,"turns":6.0},{"damage":26,"enemies":"The Heart","floor":56,"turns":3}],"seed_played":"6131664555272993447","potions_obtained":[{"floor":6.0,"key":"Weak Potion"},{"floor":8.0,"key":"Fire Potion"},{"floor":14.0,"key":"Weak Potion"},{"floor":18.0,"key":"Fire Potion"},{"floor":24.0,"key":"EntropicBrew"},{"floor":33.0,"key":"EssenceOfSteel"},{"floor":40.0,"key":"Dexterity Potion"},{"floor":41.0,"key":"SkillPotion"},{"floor":45.0,"key":"SpeedPotion"},{"floor":47.0,"key":"Fire Potion"}],"is_trial":false,"path_per_floor":["M","?","M","$","?","E","R","M","T","?","T","$","R","E","R","B",null,"M","M","?","M","$","R","E","M","T","R","M","M","E","$","R","B",null,"M","$","?","?","M","E","M","?","T","M","E","M","M","M","R","B","B",null,"R","$","E","B"],"character_chosen":"IRONCLAD","items_purchased":["Rampage","SpeedPotion","The Bomb","Block Potion"],"campfire_rested":0,"item_purchase_floors":[4,54,54,54],"current_hp_per_floor":[74,74,75,75,75,75,75,75,75,75,75,75,75,66,66,32,64,70,60,60,57,57,57,49,55,55,55,58,64,59,59,59,53,70,67,67,67,67,66,46,53,60,67,55,61,58,48,59,59,46,14,73,73,73,20,0],"gold":94,"neow_bonus":"THREE_ENEMY_KILL","is_prod":false,"is_daily":false,"chose_seed":false,"campfire_upgraded":7,"win_rate":0,"timestamp":1551772735,"path_taken":["M","?","M","$","?","E","R","?","T","?","?","$","R","E","R","BOSS","M","?","?","M","$","R","E","M","T","R","?","M","E","$","R","BOSS","M","?","?","?","?","E","?","?","T","M","E","M","M","M","R","BOSS","BOSS","R","$","E","BOSS"],"build_version":"2019-01-23","purchased_purges":4,"victory":false,"max_hp_per_floor":[75,75,75,75,75,75,75,75,75,75,75,75,75,75,75,75,75,75,75,75,75,75,75,75,75,75,75,75,75,75,75,75,75,75,75,75,75,75,76,77,78,79,86,87,88,89,90,91,91,92,93,93,93,93,94,94],"card_choices":[{"not_picked":["Perfected Strike","Iron Wave","Reckless Charge"],"picked":"SKIP","floor":1.0},{"not_picked":["Clash","Disarm","Spot Weakness"],"picked":"SKIP","floor":3.0},{"not_picked":["Disarm","Evolve"],"picked":"Second Wind","floor":6.0},{"not_picked":["Thunderclap","Body Slam"],"picked":"Burning Pact","floor":8.0},{"not_picked":["Entrench","Second Wind"],"picked":"Inflame+1","floor":14.0},{"not_picked":["Immolate","Bludgeon"],"picked":"Impervious","floor":16.0},{"not_picked":["True Grit","Ghostly Armor","Hemokinesis"],"picked":"SKIP","floor":18.0},{"not_picked":["Clash","Thunderclap"],"picked":"Evolve+1","floor":19.0},{"not_picked":["Cleave","Evolve+1","Iron Wave"],"picked":"SKIP","floor":21.0},{"not_picked":["Havoc","Thunderclap","Body Slam"],"picked":"SKIP","floor":24.0},{"not_picked":["True Grit","Dropkick","Pummel"],"picked":"SKIP","floor":25.0},{"not_picked":["Pommel Strike","Shrug It Off","Battle Trance"],"picked":"SKIP","floor":28.0},{"not_picked":["Entrench","Warcry","Thunderclap"],"picked":"SKIP","floor":29.0},{"not_picked":["Clothesline","Headbutt"],"picked":"Barricade+1","floor":30.0},{"not_picked":["Reaper","Dark Embrace+1"],"picked":"Limit Break","floor":33.0},{"not_picked":["Anger","Bloodletting","Armaments"],"picked":"SKIP","floor":35.0},{"not_picked":["Warcry","Iron Wave"],"picked":"Sword Boomerang","floor":39.0},{"not_picked":["Clothesline","Twin Strike+1","Barricade+1"],"picked":"SKIP","floor":40.0},{"not_picked":["Cleave","Havoc+1"],"picked":"Dual Wield","floor":41.0},{"not_picked":["Sentinel","Bloodletting+1"],"picked":"Feel No Pain+1","floor":44.0},{"not_picked":["Fiend Fire","Clothesline"],"picked":"Pommel Strike+1","floor":45.0},{"not_picked":["Twin Strike","Sentinel","True Grit"],"picked":"SKIP","floor":46.0},{"not_picked":["Whirlwind","Twin Strike","Blood for Blood"],"picked":"SKIP","floor":47.0},{"not_picked":["Clash","Perfected Strike","Seeing Red"],"picked":"SKIP","floor":48.0},{"not_picked":["Dark Embrace+1","Flex+1"],"picked":"Uppercut","floor":55.0}],"player_experience":1158342,"relics_obtained":[{"floor":6.0,"key":"Mummified Hand"},{"floor":9.0,"key":"Bronze Scales"},{"floor":11.0,"key":"Frozen Egg 2"},{"floor":14.0,"key":"Orichalcum"},{"floor":24.0,"key":"Gremlin Horn"},{"floor":30.0,"key":"Potion Belt"},{"floor":40.0,"key":"Ginger"},{"floor":42.0,"key":"Magic Flower"},{"floor":43.0,"key":"Strawberry"},{"floor":45.0,"key":"Vajra"},{"floor":55.0,"key":"Happy Flower"}],"event_choices":[{"damage_healed":0.0,"max_hp_gain":0.0,"max_hp_loss":0.0,"gold_gain":150.0,"event_name":"Liars Game","player_choice":"AGREE","floor":2.0,"gold_loss":0.0,"damage_taken":0.0,"cards_obtained":["Doubt"]},{"damage_healed":0.0,"max_hp_gain":0.0,"max_hp_loss":0.0,"gold_gain":0.0,"event_name":"Match and Keep!","player_choice":"2 cards matched","floor":5.0,"gold_loss":0.0,"damage_taken":0.0,"cards_obtained":["Double Tap","Shockwave"]},{"cards_removed":["Strike_R"],"damage_healed":0.0,"max_hp_gain":0.0,"max_hp_loss":0.0,"gold_gain":0.0,"event_name":"The Cleric","player_choice":"Card Removal","floor":10.0,"gold_loss":75.0,"damage_taken":0.0},{"damage_healed":0.0,"max_hp_gain":0.0,"max_hp_loss":0.0,"gold_gain":0.0,"event_name":"Upgrade Shrine","player_choice":"Upgraded","floor":20.0,"gold_loss":0.0,"damage_taken":0.0,"cards_upgraded":["Shockwave"]},{"cards_removed":["Defend_R"],"damage_healed":0.0,"max_hp_gain":0.0,"max_hp_loss":0.0,"gold_gain":0.0,"event_name":"Falling","player_choice":"Removed Skill","floor":37.0,"gold_loss":0.0,"damage_taken":0.0},{"damage_healed":0.0,"max_hp_gain":0.0,"max_hp_loss":0.0,"gold_gain":0.0,"event_name":"FaceTrader","player_choice":"Trade","floor":38.0,"gold_loss":0.0,"damage_taken":0.0,"relics_obtained":["FaceOfCleric"]},{"damage_healed":0.0,"max_hp_gain":0.0,"max_hp_loss":0.0,"gold_gain":0.0,"event_name":"MindBloom","player_choice":"Fight","floor":42.0,"gold_loss":0.0,"damage_taken":0.0}],"is_beta":false,"boss_relics":[{"not_picked":["Calling Bell","Busted Crown"],"picked":"Snecko Eye"},{"not_picked":["Orrery","Lizard Tail"],"picked":"Runic Cube"}],"items_purged_floors":[4,12,22,31],"is_endless":false,"potions_floor_spawned":[6,8,14,18,24,25,33,40,41,42,44,45,47,55],"killed_by":"The Heart","ascension_level":20}