{"gold_per_floor":[109,125,51,51,65,91,91,104,104,130,60,60,92,104,104,176,176,192,222,222,235,254,254,279,295,295,295,314,12,31,41,41,41],"floor_reached":33,"playtime":1133,"items_purged":["Strike_B"],"score":578,"play_id":"b4d6c039-29de-48ac-9f5d-10dd913fdc0e","local_time":"20190513131312","is_ascension_mode":true,"campfire_choices":[{"floor":7,"key":"REST"},{"data":"Consume","floor":15,"key":"SMITH"},{"data":"Static Discharge","floor":23,"key":"SMITH"},{"data":"Defragment","floor":32,"key":"SMITH"}],"neow_cost":"NONE","seed_source_timestamp":89920296433298,"circlet_count":0,"master_deck":["AscendersBane","Strike_B","Strike_B","Defend_B","Defend_B","Defend_B","Defend_B","Zap","Dualcast","Sweeping Beam","Leap","Coolheaded","Cold Snap","Cold Snap","Melter","Consume+1","Reboot","Ball Lightning","Static Discharge+1","Core Surge","Chill","Conserve Battery+1","Coolheaded","Compile Driver","Genetic Algorithm+1","Shame","Turbo","BootSequence+1","Defragment+1"],"relics":["Cracked Core","NeowsBlessing","Vajra","Meat on the Bone","Dead Branch","Potion Belt","Cursed Key","Red Mask","Boot","ClockworkSouvenir"],"potions_floor_usage":[5,16,24,33,33],"damage_taken":[{"damage":0,"enemies":"Cultist","floor":1,"turns":1},{"damage":0,"enemies":"2 Louse","floor":2,"turns":1},{"damage":0,"enemies":"Jaw Worm","floor":5,"turns":1},{"damage":45,"enemies":"Gremlin Nob","floor":6,"turns":5},{"damage":2,"enemies":"2 Fungi Beasts","floor":8,"turns":2},{"damage":34,"enemies":"Lagavulin","floor":10,"turns":9},{"damage":33,"enemies":"Gremlin Nob","floor":13,"turns":4},{"damage":7,"enemies":"3 Louse","floor":14,"turns":3},{"damage":27,"enemies":"The Guardian","floor":16,"turns":13},{"damage":19,"enemies":"3 Byrds","floor":18,"turns":5},{"damage":11,"enemies":"Masked Bandits","floor":19,"turns":5},{"damage":0,"enemies":"Spheric Guardian","floor":21,"turns":3},{"damage":0,"enemies":"Centurion and Healer","floor":22,"turns":7},{"damage":19,"enemies":"Slavers","floor":24,"turns":6},{"damage":15,"enemies":"Snecko","floor":25,"turns":4},{"damage":3,"enemies":"Snake Plant","floor":28,"turns":4},{"damage":5,"enemies":"Chosen and Byrds","floor":30,"turns":5},{"damage":8,"enemies":"Shelled Parasite and Fungi","floor":31,"turns":8},{"damage":67,"enemies":"Automaton","floor":33,"turns":14}],"seed_played":"-1991668653988510202","potions_obtained":[{"floor":4,"key":"Fruit Juice"},{"floor":4,"key":"FairyPotion"},{"floor":13,"key":"FairyPotion"},{"floor":14,"key":"Fruit Juice"},{"floor":16,"key":"SpeedPotion"},{"floor":18,"key":"Weak Potion"},{"floor":21,"key":"Block Potion"},{"floor":25,"key":"FocusPotion"},{"floor":28,"key":"EssenceOfSteel"}],"is_trial":false,"path_per_floor":["M","M","$","?","M","E","R","M","T","E","?","?","E","M","R","B",null,"M","?","?","M","M","R","E","M","T","?","M","$","M","M","R","B"],"character_chosen":"DEFECT","items_purchased":["Coolheaded","Cold Snap","ClockworkSouvenir"],"campfire_rested":1,"item_purchase_floors":[3,3,29],"current_hp_per_floor":[64,64,64,64,69,24,46,44,44,22,22,22,19,24,24,23,67,48,49,49,49,49,49,42,39,39,39,48,48,43,47,47,0],"gold":41,"neow_bonus":"THREE_ENEMY_KILL","is_prod":false,"is_daily":false,"chose_seed":false,"campfire_upgraded":3,"win_rate":0,"timestamp":1557763992,"path_taken":["M","?","?","?","?","E","R","M","T","E","?","?","E","M","R","BOSS","M","?","?","M","?","R","E","M","T","?","?","?","?","M","R","BOSS"],"build_version":"2019-01-23","purchased_purges":1,"victory":false,"max_hp_per_floor":[71,71,71,71,76,76,76,76,76,76,76,76,76,76,76,81,81,81,81,81,81,81,81,81,81,81,81,81,81,81,81,81,81],"card_choices":[{"not_picked":["Redo","Barrage"],"picked":"Sweeping Beam","floor":1},{"not_picked":["Blizzard","Amplify"],"picked":"Leap","floor":2},{"not_picked":["Conserve Battery","Hologram"],"picked":"Cold Snap","floor":5},{"not_picked":["Loop","Reprogram"],"picked":"Melter","floor":6},{"not_picked":["BootSequence","Cold Snap"],"picked":"Consume","floor":8},{"not_picked":["Consume","Reboot","Skim"],"picked":"SKIP","floor":10},{"not_picked":["Consume","Skim"],"picked":"Reboot","floor":10},{"not_picked":["Rebound","Steam"],"picked":"Ball Lightning","floor":13},{"not_picked":["Heatsinks","Hologram"],"picked":"Static Discharge","floor":14},{"not_picked":["Machine Learning","Reboot"],"picked":"Core Surge","floor":16},{"not_picked":["Hologram","FTL"],"picked":"Chill","floor":18},{"not_picked":["Coolheaded","Sweeping Beam"],"picked":"Conserve Battery+1","floor":21},{"not_picked":["Storm","Gash"],"picked":"Coolheaded","floor":22},{"not_picked":["Static Discharge","Storm"],"picked":"Compile Driver","floor":24},{"not_picked":["Hyperbeam","Coolheaded"],"picked":"Genetic Algorithm+1","floor":25},{"not_picked":["Coolheaded","Conserve Battery"],"picked":"BootSequence+1","floor":28},{"not_picked":["Conserve Battery","Stack"],"picked":"Defragment","floor":30},{"not_picked":["Stack","Rip and Tear","Conserve Battery"],"picked":"SKIP","floor":31}],"player_experience":2320733,"relics_obtained":[{"floor":6,"key":"Vajra"},{"floor":9,"key":"Meat on the Bone"},{"floor":10,"key":"Dead Branch"},{"floor":13,"key":"Potion Belt"},{"floor":19,"key":"Red Mask"},{"floor":24,"key":"Boot"}],"event_choices":[{"damage_healed":0,"gold_gain":0,"player_choice":"Got Potions","damage_taken":0,"max_hp_gain":0,"max_hp_loss":0,"event_name":"Lab","floor":4,"gold_loss":0},{"damage_healed":0,"gold_gain":0,"player_choice":"Left Gold","damage_taken":0,"max_hp_gain":0,"max_hp_loss":0,"event_name":"World of Goop","floor":11,"gold_loss":70},{"damage_healed":0,"gold_gain":0,"player_choice":"Fled","damage_taken":0,"max_hp_gain":0,"max_hp_loss":0,"event_name":"Scrap Ooze","floor":12,"gold_loss":0},{"damage_healed":0,"gold_gain":0,"player_choice":"Fought Bandits","damage_taken":0,"max_hp_gain":0,"max_hp_loss":0,"event_name":"Masked Bandits","floor":19,"gold_loss":0},{"damage_healed":0,"gold_gain":0,"player_choice":"Ignored","damage_taken":0,"max_hp_gain":0,"max_hp_loss":0,"event_name":"N\u0027loth","floor":20,"gold_loss":0},{"damage_healed":0,"gold_gain":0,"cards_transformed":["Strike_B"],"player_choice":"Transformed","damage_taken":0,"max_hp_gain":0,"max_hp_loss":0,"event_name":"Transmorgrifier","floor":27,"gold_loss":0,"cards_obtained":["Turbo"]}],"is_beta":false,"boss_relics":[{"not_picked":["White Beast Statue","Eternal Feather"],"picked":"Cursed Key"}],"items_purged_floors":[29],"is_endless":false,"potions_floor_spawned":[13,14,16,18,21,25,28,31],"killed_by":"Automaton","ascension_level":20}