{"gold_per_floor":[112,112,112,132,132,132,147,147,147,147,163,180,146,159,159,258,258,277,266,7,7,18,18,53,53,53,53,69,69,69,81,81,183,183,195,207,6,17,17,17,17],"floor_reached":41,"playtime":1697,"items_purged":["Strike_R+1"],"score":605,"play_id":"810cedf4-056f-4086-92b7-cd9076fa2f04","local_time":"20190101161746","is_ascension_mode":true,"campfire_choices":[{"data":"Demon Form","floor":6.0,"key":"SMITH"},{"data":"True Grit","floor":8.0,"key":"SMITH"},{"data":"Havoc","floor":10.0,"key":"SMITH"},{"data":"Limit Break","floor":15.0,"key":"SMITH"},{"data":"Pommel Strike","floor":23.0,"key":"SMITH"},{"data":"Barricade","floor":25.0,"key":"SMITH"},{"data":"Flame Barrier","floor":27.0,"key":"SMITH"},{"data":"Fiend Fire","floor":30.0,"key":"SMITH"},{"data":"Sentinel","floor":32.0,"key":"SMITH"},{"data":"Iron Wave","floor":40,"key":"SMITH"}],"neow_cost":"TEN_PERCENT_HP_LOSS","seed_source_timestamp":966454311297841,"circlet_count":0,"master_deck":["AscendersBane","Strike_R+1","Strike_R+1","Strike_R+1","Defend_R+1","Defend_R+1","Defend_R+1","Defend_R+1","Bash","Demon Form+1","Havoc+1","Headbutt","True Grit+1","Pommel Strike","Shrug It Off","Sentinel+1","Limit Break+1","Fiend Fire+1","Flame Barrier+1","Burning Pact","Necronomicurse","Pommel Strike+1","Uppercut+1","Flex","Offering","Battle Trance","Iron Wave+1"],"special_seed":0,"relics":["Burning Blood","Orichalcum","Anchor","Coffee Dripper","Bottled Tornado","Necronomicon","Bag of Marbles","Pear","Busted Crown"],"potions_floor_usage":[33,33],"damage_taken":[{"damage":21.0,"enemies":"Jaw Worm","floor":1.0,"turns":6.0},{"damage":6.0,"enemies":"Small Slimes","floor":4.0,"turns":5.0},{"damage":1.0,"enemies":"Cultist","floor":7.0,"turns":3.0},{"damage":9.0,"enemies":"Exordium Thugs","floor":11.0,"turns":5.0},{"damage":17.0,"enemies":"Large Slime","floor":12.0,"turns":6.0},{"damage":3.0,"enemies":"Blue Slaver","floor":14.0,"turns":2.0},{"damage":38.0,"enemies":"Slime Boss","floor":16.0,"turns":8.0},{"damage":9.0,"enemies":"3 Byrds","floor":18.0,"turns":5.0},{"damage":1.0,"enemies":"2 Thieves","floor":19.0,"turns":5.0},{"damage":8.0,"enemies":"Centurion and Healer","floor":22.0,"turns":5.0},{"damage":35.0,"enemies":"Slavers","floor":24.0,"turns":6.0},{"damage":9.0,"enemies":"3 Cultists","floor":28.0,"turns":5.0},{"damage":0.0,"enemies":"Cultist and Chosen","floor":31.0,"turns":6.0},{"damage":6,"enemies":"Champ","floor":33,"turns":6},{"damage":1,"enemies":"3 Shapes","floor":35,"turns":4},{"damage":10,"enemies":"3 Darklings","floor":36,"turns":4},{"damage":28,"enemies":"Spire Growth","floor":38,"turns":4},{"damage":53,"enemies":"Reptomancer","floor":41,"turns":2}],"seed_played":"5414822919186818642","potions_obtained":[{"floor":1.0,"key":"Poison Potion"},{"floor":4.0,"key":"Ancient Potion"},{"floor":16.0,"key":"SpeedPotion"},{"floor":18.0,"key":"Dexterity Potion"},{"floor":22.0,"key":"Dexterity Potion"},{"floor":31.0,"key":"Strength Potion"},{"floor":38,"key":"Ancient Potion"}],"is_trial":false,"path_per_floor":["M","?","T","M","?","R","M","R","T","R","M","M","$","M","R","B",null,"M","M","$","?","M","R","E","R","T","R","M","?","R","M","R","B",null,"M","M","$","M","?","R","E"],"character_chosen":"IRONCLAD","items_purchased":["Sentinel","Bottled Tornado","Battle Trance","Iron Wave"],"campfire_rested":0,"item_purchase_floors":[13,20,37,37],"current_hp_per_floor":[57,50,50,50,72,72,72,72,72,72,69,58,58,61,61,29,61,58,63,63,47,45,45,16,16,26,26,23,23,23,29,29,29,69,74,70,70,48,48,48,0],"gold":17,"neow_bonus":"THREE_RARE_CARDS","is_prod":false,"is_daily":false,"chose_seed":false,"campfire_upgraded":10,"win_rate":0,"timestamp":1546377466,"path_taken":["M","?","?","M","?","R","?","R","T","R","M","M","?","M","R","BOSS","M","M","$","?","M","R","E","R","T","R","M","?","R","M","R","BOSS","M","M","$","M","?","R","E"],"build_version":"2018-12-20","purchased_purges":1,"victory":false,"max_hp_per_floor":[72,72,72,72,72,72,72,72,72,72,72,72,72,72,72,72,72,72,72,72,72,72,72,72,72,82,82,82,82,82,82,82,82,82,82,82,82,82,82,82,82],"card_choices":[{"not_picked":["Juggernaut","Fiend Fire"],"picked":"Demon Form","floor":0.0},{"not_picked":["Searing Blow","Twin Strike"],"picked":"Havoc","floor":1.0},{"not_picked":["Flex","Thunderclap"],"picked":"Headbutt","floor":4.0},{"not_picked":["Anger","Sword Boomerang"],"picked":"True Grit","floor":7.0},{"not_picked":["Flex","Twin Strike"],"picked":"Pommel Strike","floor":11.0},{"not_picked":["Clothesline","Clash"],"picked":"Shrug It Off","floor":12.0},{"not_picked":["Clothesline","Warcry"],"picked":"Limit Break","floor":14.0},{"not_picked":["Impervious","Double Tap"],"picked":"Fiend Fire","floor":16.0},{"not_picked":["Shockwave+1","Blood for Blood+1"],"picked":"Flame Barrier","floor":18.0},{"not_picked":["Anger","True Grit"],"picked":"Burning Pact","floor":19.0},{"not_picked":["Blood for Blood","Cleave"],"picked":"Pommel Strike","floor":22.0},{"not_picked":["Havoc","Sentinel"],"picked":"Barricade","floor":24.0},{"not_picked":["Clothesline","Twin Strike"],"picked":"Uppercut+1","floor":28.0},{"not_picked":["Clothesline","Clash"],"picked":"Flex","floor":31.0},{"not_picked":["Double Tap","Berserk"],"picked":"Offering","floor":33},{"not_picked":["Uppercut+1"],"picked":"SKIP","floor":35},{"not_picked":["Hemokinesis+1"],"picked":"SKIP","floor":36},{"not_picked":["Cleave+1"],"picked":"SKIP","floor":38}],"player_experience":209814,"relics_obtained":[{"floor":3.0,"key":"Orichalcum"},{"floor":9.0,"key":"Anchor"},{"floor":21.0,"key":"Necronomicon"},{"floor":24.0,"key":"Bag of Marbles"},{"floor":26.0,"key":"Pear"}],"event_choices":[{"cards_removed":["Strike_R"],"damage_healed":0.0,"max_hp_gain":0.0,"max_hp_loss":0.0,"gold_gain":0.0,"event_name":"Golden Wing","player_choice":"Card Removal","floor":2.0,"gold_loss":0.0,"damage_taken":7.0},{"damage_healed":22.0,"max_hp_gain":0.0,"max_hp_loss":0.0,"gold_gain":0.0,"event_name":"Wheel of Change","player_choice":"Full Heal","floor":5.0,"gold_loss":0.0,"damage_taken":0.0},{"damage_healed":0.0,"max_hp_gain":0.0,"max_hp_loss":0.0,"gold_gain":0.0,"event_name":"Cursed Tome","player_choice":"Obtained Book","floor":21.0,"gold_loss":0.0,"damage_taken":16.0},{"damage_healed":0.0,"max_hp_gain":0.0,"max_hp_loss":0.0,"gold_gain":0.0,"event_name":"Back to Basics","player_choice":"Simplicity","floor":29.0,"gold_loss":0.0,"damage_taken":0.0,"cards_upgraded":["Strike_R","Strike_R","Strike_R","Strike_R","Defend_R","Defend_R","Defend_R","Defend_R"]},{"cards_removed":["Barricade"],"damage_healed":0,"gold_gain":0,"player_choice":"Removed Power","damage_taken":0,"max_hp_gain":0,"max_hp_loss":0,"event_name":"Falling","floor":39,"gold_loss":0}],"is_beta":false,"boss_relics":[{"not_picked":["Ectoplasm","Runic Dome"],"picked":"Coffee Dripper"},{"not_picked":["Empty Cage","Runic Cube"],"picked":"Busted Crown"}],"items_purged_floors":[37],"is_endless":false,"potions_floor_spawned":[1,4,16,18,22,31,38],"killed_by":"Reptomancer","ascension_level":10}