{"gold_per_floor":[368,293,293,293,318,318,352,352,432,450,490,87,87,107,107,200,200,216,216,156],"floor_reached":20,"playtime":942,"items_purged":["Injury"],"score":356,"play_id":"41f4612f-fe93-415e-9c2f-8056bef17508","local_time":"20190505010110","is_ascension_mode":true,"campfire_choices":[{"data":"Bash","floor":6.0,"key":"SMITH"},{"floor":8.0,"key":"REST"},{"floor":15.0,"key":"REST"}],"neow_cost":"CURSE","seed_source_timestamp":0,"circlet_count":0,"master_deck":["AscendersBane","Strike_R","Strike_R+1","Strike_R","Strike_R","Defend_R+1","Defend_R","Defend_R","Bash+1","Shrug It Off","Pommel Strike","Spot Weakness","Limit Break","Shrug It Off","Inflame","Double Tap","True Grit+1","Cleave","Shrug It Off"],"special_seed":0,"relics":["Burning Blood","Golden Idol","Bag of Preparation","Paper Frog","Tiny Chest","Omamori","Brimstone","Mango","Mark of Pain"],"potions_floor_usage":[18,18,20],"damage_taken":[{"damage":8.0,"enemies":"2 Louse","floor":1.0,"turns":5.0},{"damage":31.0,"enemies":"Gremlin Nob","floor":7.0,"turns":4.0},{"damage":7.0,"enemies":"Small Slimes","floor":10.0,"turns":3.0},{"damage":20.0,"enemies":"Lagavulin","floor":11.0,"turns":6.0},{"damage":0.0,"enemies":"Cultist","floor":14.0,"turns":2.0},{"damage":64.0,"enemies":"Hexaghost","floor":16.0,"turns":6.0},{"damage":60,"enemies":"3 Byrds","floor":18,"turns":5},{"damage":27,"enemies":"2 Thieves","floor":20,"turns":2}],"seed_played":"1216690193304163901","potions_obtained":[{"floor":1.0,"key":"Dexterity Potion"},{"floor":7.0,"key":"Fire Potion"},{"floor":16.0,"key":"GamblersBrew"},{"floor":18,"key":"SpeedPotion"}],"is_trial":false,"path_per_floor":["M","?","?","?","T","R","E","R","T","M","E","$","?","M","R","B",null,"M","?","M"],"character_chosen":"IRONCLAD","items_purchased":["Brimstone","Shrug It Off","Inflame"],"campfire_rested":2,"item_purchase_floors":[12,12,12],"current_hp_per_floor":[66,66,43,43,43,43,18,40,40,39,25,25,34,40,66,8,69,15,15,0],"gold":156,"neow_bonus":"TWO_FIFTY_GOLD","is_prod":false,"is_daily":false,"chose_seed":false,"campfire_upgraded":1,"win_rate":0,"timestamp":1557014470,"path_taken":["M","?","?","?","?","R","E","R","T","?","E","$","?","M","R","BOSS","M","?","M"],"build_version":"2019-01-23","purchased_purges":1,"victory":false,"max_hp_per_floor":[75,75,75,75,75,75,75,75,75,75,75,75,89,89,89,89,89,89,89,89],"card_choices":[{"not_picked":["Havoc","Second Wind"],"picked":"Shrug It Off","floor":1.0},{"not_picked":["Heavy Blade","Infernal Blade"],"picked":"Pommel Strike","floor":7.0},{"not_picked":["Reckless Charge","Second Wind"],"picked":"Spot Weakness","floor":10.0},{"not_picked":["Pummel","Whirlwind"],"picked":"Limit Break","floor":11.0},{"not_picked":["Cleave","Headbutt","Warcry"],"picked":"SKIP","floor":14.0},{"not_picked":["Immolate","Impervious"],"picked":"Double Tap","floor":16.0},{"not_picked":["Havoc","Body Slam"],"picked":"True Grit+1","floor":18}],"player_experience":455191,"relics_obtained":[{"floor":5.0,"key":"Bag of Preparation"},{"floor":7.0,"key":"Paper Frog"},{"floor":9.0,"key":"Tiny Chest"},{"floor":11.0,"key":"Omamori"}],"event_choices":[{"cards_removed":["Pain"],"damage_healed":0.0,"max_hp_gain":0.0,"max_hp_loss":0.0,"gold_gain":0.0,"event_name":"The Cleric","player_choice":"Card Removal","floor":2.0,"gold_loss":75.0,"damage_taken":0.0},{"damage_healed":0.0,"max_hp_gain":0.0,"max_hp_loss":0.0,"gold_gain":0.0,"event_name":"Shining Light","player_choice":"Entered Light","floor":3.0,"gold_loss":0.0,"damage_taken":23.0,"cards_upgraded":["Defend_R","Strike_R"]},{"damage_healed":0.0,"max_hp_gain":0.0,"max_hp_loss":0.0,"gold_gain":0.0,"event_name":"Golden Idol","player_choice":"Take Wound","floor":4.0,"gold_loss":0.0,"damage_taken":0.0,"relics_obtained":["Golden Idol"],"cards_obtained":["Injury"]},{"damage_healed":0.0,"max_hp_gain":0.0,"max_hp_loss":0.0,"gold_gain":0.0,"event_name":"Scrap Ooze","player_choice":"Success","floor":13.0,"gold_loss":0.0,"damage_taken":5.0,"relics_obtained":["Mango"]},{"damage_healed":0,"gold_gain":0,"cards_transformed":["Defend_R","Strike_R"],"player_choice":"Became Test Subject","damage_taken":0,"max_hp_gain":0,"max_hp_loss":0,"event_name":"Drug Dealer","floor":19,"gold_loss":0,"cards_obtained":["Cleave","Shrug It Off"]}],"is_beta":false,"boss_relics":[{"not_picked":["Coffee Dripper","Runic Pyramid"],"picked":"Mark of Pain"}],"items_purged_floors":[12],"is_endless":false,"potions_floor_spawned":[1,7,16,18],"killed_by":"2 Thieves","ascension_level":20}