{"gold_per_floor":[15,15,35,55,130,130,130,160,209,228,228,244,244,271,271,373,373,391,19,39,49,64,99,114,114,192,224,224,240,271,319,319,415,415,434,434,434,434,445,445,462,491,516,516,532,104,453,470,470,470],"floor_reached":51,"playtime":2524,"items_purged":["Strike_R","Strike_R"],"score":1147,"play_id":"9390a763-c928-41fe-b64e-4b9b4422e694","local_time":"20181225182616","is_ascension_mode":true,"campfire_choices":[{"data":"Shockwave","floor":6,"key":"SMITH"},{"floor":13,"key":"REST"},{"data":"Flame Barrier","floor":15,"key":"SMITH"},{"floor":25,"key":"REST"},{"data":"Armaments","floor":28,"key":"SMITH"},{"floor":32,"key":"REST"},{"data":"Whirlwind","floor":40,"key":"SMITH"},{"data":"Madness","floor":44,"key":"SMITH"},{"floor":49,"key":"REST"}],"neow_cost":"NO_GOLD","seed_source_timestamp":368567130210246,"circlet_count":0,"master_deck":["Strike_R","Strike_R","Defend_R","Defend_R","Defend_R","Defend_R","Bash+1","Headbutt","Shockwave+1","Pommel Strike+1","Offering","Flame Barrier+1","Reaper","Dropkick+1","Ghostly Armor+1","Armaments+1","Uppercut","Iron Wave+1","Demon Form","Whirlwind+1","Rampage","Spot Weakness","Immolate","Thunderclap+1","Madness","Madness+1","Shrug It Off","Shrug It Off","Shockwave+1","Shrug It Off","Heavy Blade+1","True Grit+1","Spot Weakness+1"],"relics":["Burning Blood","Mango","Omamori","Strawberry","Paper Frog","Black Star","Ice Cream","Blue Candle","Torii","Question Card","Peace Pipe","Ancient Tea Set","Regal Pillow","Dodecahedron","Red Skull","Sozu","Darkstone Periapt","Dream Catcher","Lantern","Blood Vial","Happy Flower","Old Coin"],"potions_floor_usage":[8,12,20,23,24,27,27,27,27,48],"damage_taken":[{"damage":1,"enemies":"Cultist","floor":1,"turns":3},{"damage":3,"enemies":"Small Slimes","floor":3,"turns":3},{"damage":4,"enemies":"Jaw Worm","floor":4,"turns":4},{"damage":33,"enemies":"Lagavulin","floor":8,"turns":7},{"damage":18,"enemies":"3 Louse","floor":10,"turns":4},{"damage":1,"enemies":"Looter","floor":12,"turns":4},{"damage":14,"enemies":"Gremlin Nob","floor":14,"turns":4},{"damage":34,"enemies":"Hexaghost","floor":16,"turns":11},{"damage":25,"enemies":"Shell Parasite","floor":18,"turns":6},{"damage":19,"enemies":"2 Thieves","floor":20,"turns":5},{"damage":24,"enemies":"Snake Plant","floor":21,"turns":4},{"damage":21,"enemies":"Cultist and Chosen","floor":22,"turns":7},{"damage":72,"enemies":"Gremlin Leader","floor":23,"turns":7},{"damage":11,"enemies":"3 Cultists","floor":24,"turns":6},{"damage":11,"enemies":"Book of Stabbing","floor":27,"turns":6},{"damage":26,"enemies":"Snake Plant","floor":29,"turns":5},{"damage":46,"enemies":"Slavers","floor":30,"turns":11},{"damage":106,"enemies":"Collector","floor":33,"turns":8},{"damage":3,"enemies":"3 Shapes","floor":35,"turns":2},{"damage":7,"enemies":"3 Darklings","floor":39,"turns":3},{"damage":23,"enemies":"Spire Growth","floor":41,"turns":5},{"damage":32,"enemies":"Giant Head","floor":42,"turns":7},{"damage":1,"enemies":"Jaw Worm Horde","floor":45,"turns":2},{"damage":18,"enemies":"2 Orb Walkers","floor":47,"turns":3},{"damage":57,"enemies":"Writhing Mass","floor":48,"turns":4},{"damage":42,"enemies":"Donu and Deca","floor":50,"turns":6}],"seed_played":"-1391348430009529451","potions_obtained":[{"floor":3,"key":"Energy Potion"},{"floor":4,"key":"GamblersBrew"},{"floor":11,"key":"FairyPotion"},{"floor":11,"key":"BloodPotion"},{"floor":11,"key":"FearPotion"},{"floor":16,"key":"Energy Potion"},{"floor":21,"key":"Energy Potion"},{"floor":23,"key":"AttackPotion"},{"floor":24,"key":"EntropicBrew"},{"floor":27,"key":"FairyPotion"}],"is_trial":false,"path_per_floor":["M","?","M","M","?","R","?","E","T","M","?","M","R","E","R","B",null,"M","$","M","M","M","E","M","R","T","E","R","M","E","T","R","B",null,"M","?","?","?","M","R","M","E","T","R","M","$","?","M","R","B",null],"character_chosen":"IRONCLAD","items_purchased":["Ice Cream","Blood Vial","Happy Flower","Shrug It Off"],"campfire_rested":4,"item_purchase_floors":[19,46,46,46],"current_hp_per_floor":[91,96,99,99,88,88,68,41,48,36,36,51,82,74,74,46,91,79,79,68,54,44,16,11,42,42,47,47,27,8,8,54,11,82,85,85,72,72,71,71,54,51,51,51,56,56,46,16,62,28],"gold":470,"neow_bonus":"ONE_RARE_RELIC","is_prod":false,"is_daily":false,"chose_seed":false,"campfire_upgraded":5,"win_rate":0,"timestamp":1545780376,"path_taken":["M","?","M","M","?","R","?","E","T","M","?","M","R","E","R","BOSS","M","?","M","M","M","E","M","R","T","E","R","M","E","?","R","BOSS","M","?","?","?","M","R","M","E","T","R","M","$","?","M","R","BOSS"],"build_version":"2018-12-20","purchased_purges":2,"victory":true,"max_hp_per_floor":[94,99,99,99,99,99,99,99,106,106,106,106,106,106,106,106,106,106,106,106,106,106,106,106,106,106,106,106,106,106,106,106,106,106,106,106,106,106,106,106,106,106,106,106,106,106,106,106,106,106],"card_choices":[{"not_picked":["Havoc","Body Slam"],"picked":"Headbutt","floor":1},{"not_picked":["Shrug It Off","Heavy Blade"],"picked":"Shockwave","floor":3},{"not_picked":["Havoc","Twin Strike"],"picked":"Pommel Strike","floor":4},{"not_picked":["Flame Barrier","Blood for Blood"],"picked":"Offering","floor":8},{"not_picked":["Flex","Headbutt"],"picked":"Flame Barrier","floor":10},{"not_picked":["Cleave","Feel No Pain","Searing Blow"],"picked":"SKIP","floor":12},{"not_picked":["Heavy Blade","Twin Strike","Dark Embrace"],"picked":"SKIP","floor":14},{"not_picked":["Impervious","Immolate"],"picked":"Reaper","floor":16},{"not_picked":["Clothesline","Body Slam"],"picked":"Dropkick+1","floor":18},{"not_picked":["Pommel Strike","Clothesline"],"picked":"Ghostly Armor+1","floor":20},{"not_picked":["Twin Strike","Perfected Strike"],"picked":"Armaments","floor":21},{"not_picked":["Ghostly Armor","Anger"],"picked":"Uppercut","floor":22},{"not_picked":["Spot Weakness","Wild Strike+1"],"picked":"Iron Wave+1","floor":23},{"not_picked":["Hemokinesis","Shockwave"],"picked":"Demon Form","floor":24},{"not_picked":["True Grit+1","Burning Pact","Rampage"],"picked":"Whirlwind","floor":27},{"not_picked":["Twin Strike","Sword Boomerang","Perfected Strike"],"picked":"Rampage","floor":29},{"not_picked":["Berserk","Hemokinesis","Wild Strike"],"picked":"Spot Weakness","floor":30},{"not_picked":["Fiend Fire","Juggernaut","Impervious"],"picked":"Immolate","floor":33},{"not_picked":["Armaments","Sword Boomerang+1","Havoc+1"],"picked":"Thunderclap+1","floor":35},{"not_picked":["Havoc+1","Entrench+1","Dropkick+1"],"picked":"Shrug It Off","floor":39},{"not_picked":["Entrench+1","True Grit","Anger+1","Wild Strike+1"],"picked":"SKIP","floor":41},{"not_picked":["Immolate","Blood for Blood+1","Whirlwind+1"],"picked":"Shrug It Off","floor":42},{"not_picked":["Ghostly Armor","Body Slam+1","Cleave"],"picked":"Shockwave+1","floor":45},{"not_picked":["Wild Strike","Barricade","Inflame+1"],"picked":"Heavy Blade+1","floor":47},{"not_picked":["Clothesline+1","Warcry+1","Body Slam"],"picked":"True Grit+1","floor":48},{"not_picked":["Rampage+1","Perfected Strike+1","Thunderclap+1"],"picked":"Spot Weakness+1","floor":49}],"player_experience":200100,"relics_obtained":[{"floor":8,"key":"Omamori"},{"floor":9,"key":"Strawberry"},{"floor":14,"key":"Paper Frog"},{"floor":23,"key":"Blue Candle"},{"floor":23,"key":"Torii"},{"floor":26,"key":"Question Card"},{"floor":27,"key":"Peace Pipe"},{"floor":27,"key":"Ancient Tea Set"},{"floor":30,"key":"Regal Pillow"},{"floor":30,"key":"Dodecahedron"},{"floor":31,"key":"Red Skull"},{"floor":42,"key":"Darkstone Periapt"},{"floor":42,"key":"Dream Catcher"},{"floor":43,"key":"Lantern"},{"floor":47,"key":"Old Coin"}],"event_choices":[{"damage_healed":0,"gold_gain":0,"player_choice":"Donut","damage_taken":0,"max_hp_gain":5,"max_hp_loss":0,"event_name":"Big Fish","floor":2,"gold_loss":0},{"damage_healed":0,"gold_gain":75,"player_choice":"Gather Gold","damage_taken":11,"max_hp_gain":0,"max_hp_loss":0,"event_name":"World of Goop","floor":5,"gold_loss":0},{"damage_healed":0,"gold_gain":0,"player_choice":"Entered Light","damage_taken":20,"max_hp_gain":0,"max_hp_loss":0,"event_name":"Shining Light","floor":7,"gold_loss":0,"cards_upgraded":["Pommel Strike","Bash"]},{"damage_healed":0,"gold_gain":0,"player_choice":"Got Potions","damage_taken":0,"max_hp_gain":0,"max_hp_loss":0,"event_name":"Lab","floor":11,"gold_loss":0},{"cards_removed":["Strike_R"],"damage_healed":0,"gold_gain":0,"player_choice":"Removed Attack","damage_taken":0,"max_hp_gain":0,"max_hp_loss":0,"event_name":"Falling","floor":36,"gold_loss":0},{"damage_healed":0,"gold_gain":0,"player_choice":"Embrace Madness","damage_taken":13,"max_hp_gain":0,"max_hp_loss":0,"event_name":"Winding Halls","floor":37,"gold_loss":0,"cards_obtained":["Madness","Madness"]},{"damage_healed":0,"gold_gain":0,"player_choice":"Ignored","damage_taken":0,"max_hp_gain":0,"max_hp_loss":0,"event_name":"Tomb of Lord Red Mask","floor":38,"gold_loss":0},{"damage_healed":0,"gold_gain":0,"player_choice":"Fight","damage_taken":0,"max_hp_gain":0,"max_hp_loss":0,"event_name":"Mysterious Sphere","floor":47,"gold_loss":0}],"is_beta":false,"boss_relics":[{"not_picked":["Orrery","Runic Pyramid"],"picked":"Black Star"},{"not_picked":["Astrolabe","Philosopher\u0027s Stone"],"picked":"Sozu"}],"items_purged_floors":[19,46],"is_endless":false,"potions_floor_spawned":[3,4,16,21,23,24,27,35,41,45],"ascension_level":9}