{"gold_per_floor":[112,191,208,25,200,200,232,232,232,8,8,8,8,49,49,174,174,157,3,3,3,23,62,62,62,62,86,101,101,136,156,156,277,277,296,311,62,121,136,136,11,344,369,369,381,396,396,26,26,26],"floor_reached":51,"playtime":3977,"items_purged":["Doubt","Defend_G","Strike_G","Well Laid Plans+1"],"score":1112,"play_id":"532d5d9d-912a-4323-b2f5-dccacdf9311e","local_time":"20190503164130","is_ascension_mode":true,"campfire_choices":[{"floor":6,"key":"REST"},{"floor":8,"key":"REST"},{"floor":13,"key":"REST"},{"data":"Neutralize","floor":15,"key":"SMITH"},{"floor":24,"key":"REST"},{"data":"After Image","floor":29,"key":"SMITH"},{"data":"Blade Dance","floor":32,"key":"SMITH"},{"data":"Envenom","floor":40,"key":"SMITH"},{"floor":44,"key":"REST"},{"floor":49,"key":"REST"}],"neow_cost":"PERCENT_DAMAGE","seed_source_timestamp":1466944032659500,"circlet_count":0,"master_deck":["AscendersBane","Defend_G+1","Defend_G+1","Defend_G+1","Defend_G+1","Strike_G+1","Strike_G+1","Strike_G+1","Strike_G+1","Survivor+1","Neutralize+1","Blade Dance+1","Leg Sweep+1","Deadly Poison+1","After Image+1","Catalyst+1","Doppelganger+1","Dodge and Roll+1","Footwork+1","Deadly Poison+1","Dagger Spray+1","Envenom+1","PiercingWail+1","Backflip+1","Blade Dance+1","Malaise+1","A Thousand Cuts+1","Outmaneuver+1","Noxious Fumes+1","Blur+1","Adrenaline+1"],"relics":["Ring of the Snake","Prayer Wheel","Sundial","Regal Pillow","Boot","Kunai","Snake Skull","Bag of Marbles","Cursed Key","PreservedInsect","Thread and Needle","Pear","Runic Pyramid","Omamori","Calipers","Whetstone","Mark of the Bloom","Anchor"],"potions_floor_usage":[16,18,23,33,33,38,38,46,50,50],"damage_taken":[{"damage":6,"enemies":"Cultist","floor":1,"turns":4},{"damage":0,"enemies":"Small Slimes","floor":3,"turns":4},{"damage":61,"enemies":"Lagavulin","floor":7,"turns":10},{"damage":21,"enemies":"3 Sentries","floor":14,"turns":10},{"damage":2,"enemies":"Hexaghost","floor":16,"turns":15},{"damage":16,"enemies":"2 Thieves","floor":18,"turns":4},{"damage":0,"enemies":"Chosen","floor":22,"turns":7},{"damage":17,"enemies":"Book of Stabbing","floor":23,"turns":6},{"damage":4,"enemies":"Shelled Parasite and Fungi","floor":27,"turns":8},{"damage":0,"enemies":"Centurion and Healer","floor":28,"turns":8},{"damage":17,"enemies":"Gremlin Leader","floor":30,"turns":5},{"damage":2,"enemies":"Snecko","floor":31,"turns":5},{"damage":84,"enemies":"Collector","floor":33,"turns":8},{"damage":6,"enemies":"3 Darklings","floor":35,"turns":5},{"damage":0,"enemies":"3 Shapes","floor":36,"turns":5},{"damage":13,"enemies":"2 Orb Walkers","floor":38,"turns":6},{"damage":1,"enemies":"Writhing Mass","floor":39,"turns":7},{"damage":31,"enemies":"Jaw Worm Horde","floor":45,"turns":4},{"damage":0,"enemies":"Transient","floor":46,"turns":5},{"damage":24,"enemies":"Awakened One","floor":50,"turns":13}],"seed_played":"1017889323705323170","potions_obtained":[{"floor":7,"key":"Weak Potion"},{"floor":14,"key":"SkillPotion"},{"floor":18,"key":"FearPotion"},{"floor":28,"key":"Regen Potion"},{"floor":30,"key":"Regen Potion"},{"floor":33,"key":"Strength Potion"},{"floor":36,"key":"Weak Potion"},{"floor":39,"key":"Explosive Potion"},{"floor":45,"key":"FearPotion"},{"floor":46,"key":"GamblersBrew"}],"is_trial":false,"path_per_floor":["M","T","M","$","?","R","E","R","T","$","?","?","R","E","R","B",null,"M","$","?","$","M","E","R","?","T","M","M","R","E","M","R","B",null,"M","M","$","?","M","R","$","?","T","R","M","M","?","$","R","B",null],"character_chosen":"THE_SILENT","items_purchased":["Regal Pillow","Well Laid Plans","Snake Skull","PreservedInsect","Omamori","Anchor","Regen Potion"],"campfire_rested":6,"item_purchase_floors":[4,4,10,19,37,48,48],"current_hp_per_floor":[39,39,39,39,39,70,9,45,45,45,28,33,70,49,49,47,68,52,52,52,52,52,35,72,72,72,68,68,68,61,59,59,26,70,64,64,64,51,50,50,50,50,50,85,54,54,54,54,54,30],"gold":26,"neow_bonus":"ONE_RARE_RELIC","is_prod":false,"is_daily":false,"chose_seed":false,"campfire_upgraded":4,"win_rate":0,"timestamp":1556898090,"path_taken":["M","?","M","$","?","R","E","R","T","$","?","?","R","E","R","BOSS","M","$","?","?","?","E","R","?","T","M","M","R","E","M","R","BOSS","M","M","$","?","M","R","$","?","T","R","M","M","?","?","R","BOSS"],"build_version":"2019-01-23","purchased_purges":4,"victory":true,"max_hp_per_floor":[70,70,70,70,70,70,70,70,70,70,70,75,75,75,75,75,75,75,75,75,75,75,75,75,75,75,75,75,75,85,85,85,85,85,85,85,85,85,85,85,85,85,85,85,85,85,85,85,85,85],"card_choices":[{"not_picked":["Setup","Deflect"],"picked":"Blade Dance","floor":1},{"not_picked":["Dodge and Roll","Endless Agony"],"picked":"Leg Sweep","floor":1},{"not_picked":["Dagger Spray","Setup"],"picked":"Deadly Poison","floor":3},{"not_picked":["Bane","Quick Slash","Leg Sweep"],"picked":"SKIP","floor":3},{"not_picked":["Eviscerate","Quick Slash"],"picked":"After Image","floor":7},{"not_picked":["Cloak And Dagger","Riddle With Holes"],"picked":"Catalyst","floor":14},{"not_picked":["Venomology","Night Terror"],"picked":"Doppelganger","floor":16},{"not_picked":["Prepared","Flying Knee"],"picked":"Dodge and Roll+1","floor":18},{"not_picked":["Underhanded Strike","Flying Knee"],"picked":"Footwork","floor":18},{"not_picked":["Sucker Punch+1","PiercingWail+1"],"picked":"Deadly Poison","floor":22},{"not_picked":["Dagger Throw","Poisoned Stab"],"picked":"Dagger Spray","floor":22},{"not_picked":["Underhanded Strike","Expertise"],"picked":"Envenom","floor":23},{"not_picked":["Dagger Spray+1","Finisher"],"picked":"PiercingWail","floor":27},{"not_picked":["Dagger Spray","Flying Knee","Bane+1"],"picked":"SKIP","floor":27},{"not_picked":["Quick Slash+1","Acrobatics"],"picked":"Backflip","floor":28},{"not_picked":["Prepared","Bane","Flying Knee"],"picked":"SKIP","floor":28},{"not_picked":["Bane","Outmaneuver","Riddle With Holes"],"picked":"SKIP","floor":30},{"not_picked":["Terror","Quick Slash"],"picked":"Blade Dance","floor":31},{"not_picked":["Dagger Throw","Prepared"],"picked":"Malaise","floor":31},{"not_picked":["Malaise","Phantasmal Killer"],"picked":"A Thousand Cuts","floor":33},{"not_picked":["Quick Slash","Riddle With Holes"],"picked":"Outmaneuver+1","floor":35},{"not_picked":["Flechettes+1","Dagger Throw+1","Flying Knee+1"],"picked":"SKIP","floor":35},{"not_picked":["Flying Knee","Dagger Throw","Dash"],"picked":"SKIP","floor":36},{"not_picked":["Dagger Throw","Finisher","Backflip"],"picked":"SKIP","floor":36},{"not_picked":["Deflect+1","Poisoned Stab"],"picked":"Noxious Fumes","floor":38},{"not_picked":["Deadly Poison","Acrobatics"],"picked":"Blur+1","floor":39},{"not_picked":["Flechettes+1","All Out Attack","Backflip"],"picked":"SKIP","floor":39},{"not_picked":["Predator","Choke","Underhanded Strike"],"picked":"SKIP","floor":45},{"not_picked":["Setup","Underhanded Strike","Flying Knee"],"picked":"SKIP","floor":45},{"not_picked":["Masterful Stab","Deflect"],"picked":"Adrenaline","floor":46},{"not_picked":["Sucker Punch+1","Outmaneuver","Flechettes"],"picked":"SKIP","floor":46}],"player_experience":446738,"relics_obtained":[{"floor":2,"key":"Sundial"},{"floor":7,"key":"Boot"},{"floor":9,"key":"Kunai"},{"floor":14,"key":"Bag of Marbles"},{"floor":23,"key":"Thread and Needle"},{"floor":30,"key":"Pear"},{"floor":38,"key":"Calipers"},{"floor":43,"key":"Whetstone"}],"event_choices":[{"damage_healed":0,"gold_gain":175,"player_choice":"AGREE","damage_taken":0,"max_hp_gain":0,"max_hp_loss":0,"event_name":"Liars Game","floor":5,"gold_loss":0,"cards_obtained":["Doubt"]},{"damage_healed":0,"gold_gain":0,"player_choice":"Take Damage","damage_taken":17,"relics_obtained":["Golden Idol"],"max_hp_gain":0,"max_hp_loss":0,"event_name":"Golden Idol","floor":11,"gold_loss":0},{"damage_healed":0,"gold_gain":0,"player_choice":"Donut","damage_taken":0,"max_hp_gain":5,"max_hp_loss":0,"event_name":"Big Fish","floor":12,"gold_loss":0},{"damage_healed":0,"gold_gain":0,"player_choice":"Upgraded","damage_taken":0,"max_hp_gain":0,"max_hp_loss":0,"event_name":"Upgrade Shrine","floor":20,"gold_loss":0,"cards_upgraded":["Blade Dance"]},{"damage_healed":0,"gold_gain":0,"player_choice":"Ignored","damage_taken":0,"max_hp_gain":0,"max_hp_loss":0,"event_name":"Vampires","floor":25,"gold_loss":0},{"damage_healed":0,"gold_gain":0,"player_choice":"Fight","damage_taken":0,"max_hp_gain":0,"max_hp_loss":0,"event_name":"Mysterious Sphere","floor":38,"gold_loss":0},{"damage_healed":0,"gold_gain":333,"player_choice":"Gave Idol","damage_taken":0,"max_hp_gain":0,"max_hp_loss":0,"event_name":"The Moai Head","floor":42,"relics_lost":["Golden Idol"],"gold_loss":0},{"damage_healed":0,"gold_gain":0,"player_choice":"Upgrade","damage_taken":0,"relics_obtained":["Mark of the Bloom"],"max_hp_gain":0,"max_hp_loss":0,"event_name":"MindBloom","floor":47,"gold_loss":0,"cards_upgraded":["Defend_G","Defend_G","Defend_G","Defend_G","Strike_G","Strike_G","Strike_G","Survivor","Leg Sweep","Deadly Poison","Well Laid Plans","Catalyst","Doppelganger","Footwork","Deadly Poison","PiercingWail","Backflip","Malaise","A Thousand Cuts","Noxious Fumes","Adrenaline"]}],"is_beta":false,"boss_relics":[{"not_picked":["Lizard Tail","Ring of the Serpent"],"picked":"Cursed Key"},{"not_picked":["Calling Bell","HoveringKite"],"picked":"Runic Pyramid"}],"items_purged_floors":[10,37,41,48],"is_endless":false,"potions_floor_spawned":[7,14,18,28,30,31,33,36,39,45,46],"ascension_level":12}