{"gold_per_floor":[110,110,110,123,138,176,176,141,209,247,52,88,88,107,107,196,196,219,219,231,231,243,243],"floor_reached":23,"playtime":643,"items_purged":[],"score":468,"play_id":"da8ab4fa-5044-4663-8cfc-be4a201bb692","local_time":"20190510230308","is_ascension_mode":true,"campfire_choices":[{"floor":7,"key":"REST"},{"data":"Defragment","floor":13,"key":"SMITH"},{"data":"Defragment","floor":15,"key":"SMITH"}],"neow_cost":"NONE","seed_source_timestamp":462436638640634,"circlet_count":0,"master_deck":["AscendersBane","Strike_B","Strike_B","Strike_B","Strike_B","Defend_B","Defend_B","Defend_B","Defend_B","Zap+1","Dualcast","Ball Lightning","Rip and Tear","Ball Lightning","Undo","Conserve Battery","Defragment+1","Cold Snap","Defragment+1","White Noise","Compile Driver","Capacitor","Cold Snap"],"relics":["Cracked Core","Bloody Idol","Bag of Marbles","Question Card","Centennial Puzzle","Symbiotic Virus","Velvet Choker","Omamori"],"potions_floor_usage":[10,12,14,16,23],"damage_taken":[{"damage":14,"enemies":"Small Slimes","floor":1,"turns":3},{"damage":7,"enemies":"2 Louse","floor":4,"turns":3},{"damage":1,"enemies":"Cultist","floor":5,"turns":3},{"damage":17,"enemies":"Lagavulin","floor":6,"turns":5},{"damage":0,"enemies":"Gremlin Nob","floor":10,"turns":3},{"damage":12,"enemies":"3 Sentries","floor":12,"turns":4},{"damage":7,"enemies":"Gremlin Gang","floor":14,"turns":2},{"damage":14,"enemies":"Hexaghost","floor":16,"turns":8},{"damage":0,"enemies":"Spheric Guardian","floor":18,"turns":3},{"damage":6,"enemies":"2 Thieves","floor":20,"turns":4},{"damage":15,"enemies":"Centurion and Healer","floor":22,"turns":4},{"damage":60,"enemies":"Gremlin Leader","floor":23,"turns":5}],"seed_played":"3736908280015414101","potions_obtained":[{"floor":4,"key":"Explosive Potion"},{"floor":6,"key":"Block Potion"},{"floor":12,"key":"Fire Potion"},{"floor":14,"key":"Strength Potion"},{"floor":18,"key":"Energy Potion"}],"is_trial":false,"path_per_floor":["M","?","?","M","M","E","R","?","T","E","$","E","R","M","R","B",null,"M","?","M","?","M","E"],"character_chosen":"DEFECT","items_purchased":["Defragment","PowerPotion","Cold Snap"],"campfire_rested":1,"item_purchase_floors":[11,11,11],"current_hp_per_floor":[50,50,50,43,42,25,44,60,60,60,60,48,48,41,41,27,55,55,55,59,59,49,0],"gold":243,"neow_bonus":"THREE_CARDS","is_prod":false,"is_daily":false,"chose_seed":false,"campfire_upgraded":2,"win_rate":0,"timestamp":1557540188,"path_taken":["M","?","?","M","M","E","R","?","T","E","$","E","R","M","R","BOSS","M","?","M","?","?","E"],"build_version":"2019-01-23","purchased_purges":0,"victory":false,"max_hp_per_floor":[71,71,64,64,64,64,64,64,64,64,64,64,64,64,64,64,64,64,64,64,64,64,64],"card_choices":[{"not_picked":["Steam Power","Leap"],"picked":"Ball Lightning","floor":0},{"not_picked":["Compile Driver","Go for the Eyes"],"picked":"Rip and Tear","floor":1},{"not_picked":["Streamline","Gash"],"picked":"Ball Lightning","floor":4},{"not_picked":["Double Energy","Tempest"],"picked":"Undo","floor":5},{"not_picked":["Ball Lightning","Stack","Turbo"],"picked":"SKIP","floor":6},{"not_picked":["Turbo","Lockon","Barrage"],"picked":"Conserve Battery","floor":10},{"not_picked":["Stack","Consume","Sweeping Beam"],"picked":"Defragment","floor":12},{"not_picked":["Melter","Sweeping Beam","Tempest"],"picked":"White Noise","floor":14},{"not_picked":["Turbo+1","Sweeping Beam+1","Reprogram"],"picked":"Compile Driver","floor":18},{"not_picked":["Conserve Battery","Ball Lightning","Darkness"],"picked":"Capacitor","floor":20},{"not_picked":["Reboot","Beam Cell","Rebound+1"],"picked":"Cold Snap","floor":22}],"player_experience":2306453,"relics_obtained":[{"floor":6,"key":"Bag of Marbles"},{"floor":9,"key":"Question Card"},{"floor":10,"key":"Centennial Puzzle"},{"floor":12,"key":"Symbiotic Virus"},{"floor":21,"key":"Omamori"}],"event_choices":[{"damage_healed":0,"gold_gain":0,"player_choice":"Grow","damage_taken":0,"max_hp_gain":0,"max_hp_loss":0,"event_name":"Living Wall","floor":2,"gold_loss":0,"cards_upgraded":["Zap"]},{"damage_healed":0,"gold_gain":0,"player_choice":"Lose Max HP","damage_taken":0,"relics_obtained":["Golden Idol"],"max_hp_gain":0,"max_hp_loss":7,"event_name":"Golden Idol","floor":3,"gold_loss":0},{"damage_healed":16,"gold_gain":0,"player_choice":"Healed","damage_taken":0,"max_hp_gain":0,"max_hp_loss":0,"event_name":"The Cleric","floor":8,"gold_loss":35},{"damage_healed":0,"gold_gain":0,"player_choice":"Gave Idol","damage_taken":0,"relics_obtained":["Bloody Idol"],"max_hp_gain":0,"max_hp_loss":0,"event_name":"Forgotten Altar","floor":19,"relics_lost":["Golden Idol"],"gold_loss":0},{"damage_healed":0,"gold_gain":0,"player_choice":"Relic","damage_taken":0,"max_hp_gain":0,"max_hp_loss":0,"event_name":"Wheel of Change","floor":21,"gold_loss":0}],"is_beta":false,"boss_relics":[{"not_picked":["Runic Dome","Tiny House"],"picked":"Velvet Choker"}],"items_purged_floors":[],"is_endless":false,"potions_floor_spawned":[4,6,12,14,18],"killed_by":"Gremlin Leader","ascension_level":20}