{"gold_per_floor":[20,30,50,50,63,63,88,88,88,88,99,117,82,97,97,172,172,172,172,172,172,172,172,172,172,172,172,172,172,172,172,172,172,172,172,97,97,97,97,97,97,97,97,47,47,47,47,47,47,47,47],"floor_reached":52,"playtime":3656,"items_purged":["Strike_R"],"score":2020,"play_id":"5b799d2e-03f0-4675-a41e-f7e3524077e0","local_time":"20190508192623","is_ascension_mode":true,"campfire_choices":[{"data":"Uppercut","floor":6,"key":"SMITH"},{"data":"Exhume","floor":8,"key":"SMITH"},{"data":"Corruption","floor":15,"key":"SMITH"},{"floor":23,"key":"REST"},{"floor":29,"key":"REST"},{"floor":32,"key":"REST"},{"data":"Offering","floor":40,"key":"SMITH"},{"floor":42,"key":"REST"},{"data":"Warcry","floor":49,"key":"SMITH"}],"neow_cost":"NO_GOLD","seed_source_timestamp":332470100148900,"circlet_count":0,"master_deck":["AscendersBane","Strike_R","Strike_R","Defend_R","Defend_R+1","Defend_R","Defend_R","Bash","Uppercut+1","Cleave","Shrug It Off","Exhume+1","Bash","Corruption+1","Reckless Charge","Armaments","Impervious","Shrug It Off","Havoc","Spot Weakness","Offering+1","Battle Trance+1","Fiend Fire","Havoc","Warcry+1","Seeing Red+1","Warcry"],"relics":["Burning Blood","Dead Branch","Boot","Mercury Hourglass","Ectoplasm","FossilizedHelix","Prayer Wheel","Philosopher\u0027s Stone","Torii","PreservedInsect","Molten Egg 2"],"potions_floor_usage":[7,11,25,30,30,51,51],"damage_taken":[{"damage":9,"enemies":"2 Louse","floor":1,"turns":3},{"damage":6,"enemies":"Cultist","floor":2,"turns":3},{"damage":10,"enemies":"Small Slimes","floor":3,"turns":3},{"damage":4,"enemies":"2 Fungi Beasts","floor":5,"turns":4},{"damage":26,"enemies":"Gremlin Nob","floor":7,"turns":4},{"damage":1,"enemies":"Large Slime","floor":11,"turns":5},{"damage":24,"enemies":"Gremlin Gang","floor":12,"turns":4},{"damage":0,"enemies":"Blue Slaver","floor":14,"turns":3},{"damage":41,"enemies":"The Guardian","floor":16,"turns":9},{"damage":0,"enemies":"3 Byrds","floor":18,"turns":2},{"damage":18,"enemies":"Shell Parasite","floor":19,"turns":5},{"damage":22,"enemies":"Sentry and Sphere","floor":21,"turns":5},{"damage":8,"enemies":"Snake Plant","floor":22,"turns":3},{"damage":2,"enemies":"Snecko","floor":24,"turns":4},{"damage":44,"enemies":"Cultist and Chosen","floor":25,"turns":5},{"damage":14,"enemies":"Book of Stabbing","floor":30,"turns":5},{"damage":18,"enemies":"Shelled Parasite and Fungi","floor":31,"turns":3},{"damage":3,"enemies":"Automaton","floor":33,"turns":3},{"damage":3,"enemies":"3 Shapes","floor":35,"turns":1},{"damage":3,"enemies":"Orb Walker","floor":37,"turns":3},{"damage":0,"enemies":"Mind Bloom Boss Battle","floor":39,"turns":3},{"damage":46,"enemies":"Giant Head","floor":41,"turns":6},{"damage":0,"enemies":"Transient","floor":45,"turns":5},{"damage":0,"enemies":"Jaw Worm Horde","floor":46,"turns":2},{"damage":6,"enemies":"Maw","floor":47,"turns":3},{"damage":10,"enemies":"Writhing Mass","floor":48,"turns":3},{"damage":0,"enemies":"Donu and Deca","floor":50,"turns":4},{"damage":16,"enemies":"Awakened One","floor":51,"turns":7}],"seed_played":"875042089567683672","potions_obtained":[{"floor":2,"key":"Poison Potion"},{"floor":4,"key":"FearPotion"},{"floor":12,"key":"Explosive Potion"},{"floor":24,"key":"SneckoOil"},{"floor":25,"key":"Weak Potion"},{"floor":33,"key":"FearPotion"},{"floor":39,"key":"SteroidPotion"},{"floor":45,"key":"EssenceOfSteel"},{"floor":46,"key":"EssenceOfSteel"}],"is_trial":false,"path_per_floor":["M","M","M","?","M","R","E","R","T","?","M","M","?","M","R","B",null,"M","M","?","M","M","R","M","M","T","?","?","R","E","M","R","B",null,"M","$","M","?","?","R","E","R","T","?","M","M","M","M","R","B","B",null],"character_chosen":"IRONCLAD","items_purchased":[],"campfire_rested":4,"item_purchase_floors":[],"current_hp_per_floor":[65,65,61,61,63,63,43,43,43,43,48,30,48,54,54,19,61,67,55,55,39,37,59,63,25,25,25,25,47,39,27,49,52,69,72,72,75,71,71,71,31,52,52,52,58,64,64,60,60,66,56],"gold":47,"neow_bonus":"ONE_RARE_RELIC","is_prod":false,"is_daily":false,"chose_seed":false,"campfire_upgraded":5,"win_rate":0,"timestamp":1557339983,"path_taken":["M","M","M","?","?","R","E","R","T","?","M","?","?","M","R","BOSS","M","M","?","M","?","R","M","?","T","?","?","R","E","M","R","BOSS","M","$","?","?","?","R","E","R","T","?","M","M","M","M","R","BOSS","BOSS"],"build_version":"2019-01-23","purchased_purges":1,"victory":true,"max_hp_per_floor":[75,75,75,75,75,75,75,75,75,75,75,75,75,75,75,75,75,75,75,75,75,75,75,75,75,75,75,75,75,75,75,75,75,75,75,75,75,71,71,71,71,71,71,71,71,71,71,71,71,71,71],"card_choices":[{"not_picked":["Headbutt","Intimidate","Clash"],"picked":"SKIP","floor":1},{"not_picked":["Twin Strike","Body Slam"],"picked":"Uppercut","floor":2},{"not_picked":["Clothesline","Heavy Blade"],"picked":"Cleave","floor":3},{"not_picked":["Pommel Strike","Iron Wave"],"picked":"Shrug It Off","floor":5},{"not_picked":["Flex","Headbutt"],"picked":"Exhume","floor":7},{"not_picked":["Seeing Red","Thunderclap"],"picked":"Corruption","floor":11},{"not_picked":["Heavy Blade","Rampage"],"picked":"Reckless Charge","floor":12},{"not_picked":["Power Through","Headbutt"],"picked":"Armaments","floor":14},{"not_picked":["Offering","Fiend Fire"],"picked":"Impervious","floor":16},{"not_picked":["Carnage","Whirlwind+1","Wild Strike+1"],"picked":"SKIP","floor":18},{"not_picked":["Combust+1","Anger+1","Wild Strike"],"picked":"SKIP","floor":19},{"not_picked":["Second Wind","Wild Strike","Rupture"],"picked":"SKIP","floor":21},{"not_picked":["Searing Blow","Evolve+1","Spot Weakness+1"],"picked":"SKIP","floor":22},{"not_picked":["Thunderclap","Heavy Blade+1"],"picked":"Shrug It Off","floor":24},{"not_picked":["Searing Blow","Intimidate"],"picked":"Havoc","floor":25},{"not_picked":["Sword Boomerang","Flex"],"picked":"Offering","floor":30},{"not_picked":["Clash","Seeing Red"],"picked":"Battle Trance","floor":31},{"not_picked":["Searing Blow","Clash","Carnage"],"picked":"SKIP","floor":31},{"not_picked":["Double Tap","Juggernaut"],"picked":"Fiend Fire","floor":33},{"not_picked":["Perfected Strike","Sword Boomerang"],"picked":"Havoc","floor":35},{"not_picked":["Whirlwind","Sword Boomerang+1","Heavy Blade"],"picked":"SKIP","floor":35},{"not_picked":["Metallicize","Headbutt","Berserk"],"picked":"SKIP","floor":37},{"not_picked":["Clash","Sword Boomerang","True Grit"],"picked":"SKIP","floor":37},{"not_picked":["Pommel Strike","Pummel+1"],"picked":"Warcry","floor":39},{"not_picked":["Clash","Demon Form","Pummel+1"],"picked":"SKIP","floor":41},{"not_picked":["Reckless Charge+1","Perfected Strike+1"],"picked":"Seeing Red+1","floor":45},{"not_picked":["Blood for Blood+1","Entrench","Sword Boomerang+1"],"picked":"SKIP","floor":45},{"not_picked":["Headbutt+1","Dual Wield"],"picked":"Warcry","floor":46},{"not_picked":["Anger+1","Clothesline+1","Thunderclap+1"],"picked":"SKIP","floor":46},{"not_picked":["Clash+1","Clothesline+1","Twin Strike+1"],"picked":"SKIP","floor":47},{"not_picked":["Pummel+1","Headbutt+1","Flex"],"picked":"SKIP","floor":47},{"not_picked":["Clothesline+1","Metallicize","Heavy Blade+1"],"picked":"SKIP","floor":48},{"not_picked":["Armaments","Fire Breathing","Wild Strike+1"],"picked":"SKIP","floor":48}],"player_experience":480610,"relics_obtained":[{"floor":7,"key":"Boot"},{"floor":9,"key":"Mercury Hourglass"},{"floor":26,"key":"FossilizedHelix"},{"floor":30,"key":"Prayer Wheel"},{"floor":39,"key":"Torii"},{"floor":41,"key":"PreservedInsect"},{"floor":43,"key":"Molten Egg 2"}],"event_choices":[{"damage_healed":0,"gold_gain":0,"player_choice":"Got Potions","damage_taken":0,"max_hp_gain":0,"max_hp_loss":0,"event_name":"Lab","floor":4,"gold_loss":0},{"damage_healed":0,"gold_gain":0,"player_choice":"1 cards matched","damage_taken":0,"max_hp_gain":0,"max_hp_loss":0,"event_name":"Match and Keep!","floor":10,"gold_loss":0,"cards_obtained":["Bash"]},{"damage_healed":18,"gold_gain":0,"player_choice":"Healed","damage_taken":0,"max_hp_gain":0,"max_hp_loss":0,"event_name":"The Cleric","floor":13,"gold_loss":35},{"cards_removed":["Strike_R"],"damage_healed":0,"gold_gain":0,"player_choice":"Purged","damage_taken":0,"max_hp_gain":0,"max_hp_loss":0,"event_name":"Purifier","floor":20,"gold_loss":0},{"damage_healed":0,"gold_gain":0,"player_choice":"Ignored","damage_taken":0,"max_hp_gain":0,"max_hp_loss":0,"event_name":"Cursed Tome","floor":27,"gold_loss":0},{"damage_healed":0,"gold_gain":0,"cards_transformed":["Strike_R"],"player_choice":"Transformed","damage_taken":0,"max_hp_gain":0,"max_hp_loss":0,"event_name":"Transmorgrifier","floor":28,"gold_loss":0,"cards_obtained":["Spot Weakness"]},{"damage_healed":0,"gold_gain":0,"player_choice":"Max HP","damage_taken":0,"max_hp_gain":0,"max_hp_loss":4,"event_name":"Winding Halls","floor":38,"gold_loss":0},{"damage_healed":0,"gold_gain":0,"player_choice":"Fight","damage_taken":0,"max_hp_gain":0,"max_hp_loss":0,"event_name":"MindBloom","floor":39,"gold_loss":0},{"damage_healed":0,"gold_gain":0,"player_choice":"Upgraded Two","damage_taken":0,"max_hp_gain":0,"max_hp_loss":0,"event_name":"Designer","floor":44,"gold_loss":50,"cards_upgraded":["Battle Trance","Defend_R"]}],"is_beta":false,"boss_relics":[{"not_picked":["Cursed Key","Runic Cube"],"picked":"Ectoplasm"},{"not_picked":["Mark of Pain","Pandora\u0027s Box"],"picked":"Philosopher\u0027s Stone"}],"items_purged_floors":[36],"is_endless":false,"potions_floor_spawned":[2,5,12,24,25,33,39,45,46],"ascension_level":20}