{"gold_per_floor":[118,132,147,3,23,23,38,51,101,101,130,55,65,17,17,91,91,106,0,20,33,83,83,111,121,147,167,167,167,21,21,21,21],"floor_reached":33,"playtime":782,"items_purged":["Strike_B"],"score":496,"play_id":"b4655bac-f013-49f7-a4a4-d34b1f0e338f","local_time":"20180916134150","is_ascension_mode":true,"campfire_choices":[{"data":"Zap","floor":6,"key":"SMITH"},{"floor":10,"key":"REST"},{"data":"Defragment","floor":15,"key":"SMITH"},{"floor":23,"key":"REST"},{"data":"Defragment","floor":29,"key":"SMITH"},{"floor":32,"key":"REST"}],"neow_cost":"NONE","seed_source_timestamp":608235618393162,"circlet_count":0,"master_deck":["Strike_B","Strike_B","Defend_B","Defend_B","Defend_B","Defend_B","Zap+1","Dualcast","AscendersBane","Melter","Gash","Rip and Tear","Auto Shields","Ball Lightning","Leap","Hologram","Defragment+1","Cold Snap","Core Surge","Coolheaded","Go for the Eyes+1","Leap","Sunder","Stack","Defragment+1","Ghostly","Ghostly","Ghostly","Ghostly","Ghostly","Glacier","Static Discharge"],"relics":["Cracked Core","DataDisk","Art of War","Oddly Smooth Stone","Sozu","Letter Opener","Bronze Scales"],"potions_floor_usage":[16,24],"damage_taken":[{"damage":1,"enemies":"2 Louse","floor":1,"turns":2},{"damage":7,"enemies":"Jaw Worm","floor":2,"turns":2},{"damage":1,"enemies":"Cultist","floor":3,"turns":3},{"damage":6,"enemies":"Looter","floor":5,"turns":2},{"damage":16,"enemies":"Exordium Thugs","floor":7,"turns":3},{"damage":1,"enemies":"2 Fungi Beasts","floor":8,"turns":2},{"damage":1,"enemies":"Gremlin Nob","floor":11,"turns":3},{"damage":10,"enemies":"Lots of Slimes","floor":13,"turns":4},{"damage":11,"enemies":"Hexaghost","floor":16,"turns":9},{"damage":2,"enemies":"Chosen","floor":18,"turns":4},{"damage":15,"enemies":"Shell Parasite","floor":20,"turns":4},{"damage":15,"enemies":"Snake Plant","floor":21,"turns":3},{"damage":38,"enemies":"Slavers","floor":24,"turns":5},{"damage":0,"enemies":"Cultist and Chosen","floor":25,"turns":6},{"damage":6,"enemies":"Chosen and Byrds","floor":27,"turns":5},{"damage":29,"enemies":"Collector","floor":33,"turns":2}],"seed_played":"8123997610405903425","potions_obtained":[{"floor":2,"key":"PowerPotion"},{"floor":3,"key":"Swift Potion"},{"floor":11,"key":"Dexterity Potion"},{"floor":16,"key":"SpeedPotion"}],"is_trial":false,"path_per_floor":["M","M","M","$","M","R","M","M","T","R","E","$","M","?","R","B",null,"M","?","M","M","?","R","E","M","T","M","?","R","$","?","R"],"character_chosen":"DEFECT","items_purchased":["DataDisk","Glacier","Static Discharge"],"campfire_rested":3,"item_purchase_floors":[4,30,30],"current_hp_per_floor":[63,56,55,55,49,49,33,32,32,53,52,52,42,42,42,31,61,59,59,44,29,29,50,12,12,12,6,6,6,6,6,16,0],"gold":21,"neow_bonus":"THREE_CARDS","is_prod":false,"is_daily":false,"chose_seed":false,"campfire_upgraded":3,"win_rate":0,"timestamp":1537116110,"path_taken":["M","M","M","$","M","R","M","M","T","R","E","$","M","?","R","BOSS","M","?","M","M","?","R","E","M","T","M","?","R","$","?","R","BOSS"],"build_version":"2018-07-12","purchased_purges":1,"victory":false,"max_hp_per_floor":[71,71,71,71,71,71,71,71,71,71,71,71,71,71,71,71,71,71,71,71,71,71,71,71,71,71,71,35,35,35,35,35,35],"card_choices":[{"not_picked":["Fusion","Hologram"],"picked":"Melter","floor":0},{"not_picked":["Force Field","Hologram"],"picked":"Gash","floor":1},{"not_picked":["Hologram","Turbo"],"picked":"Rip and Tear","floor":2},{"not_picked":["Leap","Compile Driver"],"picked":"Auto Shields","floor":3},{"not_picked":["Force Field","Steam"],"picked":"Ball Lightning","floor":5},{"not_picked":["Rainbow","Steam"],"picked":"Leap","floor":7},{"not_picked":["Double Energy","Doom and Gloom"],"picked":"Hologram","floor":8},{"not_picked":["Gash","Reprogram"],"picked":"Defragment","floor":11},{"not_picked":["Leap","Go for the Eyes"],"picked":"Cold Snap","floor":13},{"not_picked":["Fission","Seek"],"picked":"Core Surge","floor":16},{"not_picked":["Sweeping Beam","Genetic Algorithm"],"picked":"Coolheaded","floor":18},{"not_picked":["Consume","Scrape"],"picked":"Go for the Eyes+1","floor":20},{"not_picked":["Doom and Gloom+1","Turbo"],"picked":"Leap","floor":21},{"not_picked":["Streamline","Compile Driver"],"picked":"Sunder","floor":24},{"not_picked":["Recycle","Auto Shields"],"picked":"Stack","floor":25},{"not_picked":["Rebound","Conserve Battery"],"picked":"Defragment","floor":27}],"player_experience":838217,"relics_obtained":[{"floor":9,"key":"Art of War"},{"floor":11,"key":"Oddly Smooth Stone"},{"floor":24,"key":"Letter Opener"},{"floor":26,"key":"Bronze Scales"}],"event_choices":[{"event_name":"World of Goop","player_choice":"Left","floor":14,"damage_taken":0},{"event_name":"Masked Bandits","player_choice":"Paid Bandits 106 gold","floor":19,"damage_taken":0},{"event_name":"Nest","player_choice":"Stole From Cult","floor":22,"damage_taken":0},{"event_name":"Ghosts","player_choice":"Became a Ghost","floor":28,"damage_taken":0},{"event_name":"Purifier","player_choice":"One Purge","floor":31,"damage_taken":0}],"boss_relics":[{"not_picked":["Runic Dome","Empty Cage"],"picked":"Sozu"}],"items_purged_floors":[12],"is_endless":false,"potions_floor_spawned":[2,3,11,16,18,24,27],"killed_by":"Collector","ascension_level":15}