{"gold_per_floor":[116,133,133,58,72,72,84,94,94,94,94,94,124,144,144,216,216,228,19,33,33,33,33,33,60,60,60,74,74,90,110,110,185,185,198,15,15,61,71,99,111,143,143,156,174,174,192,67,67,67,67,67,67,42,70,70],"floor_reached":56,"playtime":1736,"items_purged":["Strike_R","Strike_R","Strike_R"],"score":1908,"play_id":"c9206095-8c87-40d4-86a4-cb485e82453d","local_time":"20190513143837","is_ascension_mode":true,"campfire_choices":[{"data":"Body Slam","floor":6.0,"key":"SMITH"},{"data":"Uppercut","floor":11.0,"key":"SMITH"},{"data":"Demon Form","floor":15.0,"key":"SMITH"},{"floor":23.0,"key":"REST"},{"data":"Demon Form","floor":29.0,"key":"SMITH"},{"floor":32.0,"key":"RECALL"},{"data":"1","floor":46.0,"key":"LIFT"},{"data":"2","floor":49.0,"key":"LIFT"},{"data":"3","floor":53.0,"key":"LIFT"}],"neow_cost":"NONE","seed_source_timestamp":1570171994075380,"circlet_count":0,"master_deck":["AscendersBane","Strike_R","Defend_R","Defend_R","Defend_R","Bash","Body Slam+1","Uppercut+1","Battle Trance","Entrench","Demon Form+1","Apotheosis","Impervious","Whirlwind","Demon Form+1","Limit Break","Heavy Blade","Limit Break","Burning Pact","Shrug It Off+1","Barricade","Pommel Strike","True Grit"],"special_seed":0,"relics":["Burning Blood","NeowsBlessing","Red Skull","Pen Nib","Snecko Eye","Necronomicon","Letter Opener","Orichalcum","Fusion Hammer","Girya","Bottled Lightning","Dodecahedron","Shuriken"],"potions_floor_usage":[],"damage_taken":[{"damage":0.0,"enemies":"Small Slimes","floor":1.0,"turns":1.0},{"damage":0.0,"enemies":"Cultist","floor":2.0,"turns":1.0},{"damage":0.0,"enemies":"2 Louse","floor":5.0,"turns":1.0},{"damage":19.0,"enemies":"Exordium Thugs","floor":7.0,"turns":6.0},{"damage":17.0,"enemies":"Large Slime","floor":8.0,"turns":8.0},{"damage":5.0,"enemies":"Lagavulin","floor":13.0,"turns":7.0},{"damage":4.0,"enemies":"Blue Slaver","floor":14.0,"turns":3.0},{"damage":21.0,"enemies":"The Guardian","floor":16.0,"turns":12.0},{"damage":45.0,"enemies":"3 Byrds","floor":18.0,"turns":6.0},{"damage":3.0,"enemies":"Spheric Guardian","floor":20.0,"turns":3.0},{"damage":21.0,"enemies":"Book of Stabbing","floor":25.0,"turns":5.0},{"damage":5.0,"enemies":"Snecko","floor":28.0,"turns":3.0},{"damage":0.0,"enemies":"Sentry and Sphere","floor":30.0,"turns":4.0},{"damage":1.0,"enemies":"Centurion and Healer","floor":31.0,"turns":3.0},{"damage":4.0,"enemies":"Champ","floor":33.0,"turns":9.0},{"damage":10.0,"enemies":"3 Shapes","floor":35.0,"turns":5.0},{"damage":19.0,"enemies":"2 Orb Walkers","floor":38.0,"turns":4.0},{"damage":3.0,"enemies":"3 Darklings","floor":39.0,"turns":2.0},{"damage":0.0,"enemies":"Giant Head","floor":40.0,"turns":4.0},{"damage":11.0,"enemies":"Jaw Worm Horde","floor":41.0,"turns":3.0},{"damage":10.0,"enemies":"Reptomancer","floor":42.0,"turns":4.0},{"damage":0.0,"enemies":"Maw","floor":44.0,"turns":4.0},{"damage":0.0,"enemies":"Transient","floor":45.0,"turns":6.0},{"damage":0.0,"enemies":"3 Darklings","floor":47.0,"turns":2.0},{"damage":6.0,"enemies":"Time Eater","floor":50.0,"turns":4.0},{"damage":18.0,"enemies":"Donu and Deca","floor":51.0,"turns":4.0},{"damage":6.0,"enemies":"Shield and Spear","floor":55.0,"turns":3.0},{"damage":0,"enemies":"The Heart","floor":56,"turns":1}],"seed_played":"4470784626199967274","potions_obtained":[{"floor":1.0,"key":"SkillPotion"},{"floor":3.0,"key":"Regen Potion"},{"floor":3.0,"key":"Fire Potion"},{"floor":13.0,"key":"Swift Potion"},{"floor":14.0,"key":"Regen Potion"},{"floor":16.0,"key":"Weak Potion"},{"floor":20.0,"key":"PowerPotion"},{"floor":31.0,"key":"EssenceOfSteel"},{"floor":33.0,"key":"Block Potion"},{"floor":35.0,"key":"SneckoOil"},{"floor":39.0,"key":"Regen Potion"},{"floor":40.0,"key":"BloodPotion"},{"floor":42.0,"key":"Energy Potion"},{"floor":44.0,"key":"GamblersBrew"}],"is_trial":false,"path_per_floor":["M","M","?","$","M","R","M","M","T","?","R","?","E","M","R","B",null,"M","$","M","?","?","R","?","E","T","$","M","R","M","M","R","B",null,"M","$","?","?","M","E","M","E","T","M","M","R","M","$","R","B","B",null,"R","$","E","B"],"character_chosen":"IRONCLAD","items_purchased":["Apotheosis","Limit Break","True Grit"],"campfire_rested":1,"item_purchase_floors":[19,36,54],"current_hp_per_floor":[74,75,75,75,75,75,62,51,51,51,51,44,45,47,47,32,64,37,37,40,19,19,41,41,26,26,26,27,27,33,38,38,40,66,62,62,62,49,52,58,69,65,65,71,75,75,75,75,75,75,63,72,72,72,72,72],"gold":70,"neow_bonus":"THREE_ENEMY_KILL","is_prod":false,"is_daily":false,"chose_seed":false,"campfire_upgraded":4,"win_rate":0,"timestamp":1557729517,"path_taken":["M","M","?","?","?","R","M","M","T","?","R","?","E","M","R","BOSS","M","$","M","?","?","R","?","E","T","?","M","R","?","M","R","BOSS","M","?","?","?","M","E","M","E","T","M","?","R","M","$","R","BOSS","BOSS","R","$","E","BOSS"],"build_version":"2019-01-23","purchased_purges":3,"victory":false,"max_hp_per_floor":[75,75,75,75,75,75,75,75,75,75,75,75,75,75,75,75,75,75,75,75,75,75,75,75,75,75,75,75,75,75,75,75,75,75,75,75,75,75,75,75,75,75,75,75,75,75,75,75,75,75,75,75,75,75,75,75],"card_choices":[{"not_picked":["Wild Strike","Clothesline"],"picked":"Body Slam","floor":1.0},{"not_picked":["Clothesline","Clash","Cleave"],"picked":"SKIP","floor":2.0},{"not_picked":["Flame Barrier","Iron Wave"],"picked":"Uppercut","floor":5.0},{"not_picked":["Exhume","Dual Wield"],"picked":"Battle Trance","floor":7.0},{"not_picked":["Hemokinesis","Ghostly Armor"],"picked":"Entrench","floor":8.0},{"not_picked":["Armaments","Blood for Blood"],"picked":"Demon Form","floor":13.0},{"not_picked":["Dual Wield","Warcry","Spot Weakness"],"picked":"SKIP","floor":14.0},{"not_picked":["True Grit","Flex","Clash"],"picked":"SKIP","floor":18.0},{"not_picked":["Dropkick","Carnage"],"picked":"Impervious","floor":20.0},{"not_picked":["Clash","Inflame"],"picked":"Demon Form","floor":25.0},{"not_picked":["Twin Strike","Pommel Strike","Headbutt"],"picked":"SKIP","floor":28.0},{"not_picked":["Headbutt","Infernal Blade","Fire Breathing"],"picked":"SKIP","floor":30.0},{"not_picked":["Clash","Body Slam","Reckless Charge"],"picked":"SKIP","floor":31.0},{"not_picked":["Demon Form","Immolate"],"picked":"Limit Break","floor":33.0},{"not_picked":["Flex","Anger"],"picked":"Heavy Blade","floor":35.0},{"not_picked":["Headbutt","Heavy Blade"],"picked":"Burning Pact","floor":38.0},{"not_picked":["Havoc+1","Cleave","Body Slam"],"picked":"SKIP","floor":39.0},{"not_picked":["Wild Strike","Flex","Berserk"],"picked":"SKIP","floor":40.0},{"not_picked":["Havoc","Combust+1"],"picked":"Shrug It Off+1","floor":41.0},{"not_picked":["Clothesline+1","Thunderclap"],"picked":"Barricade","floor":42.0},{"not_picked":["Cleave+1","Anger","Clothesline"],"picked":"SKIP","floor":44.0},{"not_picked":["Rupture","Pummel","Pommel Strike"],"picked":"SKIP","floor":45.0},{"not_picked":["Rupture","Pummel"],"picked":"Pommel Strike","floor":45.0},{"not_picked":["True Grit","Warcry","Anger"],"picked":"SKIP","floor":47.0},{"not_picked":["Armaments","Pommel Strike","Spot Weakness"],"picked":"SKIP","floor":55.0}],"player_experience":1954879,"relics_obtained":[{"floor":9.0,"key":"Red Skull"},{"floor":13.0,"key":"Pen Nib"},{"floor":21.0,"key":"Necronomicon"},{"floor":25.0,"key":"Letter Opener"},{"floor":26.0,"key":"Orichalcum"},{"floor":38.0,"key":"Girya"},{"floor":40.0,"key":"Bottled Lightning"},{"floor":42.0,"key":"Dodecahedron"},{"floor":55.0,"key":"Shuriken"}],"event_choices":[{"damage_healed":0.0,"max_hp_gain":0.0,"max_hp_loss":0.0,"gold_gain":0.0,"event_name":"Lab","player_choice":"Got Potions","floor":3.0,"gold_loss":0.0,"damage_taken":0.0},{"damage_healed":0.0,"max_hp_gain":0.0,"max_hp_loss":0.0,"gold_gain":0.0,"event_name":"Dead Adventurer","player_choice":"Searched \u00270\u0027 times","floor":10.0,"gold_loss":0.0,"damage_taken":0.0},{"cards_removed":["Strike_R"],"damage_healed":0.0,"max_hp_gain":0.0,"max_hp_loss":0.0,"gold_gain":0.0,"event_name":"Golden Wing","player_choice":"Card Removal","floor":12.0,"gold_loss":0.0,"damage_taken":7.0},{"damage_healed":0.0,"max_hp_gain":0.0,"max_hp_loss":0.0,"gold_gain":0.0,"event_name":"Cursed Tome","player_choice":"Obtained Book","floor":21.0,"gold_loss":0.0,"damage_taken":21.0},{"damage_healed":0.0,"max_hp_gain":0.0,"max_hp_loss":0.0,"gold_gain":0.0,"event_name":"The Library","player_choice":"Read","floor":22.0,"gold_loss":0.0,"damage_taken":0.0,"cards_obtained":["Whirlwind"]},{"damage_healed":0.0,"max_hp_gain":0.0,"max_hp_loss":0.0,"gold_gain":0.0,"event_name":"Beggar","player_choice":"Ignored","floor":24.0,"gold_loss":0.0,"damage_taken":0.0},{"cards_removed":["Defend_R"],"damage_healed":0.0,"max_hp_gain":0.0,"max_hp_loss":0.0,"gold_gain":0.0,"event_name":"Falling","player_choice":"Removed Skill","floor":37.0,"gold_loss":0.0,"damage_taken":0.0},{"damage_healed":0.0,"max_hp_gain":0.0,"max_hp_loss":0.0,"gold_gain":0.0,"event_name":"Mysterious Sphere","player_choice":"Fight","floor":38.0,"gold_loss":0.0,"damage_taken":0.0}],"is_beta":false,"boss_relics":[{"not_picked":["Busted Crown","Black Blood"],"picked":"Snecko Eye"},{"not_picked":["Calling Bell","Black Star"],"picked":"Fusion Hammer"}],"items_purged_floors":[4,36,48],"is_endless":false,"potions_floor_spawned":[1,13,14,16,20,31,33,35,39,40,42,44],"killed_by":"The Heart","ascension_level":20}