{"path_per_floor":["M","M","?","M","M","E","$","M","T","E","M","E","M","E","R"],"character_chosen":"IRONCLAD","items_purchased":[],"gold_per_floor":[216,230,230,250,266,293,293,311,334,361,377,402,415,443,443,443],"floor_reached":16,"campfire_rested":0,"playtime":929,"item_purchase_floors":[],"current_hp_per_floor":[80,80,80,80,71,33,33,39,39,22,27,28,36,33,33,0],"items_purged":[],"gold":443,"score":147,"play_id":"be66ef21-658d-48fa-89ba-f02d97f4c6cc","local_time":"20180626101217","is_prod":false,"is_daily":false,"chose_seed":false,"is_ascension_mode":true,"campfire_upgraded":1,"win_rate":0,"timestamp":1530025937,"campfire_choices":[{"data":"Armaments","floor":15,"key":"SMITH"}],"path_taken":["M","M","?","M","M","E","$","M","T","E","M","E","M","E","R","BOSS"],"build_version":"2018-06-21","seed_source_timestamp":456256483325221,"purchased_purges":0,"circlet_count":0,"victory":false,"master_deck":["Strike_R","Strike_R+1","Strike_R","Strike_R+1","Defend_R","Defend_R","Defend_R","Defend_R","Bash","True Grit","Infernal Blade","Thunderclap","Metallicize","Dual Wield","Demon Form","Whirlwind","Armaments+1"],"max_hp_per_floor":[80,80,80,80,80,80,80,80,80,80,80,80,80,80,80,80],"relics":["Burning Blood","Pen Nib","Art of War","Whetstone","Blood Vial","Boot"],"card_choices":[{"not_picked":["Sword Boomerang","Cleave"],"picked":"True Grit","floor":1},{"not_picked":["Shockwave","Combust"],"picked":"Infernal Blade","floor":2},{"not_picked":["Armaments","Clash"],"picked":"Thunderclap","floor":4},{"not_picked":["Sword Boomerang","Sentinel"],"picked":"Metallicize","floor":5},{"not_picked":["Power Through","Disarm"],"picked":"Dual Wield","floor":6},{"not_picked":["Iron Wave","Fire Breathing"],"picked":"Demon Form","floor":8},{"not_picked":["Searing Blow","Body Slam"],"picked":"Whirlwind","floor":10},{"not_picked":["Disarm","Sword Boomerang","Pummel"],"picked":"SKIP","floor":11},{"not_picked":["Body Slam","Rage","Flame Barrier"],"picked":"SKIP","floor":12},{"not_picked":["Thunderclap","Power Through"],"picked":"Armaments","floor":13},{"not_picked":["Sword Boomerang","Clash","Clothesline"],"picked":"SKIP","floor":14}],"player_experience":220430,"potions_floor_usage":[14,16,16],"damage_taken":[{"damage":6,"enemies":"2 Louse","floor":1,"turns":4},{"damage":0,"enemies":"Small Slimes","floor":2,"turns":3},{"damage":1,"enemies":"Cultist","floor":4,"turns":3},{"damage":15,"enemies":"3 Louse","floor":5,"turns":4},{"damage":50,"enemies":"Lagavulin","floor":6,"turns":9},{"damage":0,"enemies":"Large Slime","floor":8,"turns":3},{"damage":23,"enemies":"3 Sentries","floor":10,"turns":9},{"damage":1,"enemies":"2 Fungi Beasts","floor":11,"turns":4},{"damage":14,"enemies":"Lagavulin","floor":12,"turns":6},{"damage":0,"enemies":"Lots of Slimes","floor":13,"turns":1},{"damage":11,"enemies":"3 Sentries","floor":14,"turns":3},{"damage":38,"enemies":"The Guardian","floor":16,"turns":9}],"relics_obtained":[{"floor":6,"key":"Pen Nib"},{"floor":9,"key":"Art of War"},{"floor":10,"key":"Whetstone"},{"floor":12,"key":"Blood Vial"},{"floor":14,"key":"Boot"}],"event_choices":[{"event_name":"Living Wall","player_choice":"Forget","floor":3,"damage_taken":0}],"boss_relics":[],"items_purged_floors":[],"is_endless":false,"potions_floor_spawned":[5,6,11,12,13],"seed_played":"-3341792946179265080","killed_by":"The Guardian","ascension_level":2,"potions_obtained":[{"floor":5,"key":"Strength Potion"},{"floor":6,"key":"FearPotion"},{"floor":11,"key":"FearPotion"},{"floor":12,"key":"PowerPotion"},{"floor":13,"key":"Energy Potion"}],"is_trial":false}