{"gold_per_floor":[117,117,132,150,22,22,51,51,131,3,18,50,50,50],"floor_reached":14,"playtime":264,"items_purged":["Strike_G","Strike_G"],"score":196,"play_id":"ed1f8028-ae6b-4dca-80fa-a842ff536f2f","local_time":"20190508002550","is_ascension_mode":true,"campfire_choices":[{"data":"Poisoned Stab","floor":6,"key":"SMITH"},{"data":"Skewer","floor":8,"key":"SMITH"}],"neow_cost":"NONE","seed_source_timestamp":208585514688995,"circlet_count":0,"master_deck":["AscendersBane","Defend_G","Defend_G","Defend_G","Defend_G","Defend_G","Strike_G","Strike_G","Survivor","Neutralize","Poisoned Stab+1","Flying Knee","Skewer+1","PiercingWail","Deadly Poison","Footwork"],"relics":["Ring of the Snake","NeowsBlessing","Regal Pillow","Molten Egg 2","Singing Bowl"],"potions_floor_usage":[7,7,12],"damage_taken":[{"damage":0,"enemies":"2 Louse","floor":1,"turns":1},{"damage":0,"enemies":"Cultist","floor":3,"turns":1},{"damage":0,"enemies":"Small Slimes","floor":4,"turns":1},{"damage":21,"enemies":"Lagavulin","floor":7,"turns":8},{"damage":18,"enemies":"Exordium Thugs","floor":11,"turns":5},{"damage":19,"enemies":"Gremlin Nob","floor":12,"turns":4},{"damage":6,"enemies":"Lots of Slimes","floor":14,"turns":2}],"seed_played":"8459084667214561563","potions_obtained":[{"floor":3,"key":"FearPotion"},{"floor":11,"key":"Weak Potion"}],"is_trial":false,"path_per_floor":["M","?","M","M","$","R","E","R","T","$","M","E","?","M"],"character_chosen":"THE_SILENT","items_purchased":["PowerPotion","PiercingWail"],"campfire_rested":0,"item_purchase_floors":[5,10],"current_hp_per_floor":[59,59,59,59,59,59,38,38,38,38,20,1,1,0],"gold":50,"neow_bonus":"THREE_ENEMY_KILL","is_prod":false,"is_daily":false,"chose_seed":false,"campfire_upgraded":2,"win_rate":0,"timestamp":1557285950,"path_taken":["M","?","?","M","?","R","E","R","T","$","M","E","?","?"],"build_version":"2019-01-23","purchased_purges":2,"victory":false,"max_hp_per_floor":[66,66,66,66,66,66,66,66,66,66,66,66,66,66],"card_choices":[{"not_picked":["Underhanded Strike","Expertise","Bane"],"picked":"SKIP","floor":1},{"not_picked":["Backstab","Slice"],"picked":"Poisoned Stab","floor":3},{"not_picked":["Acrobatics","Deflect"],"picked":"Flying Knee","floor":4},{"not_picked":["Dagger Throw","Heel Hook"],"picked":"Skewer","floor":7},{"not_picked":["Deflect","Acrobatics"],"picked":"Deadly Poison","floor":11},{"not_picked":["Noxious Fumes","Outmaneuver"],"picked":"Footwork","floor":12}],"player_experience":2288601,"relics_obtained":[{"floor":7,"key":"Regal Pillow"},{"floor":9,"key":"Molten Egg 2"},{"floor":12,"key":"Singing Bowl"}],"event_choices":[{"cards_removed":["Strike_G"],"damage_healed":0,"gold_gain":0,"player_choice":"Offered Basic","damage_taken":0,"max_hp_gain":0,"max_hp_loss":0,"event_name":"Bonfire Elementals","floor":2,"gold_loss":0},{"damage_healed":0,"gold_gain":0,"player_choice":"Leave","damage_taken":0,"max_hp_gain":0,"max_hp_loss":0,"event_name":"FaceTrader","floor":13,"gold_loss":0}],"is_beta":false,"boss_relics":[],"items_purged_floors":[5,10],"is_endless":false,"potions_floor_spawned":[3,11],"killed_by":"Lots of Slimes","ascension_level":20}