{"gold_per_floor":[115,132,132,147,62,88,88,105,105,105,120,138,152,152,152,248,248,258,258,230,6,6,6,18,34,34,34,34,59,75,94,94,94],"floor_reached":33,"playtime":4658,"items_purged":[],"score":296,"play_id":"cd1271b0-4692-4c7d-bb2b-3089d15ebc45","local_time":"20190409235404","is_ascension_mode":false,"campfire_choices":[{"floor":7,"key":"DIG"},{"floor":10,"key":"DIG"},{"data":"Armaments","floor":15,"key":"SMITH"},{"floor":23,"key":"DIG"},{"floor":32,"key":"REST"}],"neow_cost":"NONE","seed_source_timestamp":2251184485880900,"circlet_count":0,"master_deck":["Strike_R+1","Strike_R+1","Strike_R+1","Strike_R+1","Strike_R+1","Defend_R+1","Defend_R+1","Defend_R+1","Defend_R+1","Bash","Uppercut","Fire Breathing","Cleave","Flash of Steel","Anger","Hemokinesis","Perfected Strike","Rampage","Armaments+1","Reaper","Metallicize","Perfected Strike","Dropkick","Pain","Warcry+1","Shrug It Off","Spot Weakness","Rupture","Twin Strike+1"],"relics":["Burning Blood","Shovel","Self Forming Clay","Pantograph","Strawberry","Bottled Lightning","Black Star","Bag of Preparation","WarpedTongs","Omamori","Dodecahedron","Bag of Marbles","Centennial Puzzle"],"potions_floor_usage":[3,13,16,16,29,29,29,33],"damage_taken":[{"damage":5,"enemies":"2 Louse","floor":1,"turns":4},{"damage":1,"enemies":"Cultist","floor":2,"turns":3},{"damage":8,"enemies":"Jaw Worm","floor":4,"turns":5},{"damage":37,"enemies":"Gremlin Nob","floor":6,"turns":5},{"damage":12,"enemies":"Exordium Thugs","floor":8,"turns":3},{"damage":8,"enemies":"Blue Slaver","floor":11,"turns":4},{"damage":12,"enemies":"2 Fungi Beasts","floor":12,"turns":3},{"damage":10,"enemies":"Exordium Thugs","floor":13,"turns":3},{"damage":18,"enemies":"Slime Boss","floor":16,"turns":8},{"damage":3,"enemies":"Chosen","floor":18,"turns":4},{"damage":23,"enemies":"2 Thieves","floor":20,"turns":5},{"damage":14,"enemies":"Snecko","floor":24,"turns":4},{"damage":37,"enemies":"Sentry and Sphere","floor":25,"turns":6},{"damage":35,"enemies":"Slavers","floor":29,"turns":6},{"damage":25,"enemies":"Cultist and Chosen","floor":30,"turns":7},{"damage":16,"enemies":"Shelled Parasite and Fungi","floor":31,"turns":7},{"damage":96,"enemies":"Automaton","floor":33,"turns":10}],"seed_played":"-8671807653297936211","potions_obtained":[{"floor":1,"key":"FearPotion"},{"floor":3,"key":"EssenceOfSteel"},{"floor":3,"key":"Fruit Juice"},{"floor":3,"key":"SmokeBomb"},{"floor":4,"key":"Swift Potion"},{"floor":6,"key":"Energy Potion"},{"floor":12,"key":"LiquidBronze"},{"floor":18,"key":"Poison Potion"},{"floor":20,"key":"Dexterity Potion"},{"floor":24,"key":"Regen Potion"},{"floor":31,"key":"Strength Potion"}],"is_trial":false,"path_per_floor":["M","M","?","M","$","E","R","M","T","R","M","M","M","T","R","B",null,"M","?","M","$","?","R","M","M","T","$","?","E","M","M","R","B"],"character_chosen":"IRONCLAD","items_purchased":["Flash of Steel","Bag of Preparation","Dropkick"],"campfire_rested":1,"item_purchase_floors":[5,21,21],"current_hp_per_floor":[88,88,93,91,91,60,60,54,54,61,59,53,49,49,49,62,100,100,100,83,83,83,83,75,44,44,44,44,30,25,21,51,0],"gold":94,"neow_bonus":"TEN_PERCENT_HP_BONUS","is_prod":false,"is_daily":false,"chose_seed":false,"campfire_upgraded":1,"win_rate":0.0,"timestamp":1554868444,"path_taken":["M","M","?","M","$","E","R","M","T","R","?","M","M","?","R","BOSS","M","?","M","$","?","R","M","?","T","$","?","E","M","M","R","BOSS"],"build_version":"2019-01-23","purchased_purges":0,"victory":false,"max_hp_per_floor":[88,88,93,93,93,93,93,93,93,100,100,100,100,100,100,100,100,100,100,100,100,100,100,100,100,100,100,100,100,100,100,100,100],"card_choices":[{"not_picked":["Perfected Strike","Clothesline"],"picked":"Uppercut","floor":1},{"not_picked":["Pommel Strike","Inflame"],"picked":"Fire Breathing","floor":2},{"not_picked":["Sever Soul","Feel No Pain"],"picked":"Cleave","floor":4},{"not_picked":["Uppercut","Impervious"],"picked":"Anger","floor":6},{"not_picked":["Burning Pact","Disarm"],"picked":"Hemokinesis","floor":8},{"not_picked":["Pommel Strike","Clothesline"],"picked":"Perfected Strike","floor":11},{"not_picked":["Second Wind","Pommel Strike"],"picked":"Rampage","floor":12},{"not_picked":["Reckless Charge","Pommel Strike"],"picked":"Armaments","floor":13},{"not_picked":["Bludgeon","Fiend Fire"],"picked":"Reaper","floor":16},{"not_picked":["True Grit","Armaments"],"picked":"Metallicize","floor":18},{"not_picked":["Heavy Blade","Pummel"],"picked":"Perfected Strike","floor":20},{"not_picked":["Fiend Fire","Body Slam"],"picked":"Warcry+1","floor":24},{"not_picked":["True Grit","Warcry+1"],"picked":"Shrug It Off","floor":25},{"not_picked":["Fire Breathing","Battle Trance"],"picked":"Spot Weakness","floor":29},{"not_picked":["Clothesline","Warcry"],"picked":"Rupture","floor":30},{"not_picked":["Flex+1","Combust+1"],"picked":"Twin Strike+1","floor":31}],"player_experience":11290,"relics_obtained":[{"floor":6,"key":"Shovel"},{"floor":7,"key":"Self Forming Clay"},{"floor":9,"key":"Pantograph"},{"floor":10,"key":"Strawberry"},{"floor":14,"key":"Bottled Lightning"},{"floor":23,"key":"Omamori"},{"floor":26,"key":"Dodecahedron"},{"floor":29,"key":"Bag of Marbles"},{"floor":29,"key":"Centennial Puzzle"}],"event_choices":[{"damage_healed":0,"gold_gain":0,"player_choice":"Got Potions","damage_taken":0,"max_hp_gain":0,"max_hp_loss":0,"event_name":"Lab","floor":3,"gold_loss":0},{"damage_healed":0,"gold_gain":0,"player_choice":"Ignored","damage_taken":0,"max_hp_gain":0,"max_hp_loss":0,"event_name":"Ghosts","floor":19,"gold_loss":0},{"damage_healed":0,"gold_gain":0,"player_choice":"Rummage","damage_taken":0,"relics_obtained":["WarpedTongs"],"max_hp_gain":0,"max_hp_loss":0,"event_name":"Accursed Blacksmith","floor":22,"gold_loss":0,"cards_obtained":["Pain"]},{"damage_healed":0,"gold_gain":0,"player_choice":"Simplicity","damage_taken":0,"max_hp_gain":0,"max_hp_loss":0,"event_name":"Back to Basics","floor":28,"gold_loss":0,"cards_upgraded":["Strike_R","Strike_R","Strike_R","Strike_R","Strike_R","Defend_R","Defend_R","Defend_R","Defend_R"]}],"is_beta":false,"boss_relics":[{"not_picked":["Black Blood","Cursed Key"],"picked":"Black Star"}],"items_purged_floors":[],"is_endless":false,"potions_floor_spawned":[1,4,6,11,12,18,20,24,31],"killed_by":"Automaton","ascension_level":0}