{"path_per_floor":["M","M","?","M","M","R","$","E","T","R","M","?","E","?","R"],"character_chosen":"DEFECT","items_purchased":["Capacitor"],"gold_per_floor":[109,126,76,90,108,108,9,43,43,43,62,62,87,162,162,162],"floor_reached":16,"campfire_rested":2,"playtime":581,"current_hp_per_floor":[75,74,74,67,61,61,61,26,26,48,48,48,26,15,37,0],"items_purged":["Strike_B"],"gold":162,"score":110,"play_id":"bf4eb214-4c6f-4932-b213-9542ed895543","local_time":"20180427213058","is_prod":false,"is_daily":false,"chose_seed":false,"is_ascension_mode":false,"campfire_upgraded":1,"timestamp":1524882658,"path_taken":["M","M","?","M","M","R","$","E","T","R","M","?","E","?","R","BOSS"],"build_version":"2018-04-26v2","seed_source_timestamp":1338008248536594,"purchased_purges":1,"victory":false,"master_deck":["Strike_B","Strike_B","Defend_B","Defend_B","Defend_B","Zap","Dualcast","Go for the Eyes","Beam Cell","Static Discharge+1","Creative AI","Capacitor","Go for the Eyes","Reprogram"],"max_hp_per_floor":[75,75,75,75,75,75,75,75,75,75,75,75,75,75,75,75],"relics":["Cracked Core","Meat on the Bone","Bottled Flame","The Courier"],"card_choices":[{"not_picked":["Stack","Hologram"],"picked":"Go for the Eyes","floor":1},{"not_picked":["Double Energy","Barrage"],"picked":"Beam Cell","floor":2},{"not_picked":["Storm","Steam Power"],"picked":"Static Discharge","floor":4},{"not_picked":["Barrage","Coolheaded"],"picked":"Creative AI","floor":5},{"not_picked":["Sweeping Beam","Axe Kick"],"picked":"Go for the Eyes","floor":11},{"not_picked":["FTL","All For One"],"picked":"Reprogram","floor":13}],"player_experience":187054,"potions_floor_usage":[16,16],"damage_taken":[{"damage":0,"enemies":"Small Slimes","floor":1,"turns":3},{"damage":1,"enemies":"2 Louse","floor":2,"turns":2},{"damage":7,"enemies":"Jaw Worm","floor":4,"turns":3},{"damage":6,"enemies":"Exordium Wildlife","floor":5,"turns":3},{"damage":42,"enemies":"Gremlin Nob","floor":8,"turns":4},{"damage":12,"enemies":"Looter","floor":11,"turns":3},{"damage":34,"enemies":"Lagavulin","floor":13,"turns":6},{"damage":37,"enemies":"The Guardian","floor":16,"turns":6}],"event_choices":[{"event_name":"The Cleric","player_choice":"Card Removal","floor":3,"damage_taken":0},{"event_name":"Living Wall","player_choice":"Forget","floor":12,"damage_taken":0},{"event_name":"World of Goop","player_choice":"Gather Gold","floor":14,"damage_taken":0}],"boss_relics":[],"potions_floor_spawned":[2,4,8,13],"seed_played":"-2696787918346933545","killed_by":"The Guardian","ascension_level":0,"is_trial":false}