{"gold_per_floor":[219,235,246,264,264,264,299,299,299,310,17,30,40,70,70,147,147,164,63,13,13,23,23],"floor_reached":23,"playtime":707,"items_purged":[],"score":355,"play_id":"3ef6929b-a50f-4ee5-bb6e-1ce4897ac7cf","local_time":"20180830111251","is_ascension_mode":true,"campfire_choices":[{"data":"Sunder","floor":6,"key":"SMITH"},{"floor":8,"key":"REST"},{"floor":15,"key":"REST"}],"neow_cost":"NONE","seed_source_timestamp":169782837941128,"circlet_count":0,"master_deck":["Strike_B","Defend_B","Defend_B","Defend_B","Defend_B","Zap+1","Dualcast","AscendersBane","Sunder+1","Rip and Tear","Capacitor","Leap","Conserve Battery","Steam","Barrage","Darkness","Biased Cognition+1","Barrage+1","Storm+1","Double Energy+1","Consume","Cold Snap"],"relics":["Cracked Core","Regal Pillow","Letter Opener","Frozen Egg 2","Dead Branch","Astrolabe"],"potions_floor_usage":[10,14,16,22,23],"damage_taken":[{"damage":0,"enemies":"2 Louse","floor":1,"turns":3},{"damage":7,"enemies":"Jaw Worm","floor":2,"turns":3},{"damage":0,"enemies":"Cultist","floor":3,"turns":3},{"damage":13,"enemies":"Blue Slaver","floor":4,"turns":3},{"damage":17,"enemies":"3 Sentries","floor":7,"turns":7},{"damage":14,"enemies":"Exordium Thugs","floor":10,"turns":4},{"damage":1,"enemies":"Large Slime","floor":12,"turns":5},{"damage":2,"enemies":"2 Fungi Beasts","floor":13,"turns":2},{"damage":38,"enemies":"Lagavulin","floor":14,"turns":8},{"damage":35,"enemies":"Slime Boss","floor":16,"turns":10},{"damage":20,"enemies":"3 Byrds","floor":18,"turns":4},{"damage":33,"enemies":"Spheric Guardian","floor":22,"turns":5},{"damage":13,"enemies":"Book of Stabbing","floor":23,"turns":1}],"seed_played":"3599870603885855169","potions_obtained":[{"floor":3,"key":"Ancient Potion"},{"floor":4,"key":"Poison Potion"},{"floor":7,"key":"Dexterity Potion"},{"floor":16,"key":"FocusPotion"}],"is_trial":false,"path_per_floor":["M","M","M","M","?","R","E","R","T","M","$","M","M","E","R","B",null,"M","$","?","?","M"],"character_chosen":"DEFECT","items_purchased":["Frozen Egg 2","Fire Potion","Fruit Juice"],"campfire_rested":2,"item_purchase_floors":[11,11,19],"current_hp_per_floor":[64,57,57,44,44,44,27,63,63,49,49,48,46,8,44,9,56,36,36,36,36,8,0],"gold":23,"neow_bonus":"HUNDRED_GOLD","is_prod":false,"is_daily":false,"chose_seed":false,"campfire_upgraded":1,"win_rate":0,"timestamp":1535638371,"path_taken":["M","M","M","M","?","R","E","R","T","M","$","M","?","E","R","BOSS","M","$","?","?","M","E"],"build_version":"2018-07-12","purchased_purges":0,"victory":false,"max_hp_per_floor":[71,71,71,71,71,71,71,71,71,71,71,71,71,71,71,71,71,71,71,71,71,76,76],"card_choices":[{"not_picked":["Streamline","BootSequence"],"picked":"Sunder","floor":1},{"not_picked":["Consume","Steam Power"],"picked":"Rip and Tear","floor":2},{"not_picked":["Force Field","Leap"],"picked":"Capacitor","floor":3},{"not_picked":["Turbo","Stack"],"picked":"Leap","floor":4},{"not_picked":["Reprogram","Scrape"],"picked":"Conserve Battery","floor":7},{"not_picked":["Heatsinks","Amplify"],"picked":"Steam","floor":10},{"not_picked":["Gash","Streamline"],"picked":"Barrage","floor":12},{"not_picked":["Gash","Stack","Reprogram"],"picked":"SKIP","floor":13},{"not_picked":["Go for the Eyes","Darkness","Rip and Tear"],"picked":"SKIP","floor":14},{"not_picked":["Go for the Eyes","Rip and Tear"],"picked":"Darkness","floor":14},{"not_picked":["Thunder Strike","Seek"],"picked":"Biased Cognition+1","floor":16},{"not_picked":["Barrage","Gash"],"picked":"Consume","floor":18},{"not_picked":["Gash","Doom and Gloom"],"picked":"Cold Snap","floor":22}],"player_experience":761152,"relics_obtained":[{"floor":7,"key":"Regal Pillow"},{"floor":9,"key":"Letter Opener"},{"floor":14,"key":"Dead Branch"}],"event_choices":[{"event_name":"Golden Idol","player_choice":"Ignored","floor":5,"damage_taken":0},{"event_name":"The Joust","player_choice":"Bet on Murderer","floor":20,"damage_taken":0},{"event_name":"Accursed Blacksmith","player_choice":"Forge","floor":21,"damage_taken":0}],"boss_relics":[{"not_picked":["Philosopher\u0027s Stone","Pandora\u0027s Box"],"picked":"Astrolabe"}],"items_purged_floors":[],"is_endless":false,"potions_floor_spawned":[3,4,7,16],"killed_by":"Book of Stabbing","ascension_level":15}