{"gold_per_floor":[113,38,38,38,38,38,67,67,67,97,97,113,147,164,164,241,241,258,258,158,182,232,267,267,296,323,323,356,14,29,43,43,122,122,140,152,152,165,177,205,224,255,255,305,323,94,119,139,139,139,139,139,139,49,75,75],"floor_reached":57,"playtime":2119,"items_purged":["Strike_R","Strike_R","Strike_R+1","Defend_R+1"],"score":3307,"play_id":"cc11e7ce-400b-4dc1-86d2-d75826179ed3","local_time":"20190211221022","is_ascension_mode":true,"campfire_choices":[{"data":"Bash","floor":6.0,"key":"SMITH"},{"data":"Heavy Blade","floor":8.0,"key":"SMITH"},{"data":"Pommel Strike","floor":15.0,"key":"SMITH"},{"data":"Fiend Fire","floor":24.0,"key":"SMITH"},{"data":"Shrug It Off","floor":32.0,"key":"SMITH"},{"floor":49.0,"key":"RECALL"},{"floor":53.0,"key":"REST"}],"neow_cost":"NONE","seed_source_timestamp":2355110354932818,"circlet_count":0,"master_deck":["AscendersBane","Defend_R+1","Defend_R+1","Defend_R+1","Bash+1","Heavy Blade+1","Inflame","Pommel Strike+1","Fiend Fire+1","Shrug It Off+1","Pommel Strike+1","Evolve"],"special_seed":0,"relics":["Burning Blood","NeowsBlessing","Whetstone","Sundial","Paper Frog","War Paint","Red Skull","Runic Dome","Ancient Tea Set","Bottled Flame","Mango","Orichalcum","Art of War","Medical Kit","Black Star","Dream Catcher","Happy Flower","Boot","Lantern","Champion Belt","Pen Nib","Oddly Smooth Stone","Shuriken","Pear"],"potions_floor_usage":[56,56],"damage_taken":[{"damage":0.0,"enemies":"Cultist","floor":1.0,"turns":1.0},{"damage":0.0,"enemies":"Gremlin Nob","floor":7.0,"turns":1.0},{"damage":0.0,"enemies":"3 Sentries","floor":10.0,"turns":2.0},{"damage":12.0,"enemies":"Small Slimes","floor":12.0,"turns":3.0},{"damage":8.0,"enemies":"Lagavulin","floor":13.0,"turns":5.0},{"damage":0.0,"enemies":"2 Louse","floor":14.0,"turns":2.0},{"damage":22.0,"enemies":"Slime Boss","floor":16.0,"turns":7.0},{"damage":19.0,"enemies":"Shell Parasite","floor":18.0,"turns":4.0},{"damage":0.0,"enemies":"Book of Stabbing","floor":23.0,"turns":4.0},{"damage":23.0,"enemies":"Gremlin Leader","floor":25.0,"turns":2.0},{"damage":27.0,"enemies":"Book of Stabbing","floor":28.0,"turns":5.0},{"damage":0.0,"enemies":"Spheric Guardian","floor":30.0,"turns":1.0},{"damage":0.0,"enemies":"Snake Plant","floor":31.0,"turns":1.0},{"damage":0.0,"enemies":"Collector","floor":33.0,"turns":2.0},{"damage":0.0,"enemies":"Orb Walker","floor":35.0,"turns":4.0},{"damage":0.0,"enemies":"3 Darklings","floor":36.0,"turns":2.0},{"damage":0.0,"enemies":"Spire Growth","floor":38.0,"turns":2.0},{"damage":21.0,"enemies":"Jaw Worm Horde","floor":39.0,"turns":2.0},{"damage":31.0,"enemies":"Nemesis","floor":40.0,"turns":3.0},{"damage":0.0,"enemies":"Sphere and 2 Shapes","floor":41.0,"turns":3.0},{"damage":0.0,"enemies":"Reptomancer","floor":42.0,"turns":2.0},{"damage":16.0,"enemies":"2 Orb Walkers","floor":44.0,"turns":2.0},{"damage":5.0,"enemies":"Writhing Mass","floor":45.0,"turns":2.0},{"damage":15.0,"enemies":"Nemesis","floor":47.0,"turns":2.0},{"damage":8.0,"enemies":"4 Shapes","floor":48.0,"turns":2.0},{"damage":15.0,"enemies":"Donu and Deca","floor":50.0,"turns":2.0},{"damage":1.0,"enemies":"Awakened One","floor":51.0,"turns":3.0},{"damage":0.0,"enemies":"Shield and Spear","floor":55.0,"turns":2.0},{"damage":0,"enemies":"The Heart","floor":56,"turns":5}],"seed_played":"-2561182121990680196","potions_obtained":[{"floor":1.0,"key":"SkillPotion"},{"floor":7.0,"key":"Explosive Potion"},{"floor":14.0,"key":"Ancient Potion"},{"floor":25.0,"key":"Fire Potion"},{"floor":31.0,"key":"EssenceOfSteel"},{"floor":35.0,"key":"SteroidPotion"},{"floor":40.0,"key":"Poison Potion"},{"floor":41.0,"key":"AttackPotion"}],"is_trial":false,"path_per_floor":["M","$","?","?","?","R","E","R","T","E","T","M","E","M","R","B",null,"M","?","$","T","?","E","R","E","T","?","E","$","M","M","R","B",null,"M","M","?","M","M","E","M","E","T","?","M","$","E","M","R","B","B",null,"R","$","E","B",null],"character_chosen":"IRONCLAD","items_purchased":["Medical Kit","GamblersBrew","Evolve"],"campfire_rested":1,"item_purchase_floors":[29,46,54],"current_hp_per_floor":[74,74,67,67,44,44,50,50,50,56,56,50,48,54,54,38,66,53,53,53,53,53,59,59,56,56,56,35,35,41,47,47,53,80,86,89,89,89,74,49,55,61,61,51,52,52,43,41,41,32,37,76,89,89,99,99],"gold":75,"neow_bonus":"THREE_ENEMY_KILL","is_prod":false,"is_daily":false,"chose_seed":false,"campfire_upgraded":5,"win_rate":0,"timestamp":1549894222,"path_taken":["M","?","?","?","?","R","E","R","T","E","?","M","E","M","R","BOSS","M","?","?","?","?","E","R","E","T","?","E","$","M","?","R","BOSS","M","M","?","M","M","E","M","E","T","?","M","?","E","M","R","BOSS","BOSS","R","$","E","BOSS"],"build_version":"2019-01-23","purchased_purges":4,"victory":true,"max_hp_per_floor":[75,75,75,75,75,75,75,75,75,75,75,75,75,75,75,75,75,75,75,75,75,75,75,75,89,89,89,89,89,89,89,89,89,89,89,89,89,89,89,89,89,89,89,89,89,89,89,89,89,89,89,89,89,89,99,99],"card_choices":[{"not_picked":["Sentinel","Corruption","Hemokinesis"],"picked":"SKIP","floor":1.0},{"not_picked":["Heavy Blade","Combust","Armaments"],"picked":"SKIP","floor":7.0},{"not_picked":["Combust","Armaments"],"picked":"Heavy Blade","floor":7.0},{"not_picked":["Thunderclap","Clothesline"],"picked":"Inflame","floor":10.0},{"not_picked":["Wild Strike","Sword Boomerang","Whirlwind"],"picked":"SKIP","floor":12.0},{"not_picked":["Demon Form","Rupture","Warcry"],"picked":"SKIP","floor":13.0},{"not_picked":["Sword Boomerang","Perfected Strike"],"picked":"Pommel Strike","floor":14.0},{"not_picked":["Bludgeon","Dark Embrace"],"picked":"Fiend Fire","floor":16.0},{"not_picked":["Corruption","Bloodletting"],"picked":"Shrug It Off","floor":18.0},{"not_picked":["Reckless Charge+1","Sword Boomerang","Sever Soul"],"picked":"SKIP","floor":23.0},{"not_picked":["Headbutt","Hemokinesis+1","Iron Wave"],"picked":"SKIP","floor":25.0},{"not_picked":["Clash","Entrench","Rage"],"picked":"SKIP","floor":28.0},{"not_picked":["Sword Boomerang","Sentinel+1","Cleave"],"picked":"SKIP","floor":30.0},{"not_picked":["Entrench+1","Headbutt","Heavy Blade"],"picked":"SKIP","floor":31.0},{"not_picked":["Thunderclap","Anger","Dual Wield"],"picked":"SKIP","floor":35.0},{"not_picked":["Iron Wave","Wild Strike","Intimidate"],"picked":"SKIP","floor":36.0},{"not_picked":["Pommel Strike","Shrug It Off","Battle Trance"],"picked":"SKIP","floor":38.0},{"not_picked":["Clothesline","Warcry","Thunderclap+1"],"picked":"SKIP","floor":39.0},{"not_picked":["Clash","Clothesline+1","Ghostly Armor"],"picked":"SKIP","floor":40.0},{"not_picked":["Flex","Reckless Charge","Iron Wave"],"picked":"SKIP","floor":41.0},{"not_picked":["Limit Break","Shrug It Off","Heavy Blade"],"picked":"SKIP","floor":42.0},{"not_picked":["Rupture+1","Flame Barrier","Thunderclap"],"picked":"SKIP","floor":45.0},{"not_picked":["Clash","Flex","Cleave"],"picked":"SKIP","floor":47.0},{"not_picked":["Pummel","Disarm","Fire Breathing+1"],"picked":"SKIP","floor":48.0},{"not_picked":["Juggernaut","Fire Breathing+1","Twin Strike"],"picked":"SKIP","floor":55.0}],"player_experience":874226,"relics_obtained":[{"floor":7.0,"key":"Whetstone"},{"floor":9.0,"key":"Sundial"},{"floor":10.0,"key":"Paper Frog"},{"floor":11.0,"key":"War Paint"},{"floor":13.0,"key":"Red Skull"},{"floor":21.0,"key":"Ancient Tea Set"},{"floor":23.0,"key":"Bottled Flame"},{"floor":25.0,"key":"Mango"},{"floor":26.0,"key":"Orichalcum"},{"floor":28.0,"key":"Art of War"},{"floor":40.0,"key":"Dream Catcher"},{"floor":40.0,"key":"Happy Flower"},{"floor":42.0,"key":"Boot"},{"floor":42.0,"key":"Lantern"},{"floor":44.0,"key":"Champion Belt"},{"floor":47.0,"key":"Pen Nib"},{"floor":47.0,"key":"Oddly Smooth Stone"},{"floor":55.0,"key":"Shuriken"},{"floor":55.0,"key":"Pear"}],"event_choices":[{"cards_removed":["Strike_R"],"damage_healed":0.0,"max_hp_gain":0.0,"max_hp_loss":0.0,"gold_gain":0.0,"event_name":"Golden Wing","player_choice":"Card Removal","floor":3.0,"gold_loss":0.0,"damage_taken":7.0},{"damage_healed":0.0,"max_hp_gain":0.0,"max_hp_loss":0.0,"gold_gain":0.0,"event_name":"The Cleric","player_choice":"Leave","floor":4.0,"gold_loss":0.0,"damage_taken":0.0},{"damage_healed":0.0,"max_hp_gain":0.0,"max_hp_loss":0.0,"gold_gain":0.0,"event_name":"Shining Light","player_choice":"Entered Light","floor":5.0,"gold_loss":0.0,"damage_taken":23.0,"cards_upgraded":["Defend_R","Defend_R"]},{"damage_healed":0.0,"max_hp_gain":0.0,"max_hp_loss":0.0,"gold_gain":0.0,"event_name":"Duplicator","player_choice":"Copied","floor":19.0,"gold_loss":0.0,"damage_taken":0.0,"cards_obtained":["Pommel Strike"]},{"damage_healed":0.0,"max_hp_gain":0.0,"max_hp_loss":0.0,"gold_gain":50.0,"event_name":"Nest","player_choice":"Stole From Cult","floor":22.0,"gold_loss":0.0,"damage_taken":0.0},{"cards_removed":["Strike_R"],"damage_healed":0.0,"max_hp_gain":0.0,"max_hp_loss":0.0,"gold_gain":0.0,"event_name":"Bonfire Elementals","player_choice":"Offered Basic","floor":27.0,"gold_loss":0.0,"damage_taken":0.0},{"damage_healed":0.0,"max_hp_gain":0.0,"max_hp_loss":0.0,"gold_gain":0.0,"event_name":"Tomb of Lord Red Mask","player_choice":"Ignored","floor":37.0,"gold_loss":0.0,"damage_taken":0.0},{"damage_healed":0.0,"max_hp_gain":0.0,"max_hp_loss":0.0,"gold_gain":0.0,"event_name":"Mysterious Sphere","player_choice":"Fight","floor":44.0,"gold_loss":0.0,"damage_taken":0.0}],"is_beta":false,"boss_relics":[{"not_picked":["Astrolabe","Pandora\u0027s Box"],"picked":"Runic Dome"},{"not_picked":["Busted Crown","Cursed Key"],"picked":"Black Star"}],"items_purged_floors":[2,20,29,46],"is_endless":false,"potions_floor_spawned":[1,7,13,14,18,25,31,35,38,40,41,47,55],"ascension_level":20}