{"gold_per_floor":[115,115,73,73,84,84,114,114,114,145,110,142,67,82,82,82],"floor_reached":16,"playtime":385,"items_purged":["Strike_R"],"score":282,"play_id":"3546f132-8f5a-48d2-8279-e670d21623f1","local_time":"20190422183540","is_ascension_mode":true,"campfire_choices":[{"data":"Armaments","floor":6.0,"key":"SMITH"},{"data":"Rupture","floor":8.0,"key":"SMITH"},{"data":"Dual Wield","floor":15.0,"key":"SMITH"}],"neow_cost":"NONE","seed_source_timestamp":116927018109300,"circlet_count":0,"master_deck":["AscendersBane","Strike_R","Strike_R","Strike_R","Defend_R","Defend_R","Defend_R","Defend_R","Bash","Armaments+1","Dual Wield+1","Rupture+1","Flex","Bloodletting","Carnage","Shrug It Off"],"special_seed":0,"relics":["Burning Blood","NeowsBlessing","Dream Catcher","Blue Candle","Shovel","Orichalcum"],"potions_floor_usage":[16],"damage_taken":[{"damage":0.0,"enemies":"Small Slimes","floor":1.0,"turns":1.0},{"damage":0.0,"enemies":"Jaw Worm","floor":5.0,"turns":1.0},{"damage":0.0,"enemies":"Lagavulin","floor":7.0,"turns":2.0},{"damage":48.0,"enemies":"3 Sentries","floor":10.0,"turns":10.0},{"damage":43.0,"enemies":"Lagavulin","floor":12.0,"turns":7.0},{"damage":0.0,"enemies":"Cultist","floor":14.0,"turns":4.0},{"damage":22,"enemies":"The Guardian","floor":16,"turns":11}],"seed_played":"6242723759712702397","potions_obtained":[{"floor":10.0,"key":"Weak Potion"},{"floor":12.0,"key":"Energy Potion"},{"floor":14.0,"key":"SpeedPotion"}],"is_trial":false,"path_per_floor":["M","?","$","?","M","R","E","R","T","E","?","E","$","M","R","B"],"character_chosen":"IRONCLAD","items_purchased":["Rupture"],"campfire_rested":0,"item_purchase_floors":[3],"current_hp_per_floor":[74,74,74,63,69,69,75,75,75,33,51,14,14,20,20,0],"gold":82,"neow_bonus":"THREE_ENEMY_KILL","is_prod":false,"is_daily":false,"chose_seed":true,"campfire_upgraded":3,"win_rate":0,"timestamp":1555929340,"path_taken":["M","?","$","?","?","R","E","R","T","E","?","E","$","M","R","BOSS"],"build_version":"2019-01-23","purchased_purges":1,"victory":false,"max_hp_per_floor":[75,75,75,75,75,75,75,75,75,75,75,75,75,75,75,75],"card_choices":[{"not_picked":["Perfected Strike","Disarm"],"picked":"Armaments","floor":1.0},{"not_picked":["Sentinel","Clothesline"],"picked":"Flex","floor":5.0},{"not_picked":["Thunderclap","Ghostly Armor"],"picked":"Bloodletting","floor":7.0},{"not_picked":["Hemokinesis","Flame Barrier"],"picked":"Carnage","floor":10.0},{"not_picked":["Iron Wave","Headbutt"],"picked":"Shrug It Off","floor":12.0},{"not_picked":["Anger","Clothesline","Hemokinesis"],"picked":"SKIP","floor":14.0}],"player_experience":1731541,"relics_obtained":[{"floor":7.0,"key":"Dream Catcher"},{"floor":9.0,"key":"Blue Candle"},{"floor":10.0,"key":"Shovel"},{"floor":12.0,"key":"Orichalcum"}],"event_choices":[{"damage_healed":0.0,"max_hp_gain":0.0,"max_hp_loss":0.0,"gold_gain":0.0,"cards_transformed":["Strike_R"],"event_name":"Living Wall","player_choice":"Change","floor":2.0,"gold_loss":0.0,"damage_taken":0.0,"cards_obtained":["Dual Wield"]},{"damage_healed":0.0,"max_hp_gain":0.0,"max_hp_loss":0.0,"gold_gain":0.0,"event_name":"Wheel of Change","player_choice":"Damaged","floor":4.0,"gold_loss":0.0,"damage_taken":11.0},{"damage_healed":18.0,"max_hp_gain":0.0,"max_hp_loss":0.0,"gold_gain":0.0,"event_name":"The Cleric","player_choice":"Healed","floor":11.0,"gold_loss":35.0,"damage_taken":0.0}],"is_beta":false,"boss_relics":[],"items_purged_floors":[13],"is_endless":false,"potions_floor_spawned":[10,12,14],"killed_by":"The Guardian","ascension_level":20}