{"gold_per_floor":[114,114,142,171,183,225,256,268,304,316,359,429,461,488,500,610,622,645,707,737,455,466,466,496,496,496,526,526,544,561,476,476,571,571,589,589,372,372,424,453,453,467,467,517,517,517,317,317,317,317],"floor_reached":51,"playtime":1760,"items_purged":["Havoc"],"score":975,"play_id":"0ac46191-0dc8-4f41-bc58-5a265eaf3cd8","local_time":"20190105152251","is_ascension_mode":true,"campfire_choices":[{"data":"Perfected Strike","floor":15.0,"key":"SMITH"},{"data":"Perfected Strike","floor":23,"key":"SMITH"},{"data":"Warcry","floor":25,"key":"SMITH"},{"data":"Forethought","floor":32,"key":"SMITH"},{"floor":41,"key":"REST"},{"data":"Warcry","floor":45,"key":"SMITH"},{"data":"Perfected Strike","floor":46,"key":"SMITH"},{"data":"Offering","floor":49,"key":"SMITH"}],"neow_cost":"NONE","seed_source_timestamp":271080198566321,"circlet_count":0,"master_deck":["Strike_R","Strike_R","Strike_R","Strike_R","Strike_R","Defend_R","Defend_R","Defend_R","Defend_R","Perfected Strike+1","Headbutt","Warcry+1","Twin Strike","Perfected Strike+1","Perfected Strike+1","Perfected Strike+1","Forethought+1","Warcry+1","Perfected Strike+1","Headbutt","Offering+1","Shockwave+1","Trip","Madness","Madness","Perfected Strike+1"],"special_seed":0,"relics":["Burning Blood","NeowsBlessing","MawBank","Pen Nib","Vajra","Oddly Smooth Stone","Paper Frog","Mark of Pain","Toolbox","Omamori","Happy Flower","Bottled Lightning","Mercury Hourglass","Lizard Tail","WingedGreaves","Darkstone Periapt","Molten Egg 2","Lee\u0027s Waffle"],"potions_floor_usage":[29,29,33,50,50,50],"damage_taken":[{"damage":0.0,"enemies":"2 Louse","floor":1.0,"turns":1.0},{"damage":0.0,"enemies":"Cultist","floor":3.0,"turns":1.0},{"damage":0.0,"enemies":"Jaw Worm","floor":4.0,"turns":1.0},{"damage":25.0,"enemies":"3 Sentries","floor":6.0,"turns":9.0},{"damage":16.0,"enemies":"Exordium Thugs","floor":7.0,"turns":4.0},{"damage":26.0,"enemies":"Lagavulin","floor":11.0,"turns":5.0},{"damage":14.0,"enemies":"Gremlin Nob","floor":12.0,"turns":3.0},{"damage":0.0,"enemies":"2 Fungi Beasts","floor":13.0,"turns":2.0},{"damage":0.0,"enemies":"Looter","floor":14.0,"turns":2.0},{"damage":0.0,"enemies":"Slime Boss","floor":16.0,"turns":3.0},{"damage":22.0,"enemies":"2 Thieves","floor":18.0,"turns":3.0},{"damage":6.0,"enemies":"3 Byrds","floor":20.0,"turns":2.0},{"damage":2,"enemies":"Centurion and Healer","floor":22,"turns":3},{"damage":23,"enemies":"Slavers","floor":24,"turns":4},{"damage":0,"enemies":"Gremlin Leader","floor":27,"turns":6},{"damage":12,"enemies":"Snake Plant","floor":29,"turns":2},{"damage":0,"enemies":"3 Cultists","floor":30,"turns":2},{"damage":52,"enemies":"Collector","floor":33,"turns":5},{"damage":17,"enemies":"3 Darklings","floor":35,"turns":3},{"damage":16,"enemies":"2 Orb Walkers","floor":39,"turns":2},{"damage":24,"enemies":"Nemesis","floor":40,"turns":5},{"damage":0,"enemies":"Orb Walker","floor":42,"turns":1},{"damage":6,"enemies":"Jaw Worm Horde","floor":44,"turns":2},{"damage":95,"enemies":"Awakened One","floor":50,"turns":8}],"seed_played":"-1268668602545342122","potions_obtained":[{"floor":3.0,"key":"PowerPotion"},{"floor":11.0,"key":"Energy Potion"},{"floor":12.0,"key":"AttackPotion"},{"floor":14.0,"key":"LiquidBronze"},{"floor":16.0,"key":"AttackPotion"},{"floor":20.0,"key":"Regen Potion"},{"floor":33,"key":"Dexterity Potion"},{"floor":40,"key":"Weak Potion"},{"floor":44,"key":"Block Potion"}],"is_trial":false,"path_per_floor":["M","?","M","M","?","E","M","$","T","$","E","?","M","M","R","B",null,"M","?","M","$","M","R","E","R","T","E","?","M","M","?","R","B",null,"M","?","$","?","?","E","R","M","T","M","R","R","$","?","R","B",null],"character_chosen":"IRONCLAD","items_purchased":["Forethought","Toolbox","Trip","FearPotion","Lee\u0027s Waffle"],"campfire_rested":1,"item_purchase_floors":[21,21,37,37,47],"current_hp_per_floor":[80,80,80,80,80,61,51,51,51,51,31,23,29,35,35,41,80,64,64,64,64,68,68,51,51,51,57,57,56,62,62,62,16,80,69,69,69,59,49,31,55,61,61,61,61,61,87,87,87,49],"gold":317,"neow_bonus":"THREE_ENEMY_KILL","is_prod":false,"is_daily":false,"chose_seed":false,"campfire_upgraded":7,"win_rate":0,"timestamp":1546723371,"path_taken":["M","?","?","?","?","E","M","$","T","?","E","?","M","M","R","BOSS","M","?","M","?","M","R","E","R","T","E","?","M","?","?","R","BOSS","M","?","?","?","?","E","R","M","T","?","R","R","$","?","R","BOSS"],"build_version":"2019-01-03v4","purchased_purges":1,"victory":true,"max_hp_per_floor":[80,80,80,80,80,80,80,80,80,80,80,80,80,80,80,80,80,80,80,80,80,80,80,80,80,80,80,80,80,80,80,80,80,80,80,80,80,80,80,80,80,80,80,80,80,80,87,87,87,87],"card_choices":[{"not_picked":["Entrench","Sentinel"],"picked":"Perfected Strike","floor":1.0},{"not_picked":["Clash","Flex"],"picked":"Headbutt","floor":3.0},{"not_picked":["Thunderclap","Seeing Red"],"picked":"Warcry","floor":4.0},{"not_picked":["Heavy Blade","Exhume","True Grit"],"picked":"SKIP","floor":6.0},{"not_picked":["Feel No Pain","Thunderclap"],"picked":"Twin Strike","floor":7.0},{"not_picked":["Iron Wave","Thunderclap"],"picked":"Pommel Strike","floor":11.0},{"not_picked":["Rupture","Anger","Barricade"],"picked":"SKIP","floor":13.0},{"not_picked":["Shrug It Off","Burning Pact"],"picked":"Perfected Strike","floor":14.0},{"not_picked":["Spot Weakness","Iron Wave+1"],"picked":"Perfected Strike","floor":18.0},{"not_picked":["Heavy Blade","Body Slam"],"picked":"Perfected Strike+1","floor":20.0},{"not_picked":["True Grit","Anger"],"picked":"Warcry","floor":22},{"not_picked":["Pummel","Dark Embrace","Entrench"],"picked":"SKIP","floor":24},{"not_picked":["Entrench","Infernal Blade+1"],"picked":"Perfected Strike","floor":27},{"not_picked":["Cleave","Iron Wave"],"picked":"Headbutt","floor":29},{"not_picked":["Cleave","Clothesline","Sword Boomerang"],"picked":"SKIP","floor":30},{"not_picked":["Berserk","Juggernaut"],"picked":"Offering","floor":33},{"not_picked":["Anger+1","Whirlwind+1"],"picked":"Shockwave+1","floor":35},{"not_picked":["Pummel","Clothesline+1"],"picked":"Perfected Strike+1","floor":40},{"not_picked":["Armaments+1","Power Through+1","True Grit+1"],"picked":"SKIP","floor":42},{"not_picked":["True Grit","Clothesline+1","Spot Weakness+1"],"picked":"SKIP","floor":44},{"not_picked":["True Grit","Clothesline+1","Spot Weakness+1"],"picked":"SKIP","floor":44}],"player_experience":243259,"relics_obtained":[{"floor":2.0,"key":"MawBank"},{"floor":6.0,"key":"Pen Nib"},{"floor":9.0,"key":"Vajra"},{"floor":11.0,"key":"Oddly Smooth Stone"},{"floor":12.0,"key":"Paper Frog"},{"floor":24,"key":"Omamori"},{"floor":26,"key":"Happy Flower"},{"floor":27,"key":"Bottled Lightning"},{"floor":39,"key":"WingedGreaves"},{"floor":40,"key":"Darkstone Periapt"},{"floor":43,"key":"Molten Egg 2"}],"event_choices":[{"damage_healed":0.0,"max_hp_gain":0.0,"max_hp_loss":0.0,"gold_gain":0.0,"event_name":"Wheel of Change","player_choice":"Relic","floor":2.0,"gold_loss":0.0,"damage_taken":0.0},{"damage_healed":0.0,"max_hp_gain":0.0,"max_hp_loss":0.0,"gold_gain":0.0,"event_name":"Living Wall","player_choice":"Grow","floor":5.0,"gold_loss":0.0,"damage_taken":0.0,"cards_upgraded":["Perfected Strike"]},{"damage_healed":0.0,"max_hp_gain":0.0,"max_hp_loss":0.0,"gold_gain":0.0,"event_name":"Dead Adventurer","player_choice":"Searched \u00271\u0027 times","floor":12.0,"gold_loss":0.0,"damage_taken":0.0},{"damage_healed":0.0,"max_hp_gain":0.0,"max_hp_loss":0.0,"gold_gain":100.0,"event_name":"The Joust","player_choice":"Bet on Murderer","floor":19.0,"gold_loss":50.0,"damage_taken":0.0},{"damage_healed":0,"gold_gain":0,"player_choice":"Ignored","damage_taken":0,"max_hp_gain":0,"max_hp_loss":0,"event_name":"Ghosts","floor":28,"gold_loss":0},{"damage_healed":0,"gold_gain":0,"player_choice":"Obtained Relic","damage_taken":0,"relics_obtained":["Mercury Hourglass"],"max_hp_gain":0,"max_hp_loss":0,"event_name":"Addict","floor":31,"gold_loss":85},{"damage_healed":0,"gold_gain":0,"cards_transformed":["Bash"],"player_choice":"Transformed","damage_taken":0,"max_hp_gain":0,"max_hp_loss":0,"event_name":"Transmorgrifier","floor":36,"gold_loss":0,"cards_obtained":["Havoc"]},{"damage_healed":0,"gold_gain":0,"player_choice":"Embrace Madness","damage_taken":10,"max_hp_gain":0,"max_hp_loss":0,"event_name":"Winding Halls","floor":38,"gold_loss":0,"cards_obtained":["Madness","Madness"]},{"damage_healed":0,"gold_gain":0,"player_choice":"Fight","damage_taken":0,"max_hp_gain":0,"max_hp_loss":0,"event_name":"Mysterious Sphere","floor":39,"gold_loss":0},{"cards_removed":["Pommel Strike"],"damage_healed":0,"gold_gain":0,"player_choice":"Removed Attack","damage_taken":0,"max_hp_gain":0,"max_hp_loss":0,"event_name":"Falling","floor":48,"gold_loss":0}],"is_beta":true,"boss_relics":[{"not_picked":["Eternal Feather","Snecko Eye"],"picked":"Mark of Pain"},{"not_picked":["Pandora\u0027s Box","Coffee Dripper"],"picked":"Lizard Tail"}],"items_purged_floors":[37],"is_endless":false,"potions_floor_spawned":[3,11,12,14,16,20,22,24,33,40,44],"ascension_level":2}