{"gold_per_floor":[417,428,74,74,93,93,129,144,213,138,138],"floor_reached":11,"playtime":390,"items_purged":["Strike_R"],"score":146,"play_id":"20beb130-77e4-4fc3-8b54-9a8f26f1415c","local_time":"20190513183854","is_ascension_mode":true,"campfire_choices":[{"data":"Perfected Strike","floor":6.0,"key":"SMITH"}],"neow_cost":"PERCENT_DAMAGE","seed_source_timestamp":1588508351611894,"circlet_count":0,"master_deck":["AscendersBane","Strike_R","Strike_R","Strike_R","Defend_R","Defend_R","Defend_R","Defend_R","Bash","Body Slam","Flex","Perfected Strike+1","Power Through"],"special_seed":0,"relics":["Burning Blood","Old Coin","Strange Spoon","Golden Idol","StoneCalendar","Kunai"],"potions_floor_usage":[7],"damage_taken":[{"damage":15.0,"enemies":"Small Slimes","floor":1.0,"turns":5.0},{"damage":12.0,"enemies":"Jaw Worm","floor":2.0,"turns":4.0},{"damage":4.0,"enemies":"2 Louse","floor":5.0,"turns":3.0},{"damage":25,"enemies":"3 Sentries","floor":7,"turns":10},{"damage":15,"enemies":"Gremlin Gang","floor":8,"turns":6},{"damage":0,"enemies":"Lots of Slimes","floor":11,"turns":1}],"seed_played":"-6827006153921501112","potions_obtained":[{"floor":2.0,"key":"Weak Potion"}],"is_trial":false,"path_per_floor":["M","M","$","?","M","R","E","M","T","?","M"],"character_chosen":"IRONCLAD","items_purchased":["Strange Spoon","SteroidPotion"],"campfire_rested":0,"item_purchase_floors":[3,3],"current_hp_per_floor":[41,35,35,35,37,37,18,9,9,9,9],"gold":138,"neow_bonus":"ONE_RARE_RELIC","is_prod":false,"is_daily":false,"chose_seed":false,"campfire_upgraded":1,"win_rate":0,"timestamp":1557743934,"path_taken":["M","M","$","?","M","R","E","M","T","?","M"],"build_version":"2019-01-23","purchased_purges":1,"victory":false,"max_hp_per_floor":[75,75,75,68,68,68,68,68,68,68,68],"card_choices":[{"not_picked":["Sword Boomerang","Cleave"],"picked":"Body Slam","floor":1.0},{"not_picked":["Pommel Strike","Heavy Blade"],"picked":"Flex","floor":2.0},{"not_picked":["Wild Strike","Warcry"],"picked":"Perfected Strike","floor":5.0},{"not_picked":["Clothesline","Cleave"],"picked":"Power Through","floor":7},{"not_picked":["Blood for Blood","Iron Wave","Wild Strike"],"picked":"SKIP","floor":8}],"player_experience":1959209,"relics_obtained":[{"floor":7,"key":"StoneCalendar"},{"floor":9,"key":"Kunai"}],"event_choices":[{"damage_healed":0.0,"max_hp_gain":0.0,"max_hp_loss":7.0,"gold_gain":0.0,"event_name":"Golden Idol","player_choice":"Lose Max HP","floor":4.0,"gold_loss":0.0,"damage_taken":0.0,"relics_obtained":["Golden Idol"]},{"cards_removed":["Strike_R"],"damage_healed":0,"gold_gain":0,"player_choice":"Card Removal","damage_taken":0,"max_hp_gain":0,"max_hp_loss":0,"event_name":"The Cleric","floor":10,"gold_loss":75}],"is_beta":false,"boss_relics":[],"items_purged_floors":[3],"is_endless":false,"potions_floor_spawned":[2],"killed_by":"Lots of Slimes","ascension_level":20}