{"gold_per_floor":[112,112,127,144,55,87,43,43,43,43,69,69],"floor_reached":12,"playtime":384,"items_purged":[],"score":152,"play_id":"87ef41d6-0b4b-4678-a9aa-7302ab0e1c46","local_time":"20190303105901","is_ascension_mode":true,"campfire_choices":[{"data":"Rampage","floor":8,"key":"SMITH"},{"data":"Burning Pact","floor":10,"key":"SMITH"}],"neow_cost":"NONE","seed_source_timestamp":172824124424309,"circlet_count":0,"master_deck":["AscendersBane","Strike_R","Strike_R","Strike_R","Strike_R","Strike_R","Defend_R","Defend_R","Defend_R","Defend_R","Bash","Flex","Shrug It Off","Rampage+1","Feel No Pain","Burning Pact+1"],"relics":["Burning Blood","NeowsBlessing","Du-Vu Doll","Pen Nib","Unceasing Top","Ancient Tea Set"],"potions_floor_usage":[],"damage_taken":[{"damage":0,"enemies":"Small Slimes","floor":1,"turns":1},{"damage":0,"enemies":"Cultist","floor":3,"turns":1},{"damage":0,"enemies":"Jaw Worm","floor":4,"turns":1},{"damage":72,"enemies":"3 Sentries","floor":6,"turns":16},{"damage":10,"enemies":"Gremlin Gang","floor":12,"turns":1}],"seed_played":"-2000550670726529622","potions_obtained":[{"floor":1,"key":"FearPotion"},{"floor":6,"key":"FearPotion"}],"is_trial":false,"path_per_floor":["M","?","M","M","$","E","$","R","T","R","T","M"],"character_chosen":"IRONCLAD","items_purchased":["Rampage","Burning Pact"],"campfire_rested":0,"item_purchase_floors":[5,7],"current_hp_per_floor":[74,74,75,75,75,9,9,9,9,9,9,0],"gold":69,"neow_bonus":"THREE_ENEMY_KILL","is_prod":false,"is_daily":false,"chose_seed":false,"campfire_upgraded":2,"win_rate":0,"timestamp":1551581941,"path_taken":["M","?","M","?","$","E","$","R","T","R","?","?"],"build_version":"2019-01-23","purchased_purges":0,"victory":false,"max_hp_per_floor":[75,75,75,75,75,75,75,75,75,75,75,75],"card_choices":[{"not_picked":["Fire Breathing","Headbutt","Clothesline"],"picked":"SKIP","floor":1},{"not_picked":["Thunderclap","Pommel Strike"],"picked":"Flex","floor":3},{"not_picked":["Sever Soul","Twin Strike"],"picked":"Shrug It Off","floor":4},{"not_picked":["Havoc","Ghostly Armor"],"picked":"Feel No Pain","floor":6}],"player_experience":1134693,"relics_obtained":[{"floor":6,"key":"Pen Nib"},{"floor":9,"key":"Unceasing Top"},{"floor":11,"key":"Ancient Tea Set"}],"event_choices":[{"damage_healed":0,"gold_gain":0,"player_choice":"Gave Potion","damage_taken":0,"relics_obtained":["Du-Vu Doll"],"max_hp_gain":0,"max_hp_loss":0,"event_name":"WeMeetAgain","floor":2,"gold_loss":0}],"is_beta":false,"boss_relics":[],"items_purged_floors":[],"is_endless":false,"potions_floor_spawned":[1,6],"killed_by":"Gremlin Gang","ascension_level":20}