{"gold_per_floor":[113,12,12,31,49,49,80,80,160,171,200,200,200,217,217,312,312,323,343,369,394,394,394,425,435,465,476,476,5,38,50,50,50],"floor_reached":33,"playtime":1191,"items_purged":["Strike_B"],"score":398,"play_id":"403a9968-1ef1-4908-ba8b-0008cc4e7840","local_time":"20180803164148","is_ascension_mode":true,"campfire_choices":[{"data":"Zap","floor":6,"key":"SMITH"},{"floor":8,"key":"REST"},{"data":"Capacitor","floor":12,"key":"SMITH"},{"data":"Dualcast","floor":15,"key":"SMITH"},{"floor":23,"key":"REST"},{"floor":28,"key":"REST"},{"floor":32,"key":"REST"}],"neow_cost":"NONE","seed_source_timestamp":15621666952192,"circlet_count":0,"master_deck":["Strike_B","Strike_B","Defend_B","Defend_B","Defend_B","Defend_B","Zap+1","Dualcast+1","Streamline","Capacitor+1","Steam","Cold Snap","Rip and Tear","Sunder","Glacier","Conserve Battery","FTL","Echo Form","Conserve Battery+1","White Noise","Stack+1","Capacitor+1","Stack","Self Repair+1","BootSequence+1","Conserve Battery"],"relics":["Cracked Core","Boot","Letter Opener","Smiling Mask","Nuclear Battery","Red Mask","Orichalcum","Frozen Egg 2","Tiny Chest","Mummified Hand","Singing Bowl"],"potions_floor_usage":[16,19,20,20,27,30,33],"damage_taken":[{"damage":0,"enemies":"2 Louse","floor":1,"turns":3},{"damage":0,"enemies":"Small Slimes","floor":4,"turns":2},{"damage":6,"enemies":"Jaw Worm","floor":5,"turns":3},{"damage":27,"enemies":"Lagavulin","floor":7,"turns":7},{"damage":0,"enemies":"3 Louse","floor":10,"turns":2},{"damage":8,"enemies":"3 Sentries","floor":11,"turns":4},{"damage":0,"enemies":"2 Fungi Beasts","floor":14,"turns":2},{"damage":18,"enemies":"Hexaghost","floor":16,"turns":12},{"damage":20,"enemies":"2 Thieves","floor":18,"turns":3},{"damage":2,"enemies":"Chosen","floor":19,"turns":5},{"damage":4,"floor":20,"turns":5},{"damage":25,"enemies":"Book of Stabbing","floor":24,"turns":6},{"damage":10,"enemies":"Centurion and Healer","floor":25,"turns":8},{"damage":0,"enemies":"Snecko","floor":27,"turns":4},{"damage":10,"enemies":"Gremlin Leader","floor":30,"turns":6},{"damage":19,"enemies":"Cultist and Chosen","floor":31,"turns":7},{"damage":62,"enemies":"Automaton","floor":33,"turns":6}],"seed_played":"-7089458244968875873","potions_obtained":[{"floor":5,"key":"Swift Potion"},{"floor":11,"key":"FearPotion"},{"floor":16,"key":"Block Potion"},{"floor":24,"key":"Poison Potion"},{"floor":25,"key":"SteroidPotion"},{"floor":27,"key":"Poison Potion"},{"floor":30,"key":"LiquidBronze"}],"is_trial":false,"path_per_floor":["M","$","?","M","M","R","E","R","T","M","E","R","?","M","R","B",null,"M","M","?","T","?","R","E","M","T","M","R","$","E","M","R"],"character_chosen":"DEFECT","items_purchased":["Capacitor","Steam","Mummified Hand","PowerPotion","PowerPotion","Self Repair+1"],"campfire_rested":4,"item_purchase_floors":[2,2,29,29,29,29],"current_hp_per_floor":[68,68,68,68,62,62,35,57,57,57,49,49,42,42,42,24,62,42,40,36,36,36,58,33,23,23,23,45,45,45,36,58,0],"gold":50,"neow_bonus":"THREE_SMALL_POTIONS","is_prod":false,"is_daily":false,"chose_seed":false,"campfire_upgraded":3,"win_rate":0,"timestamp":1533325308,"path_taken":["M","$","?","M","M","R","E","R","T","M","E","R","?","M","R","BOSS","M","M","?","?","?","R","E","M","T","M","R","$","E","M","R","BOSS"],"build_version":"2018-07-12","purchased_purges":1,"victory":false,"max_hp_per_floor":[75,75,75,75,75,75,75,75,75,75,75,75,75,75,75,75,75,75,75,75,75,75,75,75,75,75,75,75,75,75,75,75,75],"card_choices":[{"not_picked":["Turbo","Coolheaded"],"picked":"Streamline","floor":1},{"not_picked":["Beam Cell","Loop"],"picked":"Cold Snap","floor":4},{"not_picked":["Heatsinks","Scrape"],"picked":"Rip and Tear","floor":5},{"not_picked":["Skim","Rebound"],"picked":"Sunder","floor":7},{"not_picked":["Go for the Eyes","Streamline"],"picked":"Glacier","floor":10},{"not_picked":["Sweeping Beam","Force Field"],"picked":"Conserve Battery","floor":11},{"not_picked":["Sunder","Barrage"],"picked":"FTL","floor":14},{"not_picked":["All For One","Core Surge"],"picked":"Echo Form","floor":16},{"not_picked":["Go for the Eyes","Gash"],"picked":"Conserve Battery+1","floor":18},{"not_picked":["Rip and Tear+1","Stack"],"picked":"White Noise","floor":19},{"not_picked":["Cold Snap","Conserve Battery"],"picked":"Stack+1","floor":20},{"not_picked":["Sweeping Beam","Sunder","Chaos"],"picked":"SKIP","floor":24},{"not_picked":["Sweeping Beam","Sunder","Chaos"],"picked":"SKIP","floor":24},{"not_picked":["Sweeping Beam","Coolheaded"],"picked":"Capacitor+1","floor":25},{"not_picked":["Recycle","Sweeping Beam"],"picked":"Stack","floor":27},{"not_picked":["Redo","Beam Cell"],"picked":"BootSequence+1","floor":30},{"not_picked":["Coolheaded","Melter+1"],"picked":"Conserve Battery","floor":31}],"player_experience":443975,"relics_obtained":[{"floor":7,"key":"Boot"},{"floor":9,"key":"Letter Opener"},{"floor":11,"key":"Smiling Mask"},{"floor":20,"key":"Red Mask"},{"floor":21,"key":"Orichalcum"},{"floor":24,"key":"Frozen Egg 2"},{"floor":26,"key":"Tiny Chest"},{"floor":30,"key":"Singing Bowl"}],"event_choices":[{"event_name":"The Cleric","player_choice":"Leave","floor":3,"damage_taken":0},{"event_name":"Golden Wing","player_choice":"Card Removal","floor":13,"damage_taken":0},{"event_name":"Masked Bandits","player_choice":"Fought over 343 gold","floor":20,"damage_taken":0},{"event_name":"Drug Dealer","player_choice":"Ignored","floor":22,"damage_taken":0}],"boss_relics":[{"not_picked":["Inserter","Astrolabe"],"picked":"Nuclear Battery"}],"items_purged_floors":[29],"is_endless":false,"potions_floor_spawned":[5,11,14,16,24,25,27,30],"killed_by":"Automaton","ascension_level":7}