{"gold_per_floor":[10,22,40,56,56,56,231,280,280,313,313,339,339,360,360,461,461,473,473,473,488,505,505,533,545,575,608,178,178,178,209,209,311,311,330,341,356,456,505,531,551,249,249,263,292,292,324,54,54,54],"floor_reached":51,"playtime":3631,"items_purged":["Doubt"],"score":1240,"play_id":"b4d9a55a-183e-40eb-92a6-1b3e112e1a65","local_time":"20190511135906","is_ascension_mode":true,"campfire_choices":[{"data":"Buffer","floor":6,"key":"SMITH"},{"data":"Zap","floor":11,"key":"SMITH"},{"data":"Recycle","floor":13,"key":"SMITH"},{"floor":15,"key":"REST"},{"floor":23,"key":"REST"},{"floor":29,"key":"REST"},{"floor":32,"key":"REST"},{"data":"Hyperbeam","floor":46,"key":"SMITH"},{"floor":49,"key":"REST"}],"neow_cost":"NO_GOLD","seed_source_timestamp":572071275647300,"circlet_count":0,"master_deck":["Strike_B","Strike_B","Strike_B","Defend_B","Defend_B","Defend_B","Zap+1","Dualcast","Hologram","Scrape","Barrage+1","Buffer+1","Go for the Eyes+1","Ball Lightning","Cold Snap","Recycle+1","Conserve Battery","Echo Form","Necronomicurse","BootSequence+1","Go for the Eyes+1","Machine Learning","Redo+1","Deep Breath+1","Glacier+1","Auto Shields+1","Capacitor+1","All For One","BootSequence+1","Gash","Sunder","Beam Cell","Turbo+1","Hyperbeam+1","Gash","Stack+1"],"relics":["Cracked Core","Dream Catcher","PreservedInsect","Oddly Smooth Stone","Vajra","Bag of Preparation","Odd Mushroom","Black Star","Necronomicon","Toxic Egg 2","Sundial","Tiny Chest","Art of War","Omamori","Frozen Egg 2","Ornamental Fan","Whetstone","Sozu","Incense Burner","Pocketwatch","Potion Belt","Pen Nib","Mango","Shuriken","Strawberry","Gremlin Horn","Thread and Needle","FossilizedHelix","Bottled Flame"],"potions_floor_usage":[14,16,16,24,27,27,33,39],"damage_taken":[{"damage":0,"enemies":"Cultist","floor":1,"turns":3},{"damage":0,"enemies":"Jaw Worm","floor":2,"turns":3},{"damage":6,"enemies":"2 Louse","floor":3,"turns":4},{"damage":0,"enemies":"Blue Slaver","floor":4,"turns":5},{"damage":0,"enemies":"Lagavulin","floor":10,"turns":5},{"damage":12,"enemies":"Gremlin Nob","floor":12,"turns":3},{"damage":10,"enemies":"The Mushroom Lair","floor":14,"turns":4},{"damage":10,"enemies":"Hexaghost","floor":16,"turns":9},{"damage":0,"enemies":"Chosen","floor":18,"turns":7},{"damage":10,"enemies":"2 Thieves","floor":21,"turns":5},{"damage":1,"enemies":"Snecko","floor":22,"turns":5},{"damage":9,"enemies":"Slavers","floor":24,"turns":5},{"damage":9,"enemies":"Centurion and Healer","floor":25,"turns":6},{"damage":14,"enemies":"Gremlin Leader","floor":27,"turns":6},{"damage":33,"enemies":"Slavers","floor":31,"turns":6},{"damage":10,"enemies":"Automaton","floor":33,"turns":11},{"damage":0,"enemies":"Orb Walker","floor":35,"turns":3},{"damage":17,"enemies":"3 Darklings","floor":36,"turns":6},{"damage":0,"enemies":"Sphere and 2 Shapes","floor":37,"turns":8},{"damage":0,"enemies":"Mind Bloom Boss Battle","floor":38,"turns":4},{"damage":18,"enemies":"2 Orb Walkers","floor":39,"turns":5},{"damage":0,"enemies":"Giant Head","floor":40,"turns":5},{"damage":0,"enemies":"Transient","floor":41,"turns":5},{"damage":0,"enemies":"Spire Growth","floor":44,"turns":3},{"damage":14,"enemies":"Reptomancer","floor":45,"turns":6},{"damage":0,"enemies":"Giant Head","floor":47,"turns":5},{"damage":36,"enemies":"Donu and Deca","floor":50,"turns":5}],"seed_played":"629720386076126786","potions_obtained":[{"floor":3,"key":"Weak Potion"},{"floor":4,"key":"Block Potion"},{"floor":14,"key":"PowerPotion"},{"floor":16,"key":"Fire Potion"},{"floor":21,"key":"Swift Potion"},{"floor":24,"key":"SteroidPotion"},{"floor":31,"key":"FocusPotion"},{"floor":33,"key":"Regen Potion"}],"is_trial":false,"path_per_floor":["M","M","M","M","?","R","?","T","T","E","R","E","R","?","R","B",null,"M","?","?","M","M","R","E","M","T","E","$","R","?","E","R","B",null,"M","M","M","?","?","E","M","$","T","M","E","R","E","$","R","B",null],"character_chosen":"DEFECT","items_purchased":["Frozen Egg 2","Deep Breath+1","Mango","Bottled Flame","Gash"],"campfire_rested":5,"item_purchase_floors":[28,28,42,48,48],"current_hp_per_floor":[68,68,62,62,59,59,59,59,59,59,59,47,47,37,59,49,69,69,69,53,43,42,64,55,46,46,32,32,54,75,42,64,54,70,70,53,53,53,49,49,49,63,63,63,56,56,56,56,84,48],"gold":54,"neow_bonus":"TRANSFORM_TWO_CARDS","is_prod":false,"is_daily":false,"chose_seed":false,"campfire_upgraded":4,"win_rate":0,"timestamp":1557579546,"path_taken":["M","M","?","M","?","R","?","?","T","E","R","E","R","?","R","BOSS","M","?","?","M","M","R","E","M","T","E","$","R","?","E","R","BOSS","M","M","M","?","?","E","M","$","T","?","E","R","E","$","R","BOSS"],"build_version":"2019-01-23","purchased_purges":1,"victory":true,"max_hp_per_floor":[75,75,75,75,75,75,75,75,75,75,75,75,75,75,75,75,75,75,75,75,75,75,75,75,75,75,75,75,75,75,75,75,75,75,75,75,75,75,75,75,75,89,89,89,96,96,96,96,96,96],"card_choices":[{"not_picked":["Leap","Static Discharge"],"picked":"Barrage","floor":1},{"not_picked":["Hologram","Steam"],"picked":"Buffer","floor":2},{"not_picked":["Redo","Compile Driver"],"picked":"Go for the Eyes","floor":3},{"not_picked":["Gash","Conserve Battery"],"picked":"Ball Lightning","floor":4},{"not_picked":["Rip and Tear","Streamline"],"picked":"Cold Snap","floor":10},{"not_picked":["Hyperbeam","Darkness"],"picked":"Recycle","floor":12},{"not_picked":["Cold Snap","Leap"],"picked":"Conserve Battery","floor":14},{"not_picked":["Buffer","Fission"],"picked":"Echo Form","floor":16},{"not_picked":["Barrage","Leap","Tempest"],"picked":"SKIP","floor":18},{"not_picked":["Force Field","Rebound+1"],"picked":"BootSequence+1","floor":21},{"not_picked":["Sweeping Beam","Beam Cell"],"picked":"Go for the Eyes+1","floor":22},{"not_picked":["Leap","Barrage+1"],"picked":"Machine Learning","floor":24},{"not_picked":["Barrage","Compile Driver"],"picked":"Redo+1","floor":25},{"not_picked":["Recycle+1","Compile Driver+1","Rebound"],"picked":"SKIP","floor":27},{"not_picked":["Streamline+1","Tempest+1"],"picked":"Glacier+1","floor":29},{"not_picked":["Force Field+1","Hello World+1"],"picked":"Auto Shields+1","floor":31},{"not_picked":["Go for the Eyes","Hologram+1"],"picked":"Capacitor+1","floor":32},{"not_picked":["Hyperbeam","Amplify+1"],"picked":"All For One","floor":33},{"not_picked":["Static Discharge+1","Go for the Eyes+1","Compile Driver"],"picked":"SKIP","floor":35},{"not_picked":["Steam+1","Streamline"],"picked":"BootSequence+1","floor":36},{"not_picked":["Coolheaded+1","Hologram+1"],"picked":"Gash","floor":37},{"not_picked":["Stack+1","Blizzard+1"],"picked":"Sunder","floor":38},{"not_picked":["Coolheaded+1","Storm+1"],"picked":"Beam Cell","floor":39},{"not_picked":["Leap+1","Barrage","Streamline+1"],"picked":"SKIP","floor":40},{"not_picked":["Leap+1","Beam Cell","Ball Lightning"],"picked":"SKIP","floor":41},{"not_picked":["Reprogram+1","Beam Cell"],"picked":"Turbo+1","floor":44},{"not_picked":["Steam Power+1","Capacitor+1"],"picked":"Hyperbeam","floor":45},{"not_picked":["Rebound+1","Cold Snap","Force Field+1"],"picked":"SKIP","floor":47},{"not_picked":["Scrape","Steam+1"],"picked":"Stack+1","floor":49}],"player_experience":523252,"relics_obtained":[{"floor":8,"key":"PreservedInsect"},{"floor":9,"key":"Oddly Smooth Stone"},{"floor":10,"key":"Vajra"},{"floor":12,"key":"Bag of Preparation"},{"floor":14,"key":"Odd Mushroom"},{"floor":20,"key":"Necronomicon"},{"floor":24,"key":"Toxic Egg 2"},{"floor":24,"key":"Sundial"},{"floor":26,"key":"Tiny Chest"},{"floor":27,"key":"Art of War"},{"floor":27,"key":"Omamori"},{"floor":31,"key":"Ornamental Fan"},{"floor":31,"key":"Whetstone"},{"floor":38,"key":"Incense Burner"},{"floor":39,"key":"Pocketwatch"},{"floor":40,"key":"Potion Belt"},{"floor":40,"key":"Pen Nib"},{"floor":43,"key":"Shuriken"},{"floor":45,"key":"Strawberry"},{"floor":45,"key":"Gremlin Horn"},{"floor":47,"key":"Thread and Needle"},{"floor":47,"key":"FossilizedHelix"}],"event_choices":[{"damage_healed":0,"gold_gain":0,"player_choice":"Success","damage_taken":3,"relics_obtained":["Dream Catcher"],"max_hp_gain":0,"max_hp_loss":0,"event_name":"Scrap Ooze","floor":5,"gold_loss":0},{"damage_healed":0,"gold_gain":175,"player_choice":"AGREE","damage_taken":0,"max_hp_gain":0,"max_hp_loss":0,"event_name":"Liars Game","floor":7,"gold_loss":0,"cards_obtained":["Doubt"]},{"damage_healed":0,"gold_gain":0,"player_choice":"Fought Mushrooms","damage_taken":0,"max_hp_gain":0,"max_hp_loss":0,"event_name":"Mushrooms","floor":14,"gold_loss":0},{"damage_healed":0,"gold_gain":0,"player_choice":"Ignored","damage_taken":0,"max_hp_gain":0,"max_hp_loss":0,"event_name":"Ghosts","floor":19,"gold_loss":0},{"damage_healed":0,"gold_gain":0,"player_choice":"Obtained Book","damage_taken":16,"max_hp_gain":0,"max_hp_loss":0,"event_name":"Cursed Tome","floor":20,"gold_loss":0},{"damage_healed":25,"gold_gain":0,"player_choice":"Heal","damage_taken":0,"max_hp_gain":0,"max_hp_loss":0,"event_name":"The Library","floor":30,"gold_loss":0},{"damage_healed":0,"gold_gain":0,"player_choice":"Fight","damage_taken":0,"max_hp_gain":0,"max_hp_loss":0,"event_name":"MindBloom","floor":38,"gold_loss":0},{"damage_healed":0,"gold_gain":0,"player_choice":"Fight","damage_taken":0,"max_hp_gain":0,"max_hp_loss":0,"event_name":"Mysterious Sphere","floor":39,"gold_loss":0}],"is_beta":false,"boss_relics":[{"not_picked":["Nuclear Battery","FrozenCore"],"picked":"Black Star"},{"not_picked":["Orrery","Calling Bell"],"picked":"Sozu"}],"items_purged_floors":[28],"is_endless":false,"potions_floor_spawned":[3,4,14,16,21,24,31,33,35,37,40,41,44],"ascension_level":7}