{"gold_per_floor":[116,134,154,79,79,79,112,130,130,90,90,124,142,171,171,247,247,258,258,57,73,91,91,122,122,122,157,168,178,178,178,178,250,250,263,274,274,286,304,304,329,329,375,409,441,463,475,5,5,5,5,5,5,5,39,39],"floor_reached":56,"playtime":2883,"items_purged":["Strike_R","Strike_R","Strike_R"],"score":2684,"play_id":"d69f6eaf-0dd0-4316-a626-8e34481f73c4","local_time":"20190301165155","is_ascension_mode":true,"campfire_choices":[{"data":"Armaments","floor":6.0,"key":"SMITH"},{"data":"True Grit","floor":15.0,"key":"SMITH"},{"data":"Body Slam","floor":23.0,"key":"SMITH"},{"data":"Shockwave","floor":30.0,"key":"SMITH"},{"data":"Exhume","floor":32.0,"key":"SMITH"},{"data":"Dual Wield","floor":40.0,"key":"SMITH"},{"data":"Offering","floor":42.0,"key":"SMITH"},{"floor":49.0,"key":"RECALL"},{"data":"Second Wind","floor":53.0,"key":"SMITH"}],"neow_cost":"NONE","seed_source_timestamp":0,"circlet_count":0,"master_deck":["AscendersBane","Defend_R","Defend_R","Defend_R","Defend_R","Bash","Armaments+1","Shockwave+1","True Grit+1","Second Wind+1","Body Slam+1","Shrug It Off","Exhume+1","Impervious","PanicButton","Warcry+1","Inflame+1","Demon Form+1","Sword Boomerang+1","Dual Wield+1","Offering+1","Pummel","Dark Embrace+1","Havoc","Immolate"],"special_seed":0,"relics":["Burning Blood","Matryoshka","Juzu Bracelet","StoneCalendar","Frozen Egg 2","Dream Catcher","Red Skull","Runic Cube","Boot","Strawberry","Bag of Preparation","Ancient Tea Set","Coffee Dripper","Bird Faced Urn","Smiling Mask","MawBank","Potion Belt","Bottled Flame"],"potions_floor_usage":[],"damage_taken":[{"damage":7.0,"enemies":"Cultist","floor":1.0,"turns":4.0},{"damage":5.0,"enemies":"2 Louse","floor":2.0,"turns":4.0},{"damage":7.0,"enemies":"Jaw Worm","floor":3.0,"turns":5.0},{"damage":40.0,"enemies":"Gremlin Nob","floor":7.0,"turns":6.0},{"damage":9.0,"enemies":"Red Slaver","floor":8.0,"turns":5.0},{"damage":6.0,"enemies":"Looter","floor":10.0,"turns":4.0},{"damage":21.0,"enemies":"3 Sentries","floor":12.0,"turns":7.0},{"damage":10.0,"enemies":"Large Slime","floor":13.0,"turns":7.0},{"damage":0.0,"enemies":"Lagavulin","floor":14.0,"turns":7.0},{"damage":0.0,"enemies":"The Guardian","floor":16.0,"turns":11.0},{"damage":23.0,"enemies":"Spheric Guardian","floor":18.0,"turns":8.0},{"damage":9.0,"enemies":"Shell Parasite","floor":21.0,"turns":7.0},{"damage":7.0,"enemies":"Shelled Parasite and Fungi","floor":22.0,"turns":9.0},{"damage":13.0,"enemies":"Book of Stabbing","floor":24.0,"turns":7.0},{"damage":17.0,"enemies":"Gremlin Leader","floor":27.0,"turns":9.0},{"damage":5.0,"enemies":"Centurion and Healer","floor":28.0,"turns":7.0},{"damage":2.0,"enemies":"Snake Plant","floor":29.0,"turns":5.0},{"damage":0.0,"enemies":"Colosseum Slavers","floor":31.0,"turns":7.0},{"damage":2.0,"enemies":"Champ","floor":33.0,"turns":13.0},{"damage":1.0,"enemies":"Orb Walker","floor":35.0,"turns":5.0},{"damage":0.0,"enemies":"3 Shapes","floor":36.0,"turns":5.0},{"damage":21.0,"enemies":"Jaw Worm Horde","floor":38.0,"turns":6.0},{"damage":6.0,"enemies":"4 Shapes","floor":39.0,"turns":7.0},{"damage":16.0,"enemies":"Giant Head","floor":41.0,"turns":4.0},{"damage":12.0,"enemies":"Nemesis","floor":44.0,"turns":3.0},{"damage":19.0,"enemies":"Writhing Mass","floor":45.0,"turns":4.0},{"damage":20.0,"enemies":"Spire Growth","floor":46.0,"turns":3.0},{"damage":28.0,"enemies":"Donu and Deca","floor":50.0,"turns":5.0},{"damage":54.0,"enemies":"Awakened One","floor":51.0,"turns":8.0},{"damage":0.0,"enemies":"Shield and Spear","floor":55.0,"turns":6.0},{"damage":69,"enemies":"The Heart","floor":56,"turns":2}],"seed_played":"736083191280425512","potions_obtained":[{"floor":2.0,"key":"Ancient Potion"},{"floor":7.0,"key":"Weak Potion"},{"floor":8.0,"key":"Poison Potion"},{"floor":12.0,"key":"SkillPotion"},{"floor":18.0,"key":"Poison Potion"},{"floor":22.0,"key":"AttackPotion"},{"floor":29.0,"key":"Weak Potion"},{"floor":35.0,"key":"SteroidPotion"},{"floor":36.0,"key":"SpeedPotion"},{"floor":41.0,"key":"FearPotion"},{"floor":45.0,"key":"EntropicBrew"},{"floor":55.0,"key":"Dexterity Potion"}],"is_trial":false,"path_per_floor":["M","M","M","$","?","R","E","M","T","M","?","E","M","E","R","B",null,"M","?","$","M","M","R","E","T","T","E","M","M","R","?","R","B",null,"M","M","?","M","M","R","E","R","T","E","M","M","?","$","R","B","B",null,"R","$","E","B"],"character_chosen":"IRONCLAD","items_purchased":["PanicButton","Dark Embrace+1","Potion Belt","BloodPotion","Havoc","Strength Potion"],"campfire_rested":0,"item_purchase_floors":[20,48,48,48,48,48],"current_hp_per_floor":[67,68,67,67,75,75,41,38,38,38,38,23,19,25,25,31,64,47,47,47,44,43,43,36,43,43,32,33,37,37,43,43,47,73,78,82,82,67,67,67,57,57,57,53,44,36,67,67,67,49,28,57,57,57,67,0],"gold":39,"neow_bonus":"TRANSFORM_CARD","is_prod":false,"is_daily":false,"chose_seed":false,"campfire_upgraded":8,"win_rate":0,"timestamp":1551430315,"path_taken":["M","M","?","?","?","R","E","M","T","M","?","E","M","E","R","BOSS","M","?","$","M","M","R","E","?","T","E","M","M","R","?","R","BOSS","M","M","?","M","M","R","E","R","T","E","M","M","?","$","R","BOSS","BOSS","R","$","E","BOSS"],"build_version":"2019-01-23","purchased_purges":3,"victory":false,"max_hp_per_floor":[75,75,75,75,75,75,75,75,75,75,75,75,75,75,75,75,75,75,75,75,75,75,75,75,82,82,82,82,82,82,82,82,82,82,82,82,82,82,82,82,82,82,82,82,82,82,67,67,67,67,67,67,67,67,67,67],"card_choices":[{"not_picked":["Warcry","Clash"],"picked":"Shockwave","floor":1.0},{"not_picked":["Iron Wave","Headbutt","Cleave"],"picked":"SKIP","floor":2.0},{"not_picked":["Metallicize","Spot Weakness"],"picked":"True Grit","floor":3.0},{"not_picked":["Heavy Blade","Pommel Strike"],"picked":"Second Wind","floor":7.0},{"not_picked":["Combust","Havoc","Pummel"],"picked":"SKIP","floor":8.0},{"not_picked":["Thunderclap","Anger","Twin Strike"],"picked":"SKIP","floor":10.0},{"not_picked":["Pommel Strike","Disarm"],"picked":"Body Slam","floor":12.0},{"not_picked":["Pommel Strike","Warcry"],"picked":"Shrug It Off","floor":13.0},{"not_picked":["Metallicize+1","Exhume","Iron Wave"],"picked":"SKIP","floor":14.0},{"not_picked":["Metallicize+1","Iron Wave"],"picked":"Exhume","floor":14.0},{"not_picked":["Fiend Fire","Bludgeon"],"picked":"Impervious","floor":16.0},{"not_picked":["Twin Strike","Thunderclap","Heavy Blade+1"],"picked":"SKIP","floor":18.0},{"not_picked":["Headbutt","Sword Boomerang"],"picked":"Warcry+1","floor":21.0},{"not_picked":["Sword Boomerang","Perfected Strike","Body Slam+1"],"picked":"SKIP","floor":22.0},{"not_picked":["Armaments","Second Wind"],"picked":"Inflame+1","floor":24.0},{"not_picked":["Clash","Armaments","Corruption+1"],"picked":"SKIP","floor":27.0},{"not_picked":["Flex","Metallicize+1","Pommel Strike"],"picked":"SKIP","floor":28.0},{"not_picked":["Bloodletting","Shrug It Off"],"picked":"Demon Form+1","floor":29.0},{"not_picked":["Flex","Wild Strike+1","Havoc"],"picked":"SKIP","floor":35.0},{"not_picked":["Perfected Strike","Armaments"],"picked":"Sword Boomerang+1","floor":36.0},{"not_picked":["Iron Wave","Wild Strike+1","Dual Wield"],"picked":"SKIP","floor":38.0},{"not_picked":["Iron Wave","Wild Strike+1"],"picked":"Dual Wield","floor":38.0},{"not_picked":["Havoc+1","Clothesline"],"picked":"Offering","floor":39.0},{"not_picked":["Bloodletting","Wild Strike","Clash+1"],"picked":"SKIP","floor":41.0},{"not_picked":["Clash+1","Sword Boomerang","Havoc+1"],"picked":"SKIP","floor":44.0},{"not_picked":["Headbutt","Armaments"],"picked":"Pummel","floor":45.0},{"not_picked":["Searing Blow","Warcry","Uppercut+1"],"picked":"SKIP","floor":46.0},{"not_picked":["Reckless Charge","Cleave"],"picked":"Immolate","floor":55.0}],"player_experience":1122790,"relics_obtained":[{"floor":7.0,"key":"Matryoshka"},{"floor":9.0,"key":"Juzu Bracelet"},{"floor":9.0,"key":"StoneCalendar"},{"floor":12.0,"key":"Dream Catcher"},{"floor":14.0,"key":"Red Skull"},{"floor":24.0,"key":"Boot"},{"floor":25.0,"key":"Strawberry"},{"floor":26.0,"key":"Bag of Preparation"},{"floor":27.0,"key":"Ancient Tea Set"},{"floor":41.0,"key":"Bird Faced Urn"},{"floor":43.0,"key":"Smiling Mask"},{"floor":44.0,"key":"MawBank"},{"floor":55.0,"key":"Bottled Flame"}],"event_choices":[{"damage_healed":8.0,"max_hp_gain":0.0,"max_hp_loss":0.0,"gold_gain":0.0,"event_name":"Wheel of Change","player_choice":"Full Heal","floor":5.0,"gold_loss":0.0,"damage_taken":0.0},{"damage_healed":0.0,"max_hp_gain":0.0,"max_hp_loss":0.0,"gold_gain":0.0,"event_name":"Dead Adventurer","player_choice":"Searched \u00271\u0027 times","floor":11.0,"gold_loss":0.0,"damage_taken":0.0,"relics_obtained":["Frozen Egg 2"]},{"cards_removed":["Strike_R"],"damage_healed":0.0,"max_hp_gain":0.0,"max_hp_loss":0.0,"gold_gain":0.0,"event_name":"Bonfire Elementals","player_choice":"Offered Basic","floor":19.0,"gold_loss":0.0,"damage_taken":0.0},{"damage_healed":0.0,"max_hp_gain":0.0,"max_hp_loss":0.0,"gold_gain":0.0,"event_name":"Colosseum","player_choice":"Fight","floor":31.0,"gold_loss":0.0,"damage_taken":0.0},{"damage_healed":0.0,"max_hp_gain":0.0,"max_hp_loss":0.0,"gold_gain":0.0,"event_name":"Colosseum","player_choice":"Fled From Nobs","floor":31.0,"gold_loss":0.0,"damage_taken":0.0},{"damage_healed":0.0,"max_hp_gain":0.0,"max_hp_loss":0.0,"gold_gain":0.0,"event_name":"Mysterious Sphere","player_choice":"Ignored","floor":37.0,"gold_loss":0.0,"damage_taken":0.0},{"damage_healed":67.0,"max_hp_gain":0.0,"max_hp_loss":15.0,"gold_gain":0.0,"event_name":"The Moai Head","player_choice":"Heal","floor":47.0,"gold_loss":0.0,"damage_taken":0.0}],"is_beta":false,"boss_relics":[{"not_picked":["Busted Crown","Astrolabe"],"picked":"Runic Cube"},{"not_picked":["Black Star","Tiny House"],"picked":"Coffee Dripper"}],"items_purged_floors":[4,20,48],"is_endless":false,"potions_floor_spawned":[2,7,8,12,18,22,29,33,35,36,41,45,55],"killed_by":"The Heart","ascension_level":20}