{"gold_per_floor":[110,128,128,147,40,40,50,67,90,90,104,104,133,133,133,133],"floor_reached":16,"playtime":537,"items_purged":[],"score":204,"play_id":"c8486023-cd45-4802-8a82-06e96151722f","local_time":"20190307200854","is_ascension_mode":true,"campfire_choices":[{"data":"Discovery","floor":6.0,"key":"SMITH"},{"data":"Armaments","floor":12,"key":"SMITH"},{"data":"Rampage","floor":15,"key":"SMITH"}],"neow_cost":"NONE","seed_source_timestamp":551183439096877,"circlet_count":0,"master_deck":["AscendersBane","Strike_R","Strike_R","Strike_R","Defend_R","Defend_R","Defend_R","Defend_R","Bash","Barricade+1","Body Slam","Flame Barrier","Armaments+1","Discovery+1","Rampage+1","Inflame"],"special_seed":0,"relics":["Burning Blood","Pen Nib","Happy Flower"],"potions_floor_usage":[13,16],"damage_taken":[{"damage":7.0,"enemies":"Cultist","floor":1.0,"turns":4.0},{"damage":9.0,"enemies":"Small Slimes","floor":2.0,"turns":4.0},{"damage":7.0,"enemies":"Jaw Worm","floor":4.0,"turns":4.0},{"damage":16.0,"enemies":"Lots of Slimes","floor":7.0,"turns":5.0},{"damage":20.0,"enemies":"Exordium Wildlife","floor":8.0,"turns":8.0},{"damage":11,"enemies":"Blue Slaver","floor":11,"turns":6},{"damage":20,"enemies":"3 Sentries","floor":13,"turns":8},{"damage":14,"enemies":"Hexaghost","floor":16,"turns":4}],"seed_played":"-4267383155776885271","potions_obtained":[{"floor":7.0,"key":"LiquidBronze"},{"floor":8.0,"key":"Explosive Potion"},{"floor":13,"key":"Ancient Potion"}],"is_trial":false,"path_per_floor":["M","M","?","M","$","R","M","M","T","?","M","R","E","?","R","B"],"character_chosen":"IRONCLAD","items_purchased":["Discovery"],"campfire_rested":0,"item_purchase_floors":[5],"current_hp_per_floor":[67,64,64,63,63,63,53,39,39,39,34,34,20,13,13,0],"gold":133,"neow_bonus":"TRANSFORM_CARD","is_prod":false,"is_daily":false,"chose_seed":false,"campfire_upgraded":3,"win_rate":0,"timestamp":1551960534,"path_taken":["M","?","?","M","$","R","M","?","T","?","M","R","E","?","R","BOSS"],"build_version":"2019-01-23","purchased_purges":0,"victory":false,"max_hp_per_floor":[75,75,75,75,75,75,75,75,75,75,75,75,75,75,75,75],"card_choices":[{"not_picked":["Clothesline","Iron Wave"],"picked":"Body Slam","floor":1.0},{"not_picked":["Anger","Flex"],"picked":"Flame Barrier","floor":2.0},{"not_picked":["Clothesline","Perfected Strike"],"picked":"Armaments","floor":4.0},{"not_picked":["Fire Breathing","Sever Soul","Anger"],"picked":"SKIP","floor":7.0},{"not_picked":["Shockwave","Body Slam"],"picked":"Rampage","floor":8.0},{"not_picked":["Warcry","Dropkick","Thunderclap"],"picked":"SKIP","floor":11},{"not_picked":["Spot Weakness","Berserk"],"picked":"Inflame","floor":13}],"player_experience":1181084,"relics_obtained":[{"floor":9.0,"key":"Pen Nib"},{"floor":13,"key":"Happy Flower"}],"event_choices":[{"damage_healed":0.0,"max_hp_gain":0.0,"max_hp_loss":0.0,"gold_gain":0.0,"event_name":"Upgrade Shrine","player_choice":"Upgraded","floor":3.0,"gold_loss":0.0,"damage_taken":0.0,"cards_upgraded":["Barricade"]},{"damage_healed":0.0,"max_hp_gain":0.0,"max_hp_loss":0.0,"gold_gain":0.0,"event_name":"Liars Game","player_choice":"Ignored","floor":10.0,"gold_loss":0.0,"damage_taken":0.0},{"cards_removed":["Strike_R"],"damage_healed":0,"gold_gain":0,"player_choice":"Card Removal","damage_taken":7,"max_hp_gain":0,"max_hp_loss":0,"event_name":"Golden Wing","floor":14,"gold_loss":0}],"is_beta":false,"boss_relics":[],"items_purged_floors":[],"is_endless":false,"potions_floor_spawned":[7,8,13],"killed_by":"Hexaghost","ascension_level":20}