{"gold_per_floor":[114,7,7,18,18,53,53,81,81,96,156,156,156,170,170,170],"floor_reached":16,"playtime":302,"items_purged":[],"score":286,"play_id":"51c5c75f-176b-4f4d-bd96-223611feef07","local_time":"20190215200908","is_ascension_mode":true,"campfire_choices":[{"data":"Bash","floor":7.0,"key":"SMITH"},{"data":"Flex","floor":13.0,"key":"SMITH"},{"data":"Deep Breath","floor":15,"key":"SMITH"}],"neow_cost":"NONE","seed_source_timestamp":2695504019469424,"circlet_count":0,"master_deck":["AscendersBane","Strike_R","Strike_R","Strike_R","Strike_R","Defend_R","Defend_R","Defend_R","Defend_R","Bash+1","Deep Breath+1","Second Wind","Flex+1"],"special_seed":0,"relics":["Burning Blood","NeowsBlessing","Dodecahedron","Regal Pillow","Strawberry","Bag of Marbles","Tiny Chest"],"potions_floor_usage":[14,16],"damage_taken":[{"damage":0.0,"enemies":"Cultist","floor":1.0,"turns":1.0},{"damage":0.0,"enemies":"Small Slimes","floor":4.0,"turns":1.0},{"damage":0.0,"enemies":"Lagavulin","floor":6.0,"turns":1.0},{"damage":44.0,"enemies":"Gremlin Nob","floor":8.0,"turns":5.0},{"damage":0.0,"enemies":"2 Louse","floor":10.0,"turns":3.0},{"damage":35.0,"enemies":"3 Sentries","floor":11.0,"turns":10.0},{"damage":1,"enemies":"2 Fungi Beasts","floor":14,"turns":3},{"damage":0,"enemies":"Hexaghost","floor":16,"turns":2}],"seed_played":"-5885449482535055729","potions_obtained":[{"floor":1.0,"key":"SneckoOil"},{"floor":4.0,"key":"Block Potion"},{"floor":10.0,"key":"Explosive Potion"},{"floor":11.0,"key":"AttackPotion"},{"floor":14,"key":"Poison Potion"}],"is_trial":false,"path_per_floor":["M","$","?","M","?","E","R","E","T","M","E","?","R","M","R","B"],"character_chosen":"IRONCLAD","items_purchased":["Deep Breath"],"campfire_rested":0,"item_purchase_floors":[2],"current_hp_per_floor":[74,74,56,62,55,61,61,30,30,36,7,7,7,12,12,12],"gold":170,"neow_bonus":"THREE_ENEMY_KILL","is_prod":false,"is_daily":false,"chose_seed":false,"campfire_upgraded":3,"win_rate":0,"timestamp":1550232548,"path_taken":["M","?","?","M","?","E","R","E","T","M","E","?","R","M","R","BOSS"],"build_version":"2019-01-23","purchased_purges":0,"victory":false,"max_hp_per_floor":[75,75,75,75,75,75,75,82,82,82,82,82,82,82,82,82],"card_choices":[{"not_picked":["Sword Boomerang","Havoc","Blood for Blood"],"picked":"SKIP","floor":1.0},{"not_picked":["Heavy Blade","Corruption","Entrench"],"picked":"SKIP","floor":4.0},{"not_picked":["Warcry","Rupture","Sentinel"],"picked":"SKIP","floor":6.0},{"not_picked":["Pummel","Fire Breathing","Uppercut"],"picked":"SKIP","floor":8.0},{"not_picked":["Whirlwind","Heavy Blade"],"picked":"Second Wind","floor":10.0},{"not_picked":["Dark Embrace","Pummel"],"picked":"Flex","floor":11.0},{"not_picked":["Reckless Charge","Perfected Strike","Rupture"],"picked":"SKIP","floor":14}],"player_experience":906643,"relics_obtained":[{"floor":6.0,"key":"Regal Pillow"},{"floor":8.0,"key":"Strawberry"},{"floor":9.0,"key":"Bag of Marbles"},{"floor":11.0,"key":"Tiny Chest"}],"event_choices":[{"damage_healed":0.0,"max_hp_gain":0.0,"max_hp_loss":0.0,"gold_gain":0.0,"event_name":"Scrap Ooze","player_choice":"Success","floor":3.0,"gold_loss":0.0,"damage_taken":18.0,"relics_obtained":["Dodecahedron"]},{"cards_removed":["Strike_R"],"damage_healed":0.0,"max_hp_gain":0.0,"max_hp_loss":0.0,"gold_gain":0.0,"event_name":"Golden Wing","player_choice":"Card Removal","floor":5.0,"gold_loss":0.0,"damage_taken":7.0},{"damage_healed":0.0,"max_hp_gain":0.0,"max_hp_loss":0.0,"gold_gain":0.0,"event_name":"Shining Light","player_choice":"Ignored","floor":12.0,"gold_loss":0.0,"damage_taken":0.0}],"is_beta":false,"boss_relics":[],"items_purged_floors":[],"is_endless":false,"potions_floor_spawned":[1,4,10,11,14],"killed_by":"Hexaghost","ascension_level":20}