{"gold_per_floor":[110,120,45,45,63,90,90,117,117,117,136,136,49,61,61,61],"floor_reached":16,"playtime":342,"items_purged":["Strike_R"],"score":116,"play_id":"caa52b59-7fea-480b-adde-3a1abd5198fc","local_time":"20190425165338","is_ascension_mode":true,"campfire_choices":[{"data":"Anger","floor":7,"key":"SMITH"},{"data":"Spot Weakness","floor":10,"key":"SMITH"},{"data":"Bash","floor":12,"key":"SMITH"},{"data":"Finesse","floor":15,"key":"SMITH"}],"neow_cost":"NONE","seed_source_timestamp":200890327287437,"circlet_count":0,"master_deck":["Strike_R","Strike_R","Strike_R","Defend_R","Defend_R","Defend_R","Defend_R","Bash+1","Spot Weakness+1","Anger+1","Dropkick","Finesse+1","Dropkick"],"relics":["Burning Blood","NeowsBlessing","Anchor","Blue Candle","Singing Bowl"],"potions_floor_usage":[6],"damage_taken":[{"damage":0,"enemies":"Small Slimes","floor":1,"turns":1},{"damage":0,"enemies":"Jaw Worm","floor":2,"turns":1},{"damage":0,"enemies":"2 Louse","floor":5,"turns":1},{"damage":36,"enemies":"Lagavulin","floor":6,"turns":5},{"damage":27,"enemies":"Gremlin Nob","floor":8,"turns":4},{"damage":0,"enemies":"Large Slime","floor":11,"turns":5},{"damage":3,"enemies":"3 Louse","floor":14,"turns":3},{"damage":37,"enemies":"Hexaghost","floor":16,"turns":5}],"seed_played":"7848531563035160931","potions_obtained":[{"floor":1,"key":"FearPotion"}],"is_trial":false,"path_per_floor":["M","M","$","?","M","E","R","E","T","R","M","R","$","M","R","B"],"character_chosen":"IRONCLAD","items_purchased":["Finesse"],"campfire_rested":0,"item_purchase_floors":[13],"current_hp_per_floor":[80,80,80,73,79,49,49,28,28,28,34,34,34,37,37,0],"gold":61,"neow_bonus":"THREE_ENEMY_KILL","is_prod":false,"is_daily":false,"chose_seed":false,"campfire_upgraded":4,"win_rate":0,"timestamp":1556229218,"path_taken":["M","M","$","?","M","E","R","E","T","R","M","R","$","M","R","BOSS"],"build_version":"2019-01-23","purchased_purges":1,"victory":false,"max_hp_per_floor":[80,80,80,80,80,80,80,80,80,80,80,80,80,80,80,80],"card_choices":[{"not_picked":["Twin Strike","Iron Wave"],"picked":"Spot Weakness","floor":1},{"not_picked":["Perfected Strike","Thunderclap"],"picked":"Anger","floor":2},{"not_picked":["Headbutt","Infernal Blade","Rupture"],"picked":"SKIP","floor":5},{"not_picked":["Intimidate","Armaments","Brutality"],"picked":"SKIP","floor":6},{"not_picked":["Searing Blow","Sentinel","Anger"],"picked":"SKIP","floor":8},{"not_picked":["Rage","Bloodletting"],"picked":"Dropkick","floor":11},{"not_picked":["Rupture","Havoc"],"picked":"Dropkick","floor":14}],"player_experience":101506,"relics_obtained":[{"floor":6,"key":"Anchor"},{"floor":8,"key":"Blue Candle"},{"floor":9,"key":"Singing Bowl"}],"event_choices":[{"cards_removed":["Strike_R"],"damage_healed":0,"gold_gain":0,"player_choice":"Card Removal","damage_taken":7,"max_hp_gain":0,"max_hp_loss":0,"event_name":"Golden Wing","floor":4,"gold_loss":0}],"is_beta":false,"boss_relics":[],"items_purged_floors":[3],"is_endless":false,"potions_floor_spawned":[1],"killed_by":"Hexaghost","ascension_level":1}