{"gold_per_floor":[117,31,31,47,63,98,98,98,98,98,125,105,125,159,159,234,234,248,64,92,92,92,92,110,110,110,120,120],"floor_reached":28,"playtime":596,"items_purged":[],"score":472,"play_id":"213c7dda-24bc-49e0-9dd5-f8031c99f9d6","local_time":"20190505154734","is_ascension_mode":true,"campfire_choices":[{"data":"Cleave","floor":7.0,"key":"SMITH"},{"data":"Anger","floor":10.0,"key":"SMITH"},{"data":"Evolve","floor":15.0,"key":"SMITH"},{"floor":23,"key":"REST"},{"floor":25,"key":"REST"}],"neow_cost":"NONE","seed_source_timestamp":4319909115131,"circlet_count":0,"master_deck":["AscendersBane","Strike_R","Strike_R","Strike_R","Strike_R","Strike_R","Defend_R","Defend_R","Defend_R+1","Defend_R+1","Bash+1","Cleave+1","Rampage","Cleave+1","Anger+1","Shrug It Off","Evolve+1","Headbutt","Demon Form","Apotheosis+1","Limit Break+1","Power Through+1","Warcry+1","Clumsy","Battle Trance+1"],"special_seed":0,"relics":["Burning Blood","NeowsBlessing","Mummified Hand","War Paint","Toxic Egg 2","Dodecahedron","Cursed Key","Red Mask","Prayer Wheel"],"potions_floor_usage":[21],"damage_taken":[{"damage":0.0,"enemies":"Small Slimes","floor":1.0,"turns":1.0},{"damage":0.0,"enemies":"Cultist","floor":4.0,"turns":1.0},{"damage":0.0,"enemies":"Jaw Worm","floor":5.0,"turns":1.0},{"damage":32.0,"enemies":"Gremlin Nob","floor":6.0,"turns":4.0},{"damage":19.0,"enemies":"3 Sentries","floor":11.0,"turns":4.0},{"damage":5.0,"enemies":"Blue Slaver","floor":13.0,"turns":3.0},{"damage":20.0,"enemies":"Lagavulin","floor":14.0,"turns":5.0},{"damage":24.0,"enemies":"Slime Boss","floor":16.0,"turns":6.0},{"damage":35.0,"enemies":"Shell Parasite","floor":18.0,"turns":3.0},{"damage":46,"enemies":"Masked Bandits","floor":20,"turns":4},{"damage":0,"enemies":"Chosen","floor":21,"turns":2},{"damage":26,"enemies":"Snake Plant","floor":24,"turns":4},{"damage":28,"enemies":"Centurion and Healer","floor":27,"turns":6},{"damage":24,"enemies":"Sentry and Sphere","floor":28,"turns":3}],"seed_played":"8178998124761732128","potions_obtained":[{"floor":5.0,"key":"BloodPotion"},{"floor":6.0,"key":"Explosive Potion"},{"floor":11.0,"key":"Energy Potion"},{"floor":12.0,"key":"FairyPotion"},{"floor":14.0,"key":"SmokeBomb"},{"floor":24,"key":"Poison Potion"},{"floor":27,"key":"GamblersBrew"}],"is_trial":false,"path_per_floor":["M","$","?","M","M","E","R","?","T","R","E","?","M","E","R","B",null,"M","$","?","M","?","R","M","R","T","M","M"],"character_chosen":"IRONCLAD","items_purchased":["Rampage","Apotheosis+1"],"campfire_rested":2,"item_purchase_floors":[2,19],"current_hp_per_floor":[74,74,74,75,75,49,49,49,49,49,43,43,44,30,30,12,59,30,30,13,19,19,41,21,43,43,21,0],"gold":120,"neow_bonus":"THREE_ENEMY_KILL","is_prod":false,"is_daily":false,"chose_seed":false,"campfire_upgraded":3,"win_rate":0,"timestamp":1557082054,"path_taken":["M","$","?","?","M","E","R","?","T","R","E","?","M","E","R","BOSS","M","$","?","M","?","R","M","R","T","M","?"],"build_version":"2019-01-23","purchased_purges":0,"victory":false,"max_hp_per_floor":[75,75,75,75,75,75,75,75,75,75,75,75,75,75,75,75,75,75,75,75,75,75,75,75,75,75,75,75],"card_choices":[{"not_picked":["True Grit","Clothesline"],"picked":"Cleave","floor":1.0},{"not_picked":["Dark Embrace","Hemokinesis"],"picked":"Cleave","floor":4.0},{"not_picked":["Clash","Sever Soul"],"picked":"Anger","floor":5.0},{"not_picked":["Pommel Strike","Blood for Blood"],"picked":"Shrug It Off","floor":6.0},{"not_picked":["Whirlwind","Power Through","Blood for Blood"],"picked":"SKIP","floor":11.0},{"not_picked":["Anger","Iron Wave"],"picked":"Evolve","floor":13.0},{"not_picked":["Corruption","Infernal Blade+1"],"picked":"Headbutt","floor":14.0},{"not_picked":["Dark Embrace","Berserk"],"picked":"Demon Form","floor":16.0},{"not_picked":["Clash","Cleave","Clothesline"],"picked":"SKIP","floor":18},{"not_picked":["Sword Boomerang","Havoc+1"],"picked":"Limit Break+1","floor":20},{"not_picked":["Blood for Blood","Pummel"],"picked":"Warcry+1","floor":24},{"not_picked":["Warcry+1","Intimidate+1"],"picked":"Battle Trance+1","floor":27},{"not_picked":["Searing Blow","Clothesline","Headbutt"],"picked":"SKIP","floor":27}],"player_experience":2254924,"relics_obtained":[{"floor":6.0,"key":"Mummified Hand"},{"floor":9.0,"key":"War Paint"},{"floor":11.0,"key":"Toxic Egg 2"},{"floor":14.0,"key":"Dodecahedron"},{"floor":20,"key":"Red Mask"},{"floor":26,"key":"Prayer Wheel"}],"event_choices":[{"damage_healed":0.0,"max_hp_gain":0.0,"max_hp_loss":0.0,"gold_gain":0.0,"event_name":"Accursed Blacksmith","player_choice":"Forge","floor":3.0,"gold_loss":0.0,"damage_taken":0.0,"cards_upgraded":["Bash"]},{"damage_healed":0.0,"max_hp_gain":0.0,"max_hp_loss":0.0,"gold_gain":0.0,"event_name":"Living Wall","player_choice":"Grow","floor":8.0,"gold_loss":0.0,"damage_taken":0.0,"cards_upgraded":["Cleave"]},{"damage_healed":0.0,"max_hp_gain":0.0,"max_hp_loss":0.0,"gold_gain":0.0,"event_name":"The Woman in Blue","player_choice":"Bought 1 Potion","floor":12.0,"gold_loss":0.0,"damage_taken":0.0},{"damage_healed":0,"gold_gain":0,"player_choice":"Fought Bandits","damage_taken":0,"max_hp_gain":0,"max_hp_loss":0,"event_name":"Masked Bandits","floor":20,"gold_loss":0},{"damage_healed":0,"gold_gain":0,"player_choice":"Read","damage_taken":0,"max_hp_gain":0,"max_hp_loss":0,"event_name":"The Library","floor":22,"gold_loss":0,"cards_obtained":["Power Through"]}],"is_beta":false,"boss_relics":[{"not_picked":["Runic Pyramid","Black Star"],"picked":"Cursed Key"}],"items_purged_floors":[],"is_endless":false,"potions_floor_spawned":[5,6,11,14,24,27],"killed_by":"Sentry and Sphere","ascension_level":20}