{"gold_per_floor":[109,123,18,37,37,37,64,64,89,99,130,141,151,180,180,258,258,276,18,28,28,48,48],"floor_reached":23,"playtime":629,"items_purged":[],"score":426,"play_id":"cd167fbe-8f10-47f7-b40d-8569af434385","local_time":"20190511130213","is_ascension_mode":true,"campfire_choices":[{"data":"Zap","floor":6,"key":"SMITH"},{"floor":8,"key":"REST"},{"floor":15,"key":"REST"}],"neow_cost":"NONE","seed_source_timestamp":512793670838203,"circlet_count":0,"master_deck":["AscendersBane","Strike_B","Strike_B","Strike_B","Strike_B","Defend_B","Defend_B","Defend_B","Defend_B","Zap+1","Dualcast","Cold Snap","Steam","Compile Driver","Ball Lightning","Ball Lightning","Capacitor","Barrage","Sweeping Beam","All For One","Beam Cell","Master of Strategy","Doom and Gloom+1","Consume"],"relics":["Cracked Core","Boot","Lantern","Gambling Chip","Shuriken","Inserter"],"potions_floor_usage":[11,16,22,22],"damage_taken":[{"damage":5,"enemies":"Jaw Worm","floor":1,"turns":3},{"damage":0,"enemies":"Cultist","floor":2,"turns":3},{"damage":2,"enemies":"2 Louse","floor":4,"turns":3},{"damage":12,"enemies":"Lagavulin","floor":7,"turns":5},{"damage":6,"enemies":"Blue Slaver","floor":10,"turns":2},{"damage":6,"enemies":"3 Sentries","floor":11,"turns":6},{"damage":4,"enemies":"Red Slaver","floor":12,"turns":3},{"damage":3,"enemies":"Large Slime","floor":13,"turns":3},{"damage":19,"enemies":"Lagavulin","floor":14,"turns":5},{"damage":17,"enemies":"Slime Boss","floor":16,"turns":7},{"damage":31,"enemies":"2 Thieves","floor":18,"turns":4},{"damage":4,"enemies":"Spheric Guardian","floor":20,"turns":3},{"damage":31,"enemies":"Snecko","floor":22,"turns":5},{"damage":11,"enemies":"Book of Stabbing","floor":23,"turns":2}],"seed_played":"-4360520416896734501","potions_obtained":[{"floor":1,"key":"Dexterity Potion"},{"floor":2,"key":"Swift Potion"},{"floor":12,"key":"Ancient Potion"},{"floor":14,"key":"Fire Potion"},{"floor":18,"key":"Swift Potion"}],"is_trial":false,"path_per_floor":["M","M","$","M","?","R","E","R","T","M","E","M","M","E","R","B",null,"M","$","M","?","M","E"],"character_chosen":"DEFECT","items_purchased":["Fire Potion","Compile Driver","Regen Potion","Master of Strategy"],"campfire_rested":2,"item_purchase_floors":[3,3,19,19],"current_hp_per_floor":[59,59,59,57,57,57,45,66,66,60,54,50,47,28,49,32,61,30,30,26,26,7,0],"gold":48,"neow_bonus":"THREE_CARDS","is_prod":false,"is_daily":false,"chose_seed":false,"campfire_upgraded":1,"win_rate":0,"timestamp":1557590533,"path_taken":["M","M","$","M","?","R","E","R","T","M","E","M","?","E","R","BOSS","M","$","M","?","?","E"],"build_version":"2019-01-23","purchased_purges":0,"victory":false,"max_hp_per_floor":[71,71,71,71,71,71,71,71,71,71,71,71,71,71,71,71,71,71,71,71,71,71,71],"card_choices":[{"not_picked":["Reinforced Body","Rebound"],"picked":"Cold Snap","floor":0},{"not_picked":["Double Energy","Storm","Aggregate"],"picked":"SKIP","floor":1},{"not_picked":["Reinforced Body","Force Field"],"picked":"Steam","floor":2},{"not_picked":["Conserve Battery","Recycle"],"picked":"Ball Lightning","floor":4},{"not_picked":["Steam","BootSequence"],"picked":"Ball Lightning","floor":7},{"not_picked":["Storm","Steam"],"picked":"Capacitor","floor":10},{"not_picked":["Lockon","Redo","Compile Driver"],"picked":"SKIP","floor":11},{"not_picked":["Coolheaded","Beam Cell"],"picked":"Barrage","floor":12},{"not_picked":["Blizzard","Scrape","Turbo"],"picked":"SKIP","floor":13},{"not_picked":["Blizzard","White Noise"],"picked":"Sweeping Beam","floor":14},{"not_picked":["Creative AI","Buffer"],"picked":"All For One","floor":16},{"not_picked":["Aggregate+1","Rebound","Beam Cell"],"picked":"SKIP","floor":18},{"not_picked":["Aggregate+1","Rebound"],"picked":"Beam Cell","floor":18},{"not_picked":["Sunder","Hologram"],"picked":"Doom and Gloom","floor":20},{"not_picked":["Redo","Sunder"],"picked":"Consume","floor":22}],"player_experience":2308660,"relics_obtained":[{"floor":7,"key":"Boot"},{"floor":9,"key":"Lantern"},{"floor":11,"key":"Gambling Chip"},{"floor":14,"key":"Shuriken"}],"event_choices":[{"damage_healed":0,"gold_gain":0,"player_choice":"Got Potions","damage_taken":0,"max_hp_gain":0,"max_hp_loss":0,"event_name":"Lab","floor":5,"gold_loss":0},{"damage_healed":0,"gold_gain":0,"player_choice":"Upgraded","damage_taken":0,"max_hp_gain":0,"max_hp_loss":0,"event_name":"Upgrade Shrine","floor":21,"gold_loss":0,"cards_upgraded":["Doom and Gloom"]}],"is_beta":false,"boss_relics":[{"not_picked":["Tiny House","Coffee Dripper"],"picked":"Inserter"}],"items_purged_floors":[],"is_endless":false,"potions_floor_spawned":[1,2,12,14,18],"killed_by":"Book of Stabbing","ascension_level":20}