{"gold_per_floor":[116,130,42,58,77,108,108,141,141,141,160,160,160,191,191,268,268,281,281,206,218,218,218,34,34,34,65,65,99,99,133,133,205,205,224,234,70,82,100,100,126,126,175,203,203,203,214,234,234,234,234,234,234,50,84,84],"floor_reached":57,"playtime":3172,"items_purged":["Decay","Infinite Blades"],"score":2847,"play_id":"a3634902-a490-4fcf-9d40-6ce91334fb88","local_time":"20190509175603","is_ascension_mode":true,"campfire_choices":[{"data":"Noxious Fumes","floor":7.0,"key":"SMITH"},{"data":"Neutralize","floor":10.0,"key":"SMITH"},{"floor":13.0,"key":"REST"},{"data":"1","floor":15.0,"key":"LIFT"},{"data":"Catalyst","floor":23.0,"key":"SMITH"},{"floor":28.0,"key":"REST"},{"data":"Footwork","floor":30.0,"key":"SMITH"},{"floor":32.0,"key":"REST"},{"data":"Well Laid Plans","floor":40.0,"key":"SMITH"},{"data":"Corpse Explosion","floor":42.0,"key":"SMITH"},{"floor":49.0,"key":"RECALL"},{"data":"Malaise","floor":53.0,"key":"SMITH"}],"neow_cost":"NONE","seed_source_timestamp":354925660633964,"circlet_count":0,"master_deck":["AscendersBane","Defend_G+1","Defend_G+1","Defend_G+1","Defend_G+1","Defend_G+1","Strike_G+1","Strike_G+1","Survivor","Neutralize+1","Well Laid Plans+1","Masterful Stab","Noxious Fumes+1","Poisoned Stab","Backflip","Backstab","Dodge and Roll","Backflip","Adrenaline","Catalyst+1","Bouncing Flask","Adrenaline","Backflip","Footwork+1","PiercingWail","Backflip","Blur","Dodge and Roll","Corpse Explosion+1","Malaise+1","Backflip","Dagger Spray","Noxious Fumes+1","Flechettes+1","PiercingWail+1"],"special_seed":0,"relics":["Ring of the Snake","NeowsBlessing","Bag of Marbles","Bottled Tornado","Prayer Wheel","Girya","Velvet Choker","Strawberry","Centennial Puzzle","Paper Crane","Unceasing Top","Eternal Feather","Bronze Scales","Ancient Tea Set","Orichalcum","Mummified Hand"],"potions_floor_usage":[56,56],"damage_taken":[{"damage":0.0,"enemies":"Cultist","floor":1.0,"turns":1.0},{"damage":0.0,"enemies":"2 Louse","floor":2.0,"turns":1.0},{"damage":0.0,"enemies":"Jaw Worm","floor":4.0,"turns":1.0},{"damage":4.0,"enemies":"3 Louse","floor":5.0,"turns":5.0},{"damage":0.0,"enemies":"Lagavulin","floor":6.0,"turns":9.0},{"damage":29.0,"enemies":"3 Sentries","floor":8.0,"turns":7.0},{"damage":4.0,"enemies":"Large Slime","floor":11.0,"turns":6.0},{"damage":15.0,"enemies":"Lagavulin","floor":14.0,"turns":7.0},{"damage":3.0,"enemies":"The Guardian","floor":16.0,"turns":12.0},{"damage":14.0,"enemies":"Shell Parasite","floor":18.0,"turns":7.0},{"damage":0.0,"enemies":"2 Thieves","floor":21.0,"turns":4.0},{"damage":19.0,"enemies":"Slavers","floor":27.0,"turns":8.0},{"damage":3.0,"enemies":"Book of Stabbing","floor":29.0,"turns":5.0},{"damage":27.0,"enemies":"Gremlin Leader","floor":31.0,"turns":9.0},{"damage":10.0,"enemies":"Champ","floor":33.0,"turns":12.0},{"damage":0.0,"enemies":"3 Shapes","floor":35.0,"turns":4.0},{"damage":3.0,"enemies":"3 Darklings","floor":36.0,"turns":4.0},{"damage":2.0,"enemies":"Writhing Mass","floor":38.0,"turns":7.0},{"damage":0.0,"enemies":"Spire Growth","floor":39.0,"turns":7.0},{"damage":4.0,"enemies":"Giant Head","floor":41.0,"turns":9.0},{"damage":46.0,"enemies":"Reptomancer","floor":44.0,"turns":8.0},{"damage":0.0,"enemies":"Jaw Worm Horde","floor":47.0,"turns":3.0},{"damage":0.0,"enemies":"Maw","floor":48.0,"turns":6.0},{"damage":24.0,"enemies":"Awakened One","floor":50.0,"turns":21.0},{"damage":14.0,"enemies":"Time Eater","floor":51.0,"turns":8.0},{"damage":34.0,"enemies":"Shield and Spear","floor":55.0,"turns":7.0},{"damage":33,"enemies":"The Heart","floor":56,"turns":11}],"seed_played":"6881017698987373460","potions_obtained":[{"floor":1.0,"key":"Dexterity Potion"},{"floor":4.0,"key":"Energy Potion"},{"floor":6.0,"key":"GamblersBrew"},{"floor":11.0,"key":"AttackPotion"},{"floor":16.0,"key":"Dexterity Potion"},{"floor":27.0,"key":"PowerPotion"},{"floor":31.0,"key":"LiquidBronze"},{"floor":33.0,"key":"Swift Potion"},{"floor":47.0,"key":"Regen Potion"},{"floor":48.0,"key":"Regen Potion"}],"is_trial":false,"path_per_floor":["M","M","$","M","M","E","R","E","T","R","M","?","R","E","R","B",null,"M","?","?","M","?","R","$","?","T","E","R","E","R","E","R","B",null,"M","M","$","M","M","R","E","R","T","E","?","?","M","M","R","B","B",null,"R","$","E","B",null],"character_chosen":"THE_SILENT","items_purchased":["Infinite Blades","Poison Potion","Backflip","Bronze Scales","Ancient Potion"],"campfire_rested":3,"item_purchase_floors":[3,24,24,37,54],"current_hp_per_floor":[59,59,59,59,55,55,55,26,26,26,22,22,41,26,26,23,55,41,41,41,41,41,41,41,41,48,29,50,47,47,20,41,31,63,63,60,60,58,58,73,69,73,73,27,27,27,27,42,63,39,40,65,73,73,39,6],"gold":84,"neow_bonus":"THREE_ENEMY_KILL","is_prod":false,"is_daily":false,"chose_seed":false,"campfire_upgraded":7,"win_rate":0,"timestamp":1557435363,"path_taken":["M","?","$","M","M","E","R","E","T","R","M","?","R","E","R","BOSS","M","?","?","M","?","R","$","?","T","E","R","E","R","E","R","BOSS","M","M","$","M","M","R","E","R","T","E","?","?","M","M","R","BOSS","BOSS","R","$","E","BOSS"],"build_version":"2019-01-23","purchased_purges":2,"victory":true,"max_hp_per_floor":[66,66,66,66,66,66,66,66,66,66,66,66,66,66,66,66,66,66,66,66,66,66,66,66,66,73,73,73,73,73,73,73,73,73,73,73,73,73,73,73,73,73,73,73,73,73,73,73,73,73,73,73,73,73,73,73],"card_choices":[{"not_picked":["Deflect","PiercingWail"],"picked":"Well Laid Plans","floor":1.0},{"not_picked":["Deflect","Reflex"],"picked":"Masterful Stab","floor":2.0},{"not_picked":["Accuracy","Slice"],"picked":"Endless Agony","floor":4.0},{"not_picked":["Acrobatics","Setup"],"picked":"Noxious Fumes","floor":5.0},{"not_picked":["Skewer","Flechettes"],"picked":"Poisoned Stab","floor":6.0},{"not_picked":["Dodge and Roll","A Thousand Cuts"],"picked":"Backflip","floor":8.0},{"not_picked":["Sucker Punch","Well Laid Plans"],"picked":"Backstab","floor":11.0},{"not_picked":["Choke","Accuracy"],"picked":"Dodge and Roll","floor":11.0},{"not_picked":["Cloak And Dagger","Eviscerate"],"picked":"Backflip","floor":14.0},{"not_picked":["Envenom","Unload"],"picked":"Adrenaline","floor":16.0},{"not_picked":["Blade Dance","Slice"],"picked":"Catalyst","floor":18.0},{"not_picked":["Choke+1","Riddle With Holes"],"picked":"Bouncing Flask","floor":18.0},{"not_picked":["Dagger Throw+1","Poisoned Stab"],"picked":"Footwork","floor":21.0},{"not_picked":["Outmaneuver","Backflip"],"picked":"PiercingWail","floor":21.0},{"not_picked":["Caltrops","Dodge and Roll"],"picked":"Blur","floor":27.0},{"not_picked":["Finisher","Riddle With Holes"],"picked":"Dodge and Roll","floor":29.0},{"not_picked":["Infinite Blades","Underhanded Strike"],"picked":"Corpse Explosion","floor":31.0},{"not_picked":["Burst","Storm of Steel"],"picked":"Malaise","floor":33.0},{"not_picked":["Concentrate","PiercingWail"],"picked":"Backflip","floor":35.0},{"not_picked":["Flying Knee","Poisoned Stab","Tactician"],"picked":"SKIP","floor":35.0},{"not_picked":["Accuracy","Outmaneuver"],"picked":"Dagger Spray","floor":36.0},{"not_picked":["Flying Knee+1","Acrobatics","Sucker Punch"],"picked":"SKIP","floor":36.0},{"not_picked":["Flying Knee+1","Acrobatics","Sucker Punch"],"picked":"SKIP","floor":36.0},{"not_picked":["Flying Knee+1","Poisoned Stab","Underhanded Strike"],"picked":"SKIP","floor":38.0},{"not_picked":["Dodge and Roll","Slice","Doppelganger"],"picked":"SKIP","floor":38.0},{"not_picked":["Dagger Throw","Tactician","Quick Slash+1"],"picked":"SKIP","floor":39.0},{"not_picked":["Deflect","Escape Plan","Acrobatics"],"picked":"SKIP","floor":39.0},{"not_picked":["Slice+1","Noxious Fumes+1","Prepared"],"picked":"SKIP","floor":41.0},{"not_picked":["Slice+1","Prepared"],"picked":"Noxious Fumes+1","floor":41.0},{"not_picked":["Outmaneuver","Blade Dance","Envenom"],"picked":"SKIP","floor":44.0},{"not_picked":["Flying Knee","Infinite Blades+1","Poisoned Stab"],"picked":"SKIP","floor":47.0},{"not_picked":["Blur","Flechettes+1","Slice"],"picked":"SKIP","floor":47.0},{"not_picked":["Blur","Slice"],"picked":"Flechettes+1","floor":47.0},{"not_picked":["Flying Knee","Infinite Blades+1","Poisoned Stab"],"picked":"SKIP","floor":47.0},{"not_picked":["Noxious Fumes","Dash"],"picked":"PiercingWail+1","floor":48.0},{"not_picked":["Dagger Throw","Terror","Slice+1"],"picked":"SKIP","floor":48.0},{"not_picked":["Outmaneuver","Flying Knee","Underhanded Strike"],"picked":"SKIP","floor":55.0}],"player_experience":2289141,"relics_obtained":[{"floor":6.0,"key":"Bag of Marbles"},{"floor":8.0,"key":"Bottled Tornado"},{"floor":9.0,"key":"Prayer Wheel"},{"floor":14.0,"key":"Girya"},{"floor":26.0,"key":"Strawberry"},{"floor":27.0,"key":"Centennial Puzzle"},{"floor":29.0,"key":"Paper Crane"},{"floor":31.0,"key":"Unceasing Top"},{"floor":41.0,"key":"Ancient Tea Set"},{"floor":44.0,"key":"Orichalcum"},{"floor":55.0,"key":"Mummified Hand"}],"event_choices":[{"damage_healed":0.0,"max_hp_gain":0.0,"max_hp_loss":0.0,"gold_gain":0.0,"event_name":"Scrap Ooze","player_choice":"Fled","floor":12.0,"gold_loss":0.0,"damage_taken":0.0},{"damage_healed":0.0,"max_hp_gain":0.0,"max_hp_loss":0.0,"gold_gain":0.0,"cards_transformed":["Strike_G","Strike_G"],"event_name":"Drug Dealer","player_choice":"Became Test Subject","floor":19.0,"gold_loss":0.0,"damage_taken":0.0,"cards_obtained":["Adrenaline","Backflip"]},{"cards_removed":["Endless Agony"],"damage_healed":0.0,"max_hp_gain":0.0,"max_hp_loss":0.0,"gold_gain":0.0,"event_name":"Beggar","player_choice":"Gave Gold","floor":20.0,"gold_loss":75.0,"damage_taken":0.0},{"damage_healed":0.0,"max_hp_gain":0.0,"max_hp_loss":0.0,"gold_gain":0.0,"event_name":"Forgotten Altar","player_choice":"Smashed Altar","floor":22.0,"gold_loss":0.0,"damage_taken":0.0,"cards_obtained":["Decay"]},{"damage_healed":0.0,"max_hp_gain":0.0,"max_hp_loss":0.0,"gold_gain":0.0,"event_name":"Back to Basics","player_choice":"Simplicity","floor":25.0,"gold_loss":0.0,"damage_taken":0.0,"cards_upgraded":["Defend_G","Defend_G","Defend_G","Defend_G","Defend_G","Strike_G","Strike_G","Strike_G"]},{"cards_removed":["Strike_G"],"damage_healed":0.0,"max_hp_gain":0.0,"max_hp_loss":0.0,"gold_gain":0.0,"event_name":"Falling","player_choice":"Removed Attack","floor":45.0,"gold_loss":0.0,"damage_taken":0.0},{"damage_healed":0.0,"max_hp_gain":0.0,"max_hp_loss":0.0,"gold_gain":0.0,"event_name":"Mysterious Sphere","player_choice":"Ignored","floor":46.0,"gold_loss":0.0,"damage_taken":0.0}],"is_beta":false,"boss_relics":[{"not_picked":["Tiny House","Calling Bell"],"picked":"Velvet Choker"},{"not_picked":["White Beast Statue","Coffee Dripper"],"picked":"Eternal Feather"}],"items_purged_floors":[24,54],"is_endless":false,"potions_floor_spawned":[1,4,6,11,14,16,27,31,33,35,36,47,48,55],"ascension_level":20}