{"path_per_floor":["M","M","?","?","M","E","R","E","T","R","?","T","M","M","R","B",null,"M","?","M","$","?","E","M","R","T","M","R","M","E","M","R"],"character_chosen":"IRONCLAD","items_purchased":[],"gold_per_floor":[109,120,120,120,135,178,178,211,211,211,211,236,261,276,276,397,397,416,316,336,261,261,295,316,316,316,339,339,355,393,417,417],"floor_reached":33,"campfire_rested":3,"playtime":2417,"current_hp_per_floor":[80,80,64,44,44,13,37,16,33,33,33,33,34,40,40,23,97,85,85,76,76,76,43,20,20,20,17,46,42,37,37,66],"items_purged":["Strike_R"],"gold":417,"score":322,"play_id":"b757b071-d16d-4ed6-8c8e-f5668f98ebd6","is_prod":false,"is_daily":false,"is_ascension_mode":false,"campfire_upgraded":3,"path_taken":["M","M","?","?","M","E","R","E","T","R","?","?","M","?","R","BOSS","M","?","M","$","?","E","M","R","T","M","R","?","E","M","R","BOSS"],"build_version":"2018-02-16-BETA2","purchased_purges":1,"victory":false,"master_deck":["Strike_R+1","Strike_R","Strike_R+1","Strike_R","Defend_R","Defend_R","Defend_R","Bash+1","Fiend Fire+1","Flex","Flex","Inflame","Sword Boomerang+1","Headbutt","Immolate","J.A.X.","Twin Strike","Seeing Red","Blood for Blood","Pummel","Headbutt","Heavy Blade+1","Thunderclap"],"max_hp_per_floor":[80,80,80,80,80,80,80,80,97,97,97,97,97,97,97,97,97,97,97,97,97,97,97,97,97,97,97,97,97,97,97,97],"relics":["Black Blood","Golden Idol","Matryoshka","Pen Nib","Strawberry","Pear","Orichalcum","Omamori","Ancient Tea Set","Gambling Chip","Bag of Marbles","Vajra"],"card_choices":[{"not_picked":["Rage","Dropkick"],"picked":"Flex"},{"not_picked":["Twin Strike","Brutality"],"picked":"Flex"},{"not_picked":["Whirlwind","True Grit"],"picked":"Inflame"},{"not_picked":["Disarm","Rupture"],"picked":"Sword Boomerang"},{"not_picked":["True Grit","Rupture"],"picked":"Headbutt"},{"not_picked":["Brutality","Demon Form"],"picked":"Immolate"},{"not_picked":["Perfected Strike","Wild Strike"],"picked":"Twin Strike"},{"not_picked":["Anger","Perfected Strike"],"picked":"Seeing Red"},{"not_picked":["Clothesline","Thunderclap"],"picked":"Blood for Blood"},{"not_picked":["Shrug It Off","Ghostly Armor"],"picked":"Pummel"},{"not_picked":["Warcry","Perfected Strike"],"picked":"Headbutt"},{"not_picked":["Inflame","Warcry"],"picked":"Heavy Blade"},{"not_picked":["Searing Blow","Shrug It Off"],"picked":"Thunderclap"}],"player_experience":109276,"potions_floor_usage":[16,20,23,29],"damage_taken":[{"damage":6,"enemies":"2 Louse","floor":1,"turns":3},{"damage":5,"enemies":"Small Slimes","floor":2,"turns":3},{"damage":6,"enemies":"Jaw Worm","floor":5,"turns":2},{"damage":37,"enemies":"Lagavulin","floor":6,"turns":8},{"damage":27,"enemies":"Gremlin Nob","floor":8,"turns":4},{"damage":5,"enemies":"Large Slime","floor":13,"turns":3},{"damage":0,"enemies":"Gremlin Gang","floor":14,"turns":3},{"damage":23,"enemies":"Hexaghost","floor":16,"turns":5},{"damage":22,"enemies":"Spheric Guardian","floor":18,"turns":4},{"damage":19,"enemies":"2 Thieves","floor":20,"turns":3},{"damage":43,"enemies":"Slavers","floor":23,"turns":5},{"damage":33,"enemies":"Cultist and Chosen","floor":24,"turns":5},{"damage":13,"enemies":"Snecko","floor":27,"turns":3},{"damage":23,"enemies":"Centurion and Healer","floor":29,"turns":4},{"damage":15,"enemies":"Gremlin Leader","floor":30,"turns":4},{"damage":10,"enemies":"Slaver and Parasite","floor":31,"turns":2},{"damage":73,"enemies":"Automaton","floor":33,"turns":6}],"event_choices":[{"event_name":"Shining Light","player_choice":"Entered Light","floor":3,"damage_taken":0},{"event_name":"Golden Idol","player_choice":"Take Damage","floor":4,"damage_taken":0},{"event_name":"Wheel of Change","player_choice":"Card Removal","floor":11,"damage_taken":0},{"event_name":"Drug Dealer","player_choice":"Got JAXXED","floor":19,"damage_taken":0},{"event_name":"The Mausoleum","player_choice":"Yes","floor":22,"damage_taken":0}],"boss_relics":[{"not_picked":["Runic Cube","Question Card"],"picked":"Black Blood"}],"potions_floor_spawned":[5,6,13,14,16,18,23,31],"seed_played":"4897934511437653322","killed_by":"Automaton","ascension_level":0,"is_trial":false}