{"path_per_floor":["M","?","M","M","?","E","R","E","T","E","?","$","M","?","R"],"character_chosen":"IRONCLAD","items_purchased":[],"gold_per_floor":[216,216,232,243,243,275,275,306,306,336,336,261,272,350,350,350],"floor_reached":16,"campfire_rested":1,"playtime":504,"current_hp_per_floor":[80,80,73,75,75,47,47,23,23,7,7,7,18,18,43,0],"items_purged":["Regret"],"gold":350,"score":124,"play_id":"3f72a295-0a83-48af-b711-86075ca340cf","local_time":"20180420204243","is_prod":false,"is_daily":false,"chose_seed":false,"is_ascension_mode":true,"campfire_upgraded":1,"timestamp":1524274963,"path_taken":["M","?","M","M","?","E","R","E","T","E","?","?","M","?","R","BOSS"],"build_version":"2018-04-19","seed_source_timestamp":730288812261753,"purchased_purges":1,"victory":false,"master_deck":["Strike_R","Strike_R","Strike_R","Strike_R","Strike_R","Defend_R","Defend_R","Defend_R","Defend_R","Bash","Perfected Strike+1","Warcry","Twin Strike","Feed","Wild Strike","Wild Strike"],"max_hp_per_floor":[80,80,80,80,80,80,80,80,80,83,83,83,86,86,86,86],"relics":["Burning Blood","Matryoshka","Darkstone Periapt","Bag of Marbles","Blood Vial","Shuriken","Singing Bowl"],"card_choices":[{"not_picked":["Clothesline","Armaments"],"picked":"Perfected Strike","floor":1},{"not_picked":["Havoc","Flex"],"picked":"Warcry","floor":4},{"not_picked":["Headbutt","Dropkick"],"picked":"Twin Strike","floor":6},{"not_picked":["Flex","Intimidate"],"picked":"Feed","floor":8},{"not_picked":["Cleave","Flex"],"picked":"Wild Strike","floor":10},{"not_picked":["Sword Boomerang","Shockwave"],"picked":"Wild Strike","floor":13}],"player_experience":177502,"potions_floor_usage":[8,13],"damage_taken":[{"damage":0,"enemies":"Small Slimes","floor":1,"turns":3},{"damage":13,"enemies":"Jaw Worm","floor":3,"turns":2},{"damage":4,"enemies":"Cultist","floor":4,"turns":3},{"damage":34,"enemies":"Gremlin Nob","floor":6,"turns":5},{"damage":30,"enemies":"Lagavulin","floor":8,"turns":5},{"damage":27,"enemies":"3 Sentries","floor":10,"turns":7},{"damage":0,"enemies":"Blue Slaver","floor":13,"turns":2},{"damage":49,"enemies":"The Guardian","floor":16,"turns":5}],"event_choices":[{"event_name":"Big Fish","player_choice":"Box","floor":2,"damage_taken":0},{"event_name":"The Lab","player_choice":"Got Potions","floor":5,"damage_taken":0},{"event_name":"Liars Game","player_choice":"disagreed","floor":11,"damage_taken":0},{"event_name":"Golden Wing","player_choice":"Gained Gold","floor":14,"damage_taken":0}],"boss_relics":[],"potions_floor_spawned":[3,4,8],"seed_played":"-3280920247556157492","killed_by":"The Guardian","ascension_level":1,"is_trial":false}