{"gold_per_floor":[112,112,128,139,139,139,119,129,129,155,174,174,20,40,40,117,117,136,136,136,136,35,35,87,99,177,203,50,50,1,13,13,90,90,108,33,33,46,60,90,90,100,100,100,127,142,161,6,6,6],"floor_reached":51,"playtime":1726,"items_purged":["Strike_B"],"score":1288,"play_id":"e98c5977-6edf-4037-8551-1c47e5c575d8","local_time":"20180830101923","is_ascension_mode":true,"campfire_choices":[{"floor":6,"key":"REST"},{"floor":12,"key":"REST"},{"data":"Defragment","floor":15,"key":"SMITH"},{"data":"Dualcast","floor":23,"key":"SMITH"},{"floor":29,"key":"REST"},{"data":"Barrage","floor":32,"key":"SMITH"},{"floor":41,"key":"REST"},{"floor":44,"key":"REST"},{"data":"Consume","floor":49,"key":"SMITH"}],"neow_cost":"NONE","seed_source_timestamp":165546989880349,"circlet_count":0,"master_deck":["Strike_B+1","Strike_B+1","Strike_B+1","Defend_B+1","Defend_B+1","Defend_B+1","Defend_B+1","Zap+1","Dualcast+1","AscendersBane","Cold Snap+1","Auto Shields","Go for the Eyes+1","Barrage+1","Glacier","Defragment+1","Streamline","Rainbow","Redo+1","Defragment+1","BootSequence","Heatsinks","Ball Lightning","Steam","Stack","Biased Cognition","Steam+1","Loop","Conserve Battery","Consume+1","Hologram","Secret Technique"],"relics":["Cracked Core","Bronze Scales","Mummified Hand","Gremlin Horn","Letter Opener","Inserter","Enchiridion","Oddly Smooth Stone","Tiny Chest","Anchor","Dream Catcher","Philosopher\u0027s Stone","Whetstone","The Courier","Boot","Lantern"],"potions_floor_usage":[10,16,25,33,40,40,50,50],"damage_taken":[{"damage":2,"enemies":"2 Louse","floor":1,"turns":2},{"damage":0,"enemies":"Jaw Worm","floor":3,"turns":3},{"damage":0,"enemies":"Cultist","floor":4,"turns":3},{"damage":3,"enemies":"Looter","floor":8,"turns":2},{"damage":33,"enemies":"Gremlin Nob","floor":10,"turns":5},{"damage":0,"enemies":"Red Slaver","floor":11,"turns":4},{"damage":2,"enemies":"2 Fungi Beasts","floor":14,"turns":2},{"damage":8,"enemies":"The Guardian","floor":16,"turns":11},{"damage":4,"enemies":"Shell Parasite","floor":18,"turns":7},{"damage":0,"enemies":"2 Thieves","floor":25,"turns":3},{"damage":0,"enemies":"Book of Stabbing","floor":27,"turns":4},{"damage":2,"enemies":"Sentry and Sphere","floor":31,"turns":4},{"damage":0,"enemies":"Automaton","floor":33,"turns":10},{"damage":11,"enemies":"3 Darklings","floor":35,"turns":4},{"damage":11,"enemies":"3 Shapes","floor":38,"turns":4},{"damage":12,"enemies":"Spire Growth","floor":39,"turns":5},{"damage":16,"enemies":"2 Orb Walkers","floor":40,"turns":4},{"damage":17,"enemies":"4 Shapes","floor":42,"turns":4},{"damage":2,"enemies":"Giant Head","floor":45,"turns":9},{"damage":6,"enemies":"Transient","floor":46,"turns":5},{"damage":13,"enemies":"Sphere and 2 Shapes","floor":47,"turns":5},{"damage":25,"enemies":"Time Eater","floor":50,"turns":12}],"seed_played":"7174419782740421591","potions_obtained":[{"floor":3,"key":"Dexterity Potion"},{"floor":7,"key":"Weak Potion"},{"floor":10,"key":"Ancient Potion"},{"floor":14,"key":"FocusPotion"},{"floor":25,"key":"LiquidBronze"},{"floor":31,"key":"Explosive Potion"},{"floor":39,"key":"Block Potion"},{"floor":40,"key":"Dexterity Potion"},{"floor":42,"key":"LiquidBronze"}],"is_trial":false,"path_per_floor":["M","?","M","M","?","R","?","M","T","E","M","R","$","M","R","B",null,"M","?","?","?","$","R","T","M","T","E","$","R","$","M","R","B",null,"M","$","T","M","M","E","R","M","T","R","E","M","M","$","R","B"],"character_chosen":"DEFECT","items_purchased":["FocusPotion","Fruit Juice","Dream Catcher","Steam","Loop","Secret Technique"],"campfire_rested":5,"item_purchase_floors":[13,22,28,30,36,48],"current_hp_per_floor":[66,33,33,33,33,55,55,52,52,19,19,41,41,39,39,31,64,60,44,44,44,44,44,44,49,49,49,49,73,73,71,71,71,78,67,67,67,56,44,28,52,35,35,59,57,51,45,45,45,20],"gold":6,"neow_bonus":"RANDOM_COMMON_RELIC","is_prod":false,"is_daily":false,"chose_seed":false,"campfire_upgraded":4,"win_rate":0,"timestamp":1535635163,"path_taken":["M","?","M","M","?","R","?","M","T","E","M","R","$","M","R","BOSS","M","?","?","?","$","R","?","M","T","E","?","R","$","M","R","BOSS","M","$","?","M","M","E","R","M","T","R","E","M","M","?","R","BOSS"],"build_version":"2018-07-12","purchased_purges":1,"victory":true,"max_hp_per_floor":[75,75,75,75,75,75,75,75,75,75,75,75,75,75,75,75,75,75,75,75,75,75,75,75,80,80,80,80,80,80,80,80,80,80,80,80,80,80,80,80,80,80,80,80,80,80,80,80,80,80],"card_choices":[{"not_picked":["Compile Driver","Chaos"],"picked":"Cold Snap","floor":1},{"not_picked":["Recycle","Beam Cell"],"picked":"Auto Shields","floor":3},{"not_picked":["Sweeping Beam","Turbo"],"picked":"Go for the Eyes","floor":4},{"not_picked":["Fusion","Turbo"],"picked":"Barrage","floor":8},{"not_picked":["Genetic Algorithm","Barrage"],"picked":"Glacier","floor":10},{"not_picked":["Leap","Meteor Strike"],"picked":"Defragment","floor":11},{"not_picked":["Steam","Blizzard"],"picked":"Streamline","floor":14},{"not_picked":["Fission","All For One"],"picked":"Rainbow","floor":16},{"not_picked":["Skim","Darkness"],"picked":"Redo+1","floor":18},{"not_picked":["Coolheaded","Leap"],"picked":"BootSequence","floor":25},{"not_picked":["Rainbow","Go for the Eyes"],"picked":"Heatsinks","floor":27},{"not_picked":["Beam Cell","Gash"],"picked":"Ball Lightning","floor":29},{"not_picked":["Compile Driver","Stack","Steam"],"picked":"SKIP","floor":31},{"not_picked":["Compile Driver","Stack","Steam"],"picked":"SKIP","floor":31},{"not_picked":["Compile Driver","Steam"],"picked":"Stack","floor":31},{"not_picked":["Seek","All For One"],"picked":"Biased Cognition","floor":33},{"not_picked":["Beam Cell","Static Discharge"],"picked":"Steam+1","floor":35},{"not_picked":["Stack","BootSequence+1","Leap"],"picked":"SKIP","floor":38},{"not_picked":["Go for the Eyes","Loop"],"picked":"Conserve Battery","floor":39},{"not_picked":["Redo","Sunder","Go for the Eyes"],"picked":"SKIP","floor":40},{"not_picked":["Steam","Static Discharge","BootSequence"],"picked":"SKIP","floor":42},{"not_picked":["Beam Cell","Reboot"],"picked":"Consume","floor":45},{"not_picked":["Steam","Skim","Heatsinks"],"picked":"SKIP","floor":46},{"not_picked":["Sweeping Beam","Cold Snap"],"picked":"Hologram","floor":47}],"player_experience":756970,"relics_obtained":[{"floor":9,"key":"Gremlin Horn"},{"floor":10,"key":"Letter Opener"},{"floor":19,"key":"Enchiridion"},{"floor":24,"key":"Oddly Smooth Stone"},{"floor":26,"key":"Tiny Chest"},{"floor":27,"key":"Anchor"},{"floor":37,"key":"Whetstone"},{"floor":40,"key":"The Courier"},{"floor":43,"key":"Boot"},{"floor":45,"key":"Lantern"}],"event_choices":[{"event_name":"Scrap Ooze","player_choice":"success","floor":2,"damage_taken":33},{"event_name":"Living Wall","player_choice":"Grow","floor":5,"damage_taken":0},{"event_name":"The Woman in Blue","player_choice":"Bought 1 Potion","floor":7,"damage_taken":0},{"event_name":"Cursed Tome","player_choice":"Obtained Book","floor":19,"damage_taken":0},{"event_name":"Duplicator","player_choice":"One dupe","floor":20,"damage_taken":0},{"event_name":"Back to Basics","player_choice":"Simplicity","floor":21,"damage_taken":0}],"boss_relics":[{"not_picked":["White Beast Statue","Nuclear Battery"],"picked":"Inserter"},{"not_picked":["Orrery","FrozenCore"],"picked":"Philosopher\u0027s Stone"}],"items_purged_floors":[13],"is_endless":false,"potions_floor_spawned":[3,8,10,14,25,27,31,39,40,42,46,47],"ascension_level":13}