{"gold_per_floor":[211,136,136,156,176,176,176,176,176,190,203,228,238,238,238,339,339,339,339,339,118,118,118,118,118,118,118,118,118,118,118,118,118,118,118,118,39,39,39,39,39,39,39,39,39,39,39,39,39,39],"floor_reached":51,"playtime":1534,"items_purged":["Strike_G","Strike_G"],"score":835,"play_id":"5d51f713-f56c-4bc0-ba2f-ea68c6871fbc","local_time":"20190510140642","is_ascension_mode":false,"campfire_choices":[{"data":"Neutralize","floor":6.0,"key":"SMITH"},{"data":"Deadly Poison","floor":8.0,"key":"SMITH"},{"data":"Deadly Poison","floor":15.0,"key":"SMITH"},{"data":"Noxious Fumes","floor":23.0,"key":"SMITH"},{"data":"Poisoned Stab","floor":25.0,"key":"SMITH"},{"data":"Blade Dance","floor":29,"key":"SMITH"},{"data":"Deflect","floor":32,"key":"SMITH"},{"data":"Noxious Fumes","floor":40,"key":"SMITH"},{"data":"Survivor","floor":42,"key":"SMITH"},{"floor":46,"key":"REST"},{"floor":49,"key":"REST"}],"neow_cost":"NONE","seed_source_timestamp":5135758318874,"circlet_count":0,"master_deck":["Defend_G+1","Defend_G+1","Defend_G+1","Defend_G+1","Defend_G+1","Strike_G+1","Survivor+1","Neutralize+1","Deadly Poison+1","Poisoned Stab+1","Deflect+1","Blade Dance+1","Deadly Poison+1","Burst+1","Deflect+1","Deflect+1","Deadly Poison+1","Noxious Fumes+1","Phantasmal Killer+1","Heel Hook+1","Catalyst+1","Ghostly+1","Ghostly+1","Ghostly+1","Ghostly+1","Ghostly+1","Backflip+1","Acrobatics+1","Burst+1","Dodge and Roll+1","Noxious Fumes+1","Bane+1","Poisoned Stab+1","Riddle With Holes+1","Blur+1"],"special_seed":0,"relics":["Ring of the Snake","Meat on the Bone","Ornamental Fan","Odd Mushroom","Toxic Egg 2","Ectoplasm","Red Mask","Letter Opener","Molten Egg 2","Philosopher\u0027s Stone","Whetstone","Boot"],"potions_floor_usage":[33,50,50],"damage_taken":[{"damage":2.0,"enemies":"Small Slimes","floor":1.0,"turns":4.0},{"damage":0.0,"enemies":"Cultist","floor":4.0,"turns":4.0},{"damage":0.0,"enemies":"2 Louse","floor":5.0,"turns":3.0},{"damage":2.0,"enemies":"Looter","floor":10.0,"turns":3.0},{"damage":5.0,"enemies":"2 Fungi Beasts","floor":11.0,"turns":4.0},{"damage":2.0,"enemies":"The Mushroom Lair","floor":12.0,"turns":5.0},{"damage":0.0,"enemies":"3 Louse","floor":13.0,"turns":3.0},{"damage":6.0,"enemies":"Hexaghost","floor":16.0,"turns":8.0},{"damage":5.0,"enemies":"3 Byrds","floor":18.0,"turns":6.0},{"damage":17.0,"enemies":"Masked Bandits","floor":19.0,"turns":5.0},{"damage":0.0,"enemies":"Spheric Guardian","floor":20.0,"turns":5.0},{"damage":3.0,"enemies":"Slavers","floor":27.0,"turns":6.0},{"damage":0,"enemies":"Snake Plant","floor":30,"turns":2},{"damage":0,"enemies":"Shelled Parasite and Fungi","floor":31,"turns":3},{"damage":0,"enemies":"Automaton","floor":33,"turns":8},{"damage":1,"enemies":"3 Shapes","floor":35,"turns":4},{"damage":0,"enemies":"Orb Walker","floor":41,"turns":2},{"damage":0,"enemies":"Jaw Worm Horde","floor":44,"turns":5},{"damage":0,"enemies":"Nemesis","floor":45,"turns":7},{"damage":2,"enemies":"Spire Growth","floor":47,"turns":5},{"damage":7,"enemies":"3 Darklings","floor":48,"turns":4},{"damage":19,"enemies":"Time Eater","floor":50,"turns":10}],"seed_played":"-8071549441534021408","potions_obtained":[{"floor":4.0,"key":"Weak Potion"},{"floor":5.0,"key":"Swift Potion"},{"floor":13.0,"key":"Block Potion"},{"floor":18.0,"key":"FairyPotion"},{"floor":27.0,"key":"Regen Potion"},{"floor":33,"key":"Fire Potion"},{"floor":48,"key":"Poison Potion"}],"is_trial":false,"path_per_floor":["M","$","?","M","M","R","T","R","T","M","M","?","M","?","R","B",null,"M","?","M","$","?","R","?","R","T","E","?","R","M","M","R","B",null,"M","?","$","?","?","R","M","R","T","M","E","R","M","M","R","B",null],"character_chosen":"THE_SILENT","items_purchased":["Deadly Poison+1","Noxious Fumes","Noxious Fumes"],"campfire_rested":2,"item_purchase_floors":[21,21,37],"current_hp_per_floor":[68,68,68,68,68,68,68,68,68,66,61,59,59,52,52,46,70,65,48,48,48,48,48,48,48,48,45,35,35,35,35,35,35,35,34,34,34,33,33,33,33,33,33,33,33,33,31,24,33,21],"gold":39,"neow_bonus":"HUNDRED_GOLD","is_prod":false,"is_daily":false,"chose_seed":false,"campfire_upgraded":9,"win_rate":0,"timestamp":1557518802,"path_taken":["M","$","?","?","M","R","?","R","T","?","M","?","M","?","R","BOSS","M","?","M","$","?","R","?","R","T","E","?","R","M","M","R","BOSS","M","?","$","?","?","R","M","R","T","M","E","R","M","M","R","BOSS"],"build_version":"2019-01-23","purchased_purges":2,"victory":true,"max_hp_per_floor":[70,70,70,70,70,70,70,70,70,70,70,70,70,70,70,70,70,70,70,70,70,70,70,70,70,70,70,35,35,35,35,35,35,35,35,35,35,33,33,33,33,33,33,33,33,33,33,33,33,33],"card_choices":[{"not_picked":["Slice","Outmaneuver"],"picked":"Deadly Poison","floor":1.0},{"not_picked":["Dodge and Roll","Flying Knee"],"picked":"Poisoned Stab","floor":4.0},{"not_picked":["Choke","Quick Slash","Prepared"],"picked":"SKIP","floor":5.0},{"not_picked":["Accuracy","PiercingWail"],"picked":"Deflect","floor":10.0},{"not_picked":["Backstab","Dagger Throw"],"picked":"Blade Dance","floor":11.0},{"not_picked":["Flying Knee","Bane"],"picked":"Deadly Poison","floor":12.0},{"not_picked":["PiercingWail","Calculated Gamble"],"picked":"Backstab","floor":13.0},{"not_picked":["Storm of Steel+1","Die Die Die"],"picked":"Burst+1","floor":16.0},{"not_picked":["Outmaneuver+1","Sucker Punch"],"picked":"Deflect+1","floor":18.0},{"not_picked":["Poisoned Stab","Prepared+1"],"picked":"Deflect+1","floor":19.0},{"not_picked":["Outmaneuver+1","Dagger Spray","Dash"],"picked":"SKIP","floor":20.0},{"not_picked":["Calculated Gamble+1","Distraction+1"],"picked":"Catalyst+1","floor":27.0},{"not_picked":["Underhanded Strike+1","Quick Slash+1"],"picked":"Backflip+1","floor":30},{"not_picked":["Envenom","Endless Agony+1"],"picked":"Acrobatics+1","floor":31},{"not_picked":["Night Terror+1","Phantasmal Killer+1"],"picked":"Burst+1","floor":33},{"not_picked":["PiercingWail+1","Riddle With Holes+1"],"picked":"Dodge and Roll+1","floor":35},{"not_picked":["Dagger Spray+1","Endless Agony+1"],"picked":"Bane+1","floor":41},{"not_picked":["Dodge and Roll+1","Slice+1"],"picked":"Poisoned Stab+1","floor":44},{"not_picked":["Sucker Punch+1","Outmaneuver+1","Underhanded Strike+1"],"picked":"SKIP","floor":45},{"not_picked":["Setup+1","Endless Agony+1"],"picked":"Riddle With Holes+1","floor":47},{"not_picked":["Dash+1","Quick Slash+1"],"picked":"Blur+1","floor":48}],"player_experience":1399489,"relics_obtained":[{"floor":7.0,"key":"Meat on the Bone"},{"floor":9.0,"key":"Ornamental Fan"},{"floor":12.0,"key":"Odd Mushroom"},{"floor":19.0,"key":"Red Mask"},{"floor":26.0,"key":"Letter Opener"},{"floor":27.0,"key":"Molten Egg 2"},{"floor":43,"key":"Whetstone"},{"floor":45,"key":"Boot"}],"event_choices":[{"damage_healed":0.0,"max_hp_gain":0.0,"max_hp_loss":0.0,"gold_gain":0.0,"event_name":"The Woman in Blue","player_choice":"Bought 0 Potions","floor":3.0,"gold_loss":0.0,"damage_taken":0.0},{"damage_healed":0.0,"max_hp_gain":0.0,"max_hp_loss":0.0,"gold_gain":0.0,"event_name":"Mushrooms","player_choice":"Fought Mushrooms","floor":12.0,"gold_loss":0.0,"damage_taken":0.0},{"damage_healed":0.0,"max_hp_gain":0.0,"max_hp_loss":0.0,"gold_gain":0.0,"event_name":"Scrap Ooze","player_choice":"Success","floor":14.0,"gold_loss":0.0,"damage_taken":7.0,"relics_obtained":["Toxic Egg 2"]},{"damage_healed":0.0,"max_hp_gain":0.0,"max_hp_loss":0.0,"gold_gain":0.0,"event_name":"Masked Bandits","player_choice":"Fought Bandits","floor":19.0,"gold_loss":0.0,"damage_taken":0.0},{"damage_healed":0.0,"max_hp_gain":0.0,"max_hp_loss":0.0,"gold_gain":0.0,"cards_transformed":["Strike_G","Strike_G"],"event_name":"Drug Dealer","player_choice":"Became Test Subject","floor":22.0,"gold_loss":0.0,"damage_taken":0.0,"cards_obtained":["Phantasmal Killer","Heel Hook"]},{"damage_healed":0.0,"max_hp_gain":0.0,"max_hp_loss":0.0,"gold_gain":0.0,"event_name":"Back to Basics","player_choice":"Simplicity","floor":24.0,"gold_loss":0.0,"damage_taken":0.0,"cards_upgraded":["Defend_G","Defend_G","Defend_G","Defend_G","Defend_G","Strike_G"]},{"damage_healed":0,"gold_gain":0,"player_choice":"Became a Ghost","damage_taken":0,"max_hp_gain":0,"max_hp_loss":35,"event_name":"Ghosts","floor":28,"gold_loss":0,"cards_obtained":["Ghostly","Ghostly","Ghostly","Ghostly","Ghostly"]},{"cards_removed":["Backstab"],"damage_healed":0,"gold_gain":0,"player_choice":"Removed Attack","damage_taken":0,"max_hp_gain":0,"max_hp_loss":0,"event_name":"Falling","floor":36,"gold_loss":0},{"damage_healed":0,"gold_gain":0,"player_choice":"Max HP","damage_taken":0,"max_hp_gain":0,"max_hp_loss":2,"event_name":"Winding Halls","floor":38,"gold_loss":0},{"damage_healed":0,"gold_gain":0,"player_choice":"Ignored","damage_taken":0,"max_hp_gain":0,"max_hp_loss":0,"event_name":"Golden Shrine","floor":39,"gold_loss":0}],"is_beta":false,"boss_relics":[{"not_picked":["Orrery","Ring of the Serpent"],"picked":"Ectoplasm"},{"not_picked":["Tiny House","Runic Pyramid"],"picked":"Philosopher\u0027s Stone"}],"items_purged_floors":[2,21],"is_endless":false,"potions_floor_spawned":[4,5,13,18,27,33,47,48],"ascension_level":0}