{"gold_per_floor":[117,127,127,144,144,144,144,144,144,144,174,73,99,99,99,170,170,184,160,72,72,91,123,123,155,155,155,175,185,203,203,203,280,280,300,22,37,47,47,79,79,109,109,144,164,178,178,178,178,178,178,178,178,41,76,76],"floor_reached":57,"playtime":3774,"items_purged":["Strike_R","Strike_R"],"score":3400,"play_id":"10f4e72a-e3c0-4525-995c-4dae357461f0","local_time":"20190309214124","is_ascension_mode":true,"campfire_choices":[{"data":"True Grit","floor":6.0,"key":"SMITH"},{"data":"Discovery","floor":8.0,"key":"SMITH"},{"data":"Bash","floor":10.0,"key":"SMITH"},{"data":"Armaments","floor":15.0,"key":"SMITH"},{"floor":24.0,"key":"DIG"},{"floor":27.0,"key":"DIG"},{"floor":32.0,"key":"DIG"},{"floor":41.0,"key":"DIG"},{"floor":47.0,"key":"RECALL"},{"floor":49.0,"key":"DIG"},{"floor":53.0,"key":"DIG"}],"neow_cost":"PERCENT_DAMAGE","seed_source_timestamp":724096854891471,"circlet_count":0,"master_deck":["AscendersBane","Strike_R+1","Strike_R+1","Defend_R","Defend_R","Defend_R","Defend_R","Bash+1","Finesse","True Grit+1","Battle Trance","Discovery+1","Demon Form","Armaments+1","Flame Barrier","Double Tap","Evolve","Sword Boomerang","Seeing Red","Reaper","Reaper","Havoc","Corruption","Havoc+1","Shrug It Off+1","Dual Wield+1","Shockwave+1","Dark Embrace","Master of Strategy+1","Burning Pact+1","Infernal Blade+1","Disarm+1","Burning Pact+1","Warcry+1","Exhume+1","Havoc+1","Fiend Fire","Dark Embrace+1"],"special_seed":0,"relics":["Burning Blood","Prayer Wheel","Art of War","Whetstone","Shovel","Coffee Dripper","Shuriken","Dead Branch","Pear","Toxic Egg 2","Anchor","WarpedTongs","PreservedInsect","Philosopher\u0027s Stone","Spirit Poop","Gremlin Horn","Frozen Egg 2","Ornamental Fan","The Courier","Turnip","Dodecahedron","Letter Opener"],"potions_floor_usage":[56],"damage_taken":[{"damage":7.0,"enemies":"Small Slimes","floor":1.0,"turns":4.0},{"damage":3.0,"enemies":"Cultist","floor":2.0,"turns":5.0},{"damage":10.0,"enemies":"Jaw Worm","floor":4.0,"turns":5.0},{"damage":14.0,"enemies":"Gremlin Nob","floor":11.0,"turns":3.0},{"damage":24.0,"enemies":"3 Sentries","floor":13.0,"turns":9.0},{"damage":4.0,"enemies":"Hexaghost","floor":16.0,"turns":9.0},{"damage":12.0,"enemies":"Chosen","floor":18.0,"turns":5.0},{"damage":19.0,"enemies":"2 Thieves","floor":19.0,"turns":4.0},{"damage":22.0,"enemies":"Snecko","floor":22.0,"turns":5.0},{"damage":56.0,"enemies":"Slavers","floor":23.0,"turns":7.0},{"damage":58.0,"enemies":"Gremlin Leader","floor":25.0,"turns":10.0},{"damage":0.0,"enemies":"Centurion and Healer","floor":28.0,"turns":7.0},{"damage":3.0,"enemies":"Chosen and Byrds","floor":29.0,"turns":2.0},{"damage":0.0,"enemies":"Snecko","floor":30.0,"turns":3.0},{"damage":6.0,"enemies":"Automaton","floor":33.0,"turns":4.0},{"damage":1.0,"enemies":"3 Shapes","floor":35.0,"turns":3.0},{"damage":34.0,"enemies":"3 Darklings","floor":37.0,"turns":5.0},{"damage":13.0,"enemies":"Writhing Mass","floor":38.0,"turns":4.0},{"damage":0.0,"enemies":"Reptomancer","floor":40.0,"turns":2.0},{"damage":6.0,"enemies":"Nemesis","floor":42.0,"turns":3.0},{"damage":6.0,"enemies":"Reptomancer","floor":44.0,"turns":2.0},{"damage":9.0,"enemies":"Sphere and 2 Shapes","floor":45.0,"turns":4.0},{"damage":0.0,"enemies":"3 Darklings","floor":46.0,"turns":2.0},{"damage":9.0,"enemies":"Donu and Deca","floor":50.0,"turns":5.0},{"damage":0.0,"enemies":"Awakened One","floor":51.0,"turns":3.0},{"damage":0.0,"enemies":"Shield and Spear","floor":55.0,"turns":2.0},{"damage":30,"enemies":"The Heart","floor":56,"turns":5}],"seed_played":"-6303974743351281402","potions_obtained":[{"floor":13.0,"key":"SteroidPotion"},{"floor":22.0,"key":"Poison Potion"},{"floor":28.0,"key":"AttackPotion"},{"floor":29.0,"key":"Energy Potion"},{"floor":35.0,"key":"SpeedPotion"}],"is_trial":false,"path_per_floor":["M","M","?","M","?","R","?","R","T","R","E","$","E","T","R","B",null,"M","M","$","?","M","E","R","E","T","R","M","M","M","?","R","B",null,"M","$","M","M","?","E","R","E","T","E","M","M","R","?","R","B","B",null,"R","$","E","B",null],"character_chosen":"IRONCLAD","items_purchased":["Armaments","Reaper","Master of Strategy+1","Fiend Fire"],"campfire_rested":0,"item_purchase_floors":[12,20,36,54],"current_hp_per_floor":[49,52,48,44,37,37,37,37,37,37,29,29,11,11,11,13,60,54,41,41,41,38,19,19,59,59,59,85,85,85,85,85,85,85,85,85,85,78,78,84,84,84,84,85,82,85,85,85,85,85,85,85,85,85,85,73],"gold":76,"neow_bonus":"RANDOM_COLORLESS_2","is_prod":false,"is_daily":false,"chose_seed":false,"campfire_upgraded":4,"win_rate":0,"timestamp":1552138884,"path_taken":["M","M","?","?","?","R","?","R","T","R","E","$","E","?","R","BOSS","M","M","$","?","M","E","R","E","T","R","M","?","?","?","R","BOSS","M","$","M","?","?","E","R","E","T","E","?","M","R","?","R","BOSS","BOSS","R","$","E","BOSS"],"build_version":"2019-01-23","purchased_purges":2,"victory":true,"max_hp_per_floor":[75,75,75,75,75,75,75,75,75,75,75,75,75,75,75,75,75,75,75,75,75,75,75,75,85,85,85,85,85,85,85,85,85,85,85,85,85,85,85,85,85,85,85,85,85,85,85,85,85,85,85,85,85,85,85,85],"card_choices":[{"not_picked":["Bloodletting","Perfected Strike"],"picked":"True Grit","floor":1.0},{"not_picked":["Anger","Perfected Strike","Pummel"],"picked":"SKIP","floor":2.0},{"not_picked":["Reckless Charge","Wild Strike"],"picked":"Battle Trance","floor":4.0},{"not_picked":["True Grit","Ghostly Armor"],"picked":"Demon Form","floor":11.0},{"not_picked":["Metallicize","Bludgeon"],"picked":"Flame Barrier","floor":13.0},{"not_picked":["Demon Form","Barricade"],"picked":"Double Tap","floor":16.0},{"not_picked":["Heavy Blade+1","Carnage"],"picked":"Evolve","floor":18.0},{"not_picked":["Headbutt","Cleave","Hemokinesis"],"picked":"SKIP","floor":18.0},{"not_picked":["Wild Strike","Carnage"],"picked":"Sword Boomerang","floor":19.0},{"not_picked":["Flex","Sword Boomerang"],"picked":"Seeing Red","floor":19.0},{"not_picked":["Juggernaut","Headbutt"],"picked":"Havoc","floor":22.0},{"not_picked":["Body Slam","Sever Soul","Armaments"],"picked":"SKIP","floor":22.0},{"not_picked":["Rupture","Whirlwind+1","Sword Boomerang"],"picked":"SKIP","floor":23.0},{"not_picked":["Wild Strike","Bludgeon"],"picked":"Corruption","floor":25.0},{"not_picked":["Armaments+1","Hemokinesis"],"picked":"Havoc+1","floor":28.0},{"not_picked":["Anger","Wild Strike","Armaments+1"],"picked":"SKIP","floor":28.0},{"not_picked":["Whirlwind","Thunderclap"],"picked":"Shrug It Off+1","floor":29.0},{"not_picked":["Body Slam","Armaments+1","Rampage"],"picked":"SKIP","floor":29.0},{"not_picked":["Whirlwind","Body Slam"],"picked":"Dual Wield+1","floor":30.0},{"not_picked":["Heavy Blade","Sword Boomerang"],"picked":"Shockwave+1","floor":30.0},{"not_picked":["Exhume+1","Barricade"],"picked":"Dark Embrace","floor":33.0},{"not_picked":["Clothesline","Armaments+1","Carnage"],"picked":"SKIP","floor":35.0},{"not_picked":["Searing Blow","Twin Strike","Clash+1"],"picked":"SKIP","floor":35.0},{"not_picked":["Armaments+1","Inflame"],"picked":"Burning Pact+1","floor":37.0},{"not_picked":["Clothesline+1","Juggernaut","Wild Strike+1"],"picked":"SKIP","floor":37.0},{"not_picked":["Flex+1","Pommel Strike"],"picked":"Infernal Blade+1","floor":38.0},{"not_picked":["Pummel","Sword Boomerang","Clash+1"],"picked":"SKIP","floor":38.0},{"not_picked":["Heavy Blade+1","Anger+1"],"picked":"Disarm+1","floor":40.0},{"not_picked":["Body Slam","Armaments+1"],"picked":"Burning Pact+1","floor":42.0},{"not_picked":["Clash+1","Metallicize+1"],"picked":"Warcry+1","floor":44.0},{"not_picked":["Twin Strike+1","Body Slam+1"],"picked":"Exhume+1","floor":45.0},{"not_picked":["Twin Strike+1","Pummel","Headbutt"],"picked":"SKIP","floor":45.0},{"not_picked":["Heavy Blade+1","Pommel Strike+1"],"picked":"Havoc+1","floor":46.0},{"not_picked":["Combust+1","Rage+1","Pommel Strike"],"picked":"SKIP","floor":46.0},{"not_picked":["Iron Wave","Battle Trance+1"],"picked":"Dark Embrace+1","floor":55.0}],"player_experience":1200550,"relics_obtained":[{"floor":9.0,"key":"Prayer Wheel"},{"floor":11.0,"key":"Art of War"},{"floor":13.0,"key":"Whetstone"},{"floor":14.0,"key":"Shovel"},{"floor":23.0,"key":"Shuriken"},{"floor":24.0,"key":"Dead Branch"},{"floor":25.0,"key":"Pear"},{"floor":26.0,"key":"Toxic Egg 2"},{"floor":27.0,"key":"Anchor"},{"floor":32.0,"key":"PreservedInsect"},{"floor":40.0,"key":"Gremlin Horn"},{"floor":41.0,"key":"Frozen Egg 2"},{"floor":42.0,"key":"Ornamental Fan"},{"floor":44.0,"key":"The Courier"},{"floor":49.0,"key":"Turnip"},{"floor":53.0,"key":"Dodecahedron"},{"floor":55.0,"key":"Letter Opener"}],"event_choices":[{"damage_healed":0.0,"max_hp_gain":0.0,"max_hp_loss":0.0,"gold_gain":0.0,"event_name":"The Woman in Blue","player_choice":"Bought 0 Potions","floor":3.0,"gold_loss":0.0,"damage_taken":0.0},{"cards_removed":["Strike_R"],"damage_healed":0.0,"max_hp_gain":0.0,"max_hp_loss":0.0,"gold_gain":0.0,"event_name":"Golden Wing","player_choice":"Card Removal","floor":5.0,"gold_loss":0.0,"damage_taken":7.0},{"damage_healed":0.0,"max_hp_gain":0.0,"max_hp_loss":0.0,"gold_gain":0.0,"cards_transformed":["Mind Blast"],"event_name":"Living Wall","player_choice":"Change","floor":7.0,"gold_loss":0.0,"damage_taken":0.0,"cards_obtained":["Discovery"]},{"damage_healed":0.0,"max_hp_gain":0.0,"max_hp_loss":0.0,"gold_gain":0.0,"event_name":"Duplicator","player_choice":"Copied","floor":21.0,"gold_loss":0.0,"damage_taken":0.0,"cards_obtained":["Reaper"]},{"damage_healed":0.0,"max_hp_gain":0.0,"max_hp_loss":0.0,"gold_gain":0.0,"event_name":"Accursed Blacksmith","player_choice":"Rummage","floor":31.0,"gold_loss":0.0,"damage_taken":0.0,"relics_obtained":["WarpedTongs"],"cards_obtained":["Pain"]},{"cards_removed":["Pain"],"damage_healed":0.0,"max_hp_gain":0.0,"max_hp_loss":0.0,"gold_gain":0.0,"event_name":"Bonfire Elementals","player_choice":"Offered Curse","floor":39.0,"gold_loss":0.0,"damage_taken":0.0,"relics_obtained":["Spirit Poop"]},{"damage_healed":0.0,"max_hp_gain":0.0,"max_hp_loss":0.0,"gold_gain":0.0,"event_name":"Tomb of Lord Red Mask","player_choice":"Ignored","floor":48.0,"gold_loss":0.0,"damage_taken":0.0}],"is_beta":false,"boss_relics":[{"not_picked":["Astrolabe","Orrery"],"picked":"Coffee Dripper"},{"not_picked":["Tiny House","Mark of Pain"],"picked":"Philosopher\u0027s Stone"}],"items_purged_floors":[12,36],"is_endless":false,"potions_floor_spawned":[13,22,28,29,35,37,42],"ascension_level":20}