{"gold_per_floor":[109,121,47,122,122,147,165,165,165,165,48,60,70,90,90,189,189,201,211,211,211,23,53,53,68,68,68,83,97,97,108,108,209,209,222,222,239,239,256,256],"floor_reached":40,"playtime":2175,"items_purged":[],"score":607,"play_id":"33efce08-a56b-41fc-877b-39692f06ecba","local_time":"20190510192342","is_ascension_mode":true,"campfire_choices":[{"data":"Footwork","floor":10,"key":"SMITH"},{"data":"Noxious Fumes","floor":15,"key":"SMITH"},{"data":"Secret Technique","floor":24,"key":"SMITH"},{"data":"PiercingWail","floor":27,"key":"SMITH"},{"floor":32,"key":"REST"}],"neow_cost":"NONE","seed_source_timestamp":1068544758447528,"circlet_count":0,"master_deck":["Defend_G","Defend_G","Defend_G","Defend_G+1","Defend_G","Strike_G","Strike_G","Strike_G","Strike_G","Survivor+1","Neutralize","Backflip","Caltrops","Footwork+1","Acrobatics","PiercingWail","Footwork","Crippling Poison","PiercingWail+1","Noxious Fumes+1","Deadly Poison","Die Die Die","Outmaneuver","Expertise","Secret Technique+1","Poisoned Stab+1","Sucker Punch+1","Acrobatics+1","Doppelganger","Dodge and Roll","Noxious Fumes+1"],"relics":["Ring of the Snake","NeowsBlessing","Mercury Hourglass","Busted Crown","StoneCalendar","Dream Catcher","Pear","Cursed Key"],"potions_floor_usage":[16,16,28,33,33,33,37,38,39,40,40],"damage_taken":[{"damage":0,"enemies":"2 Louse","floor":1,"turns":1},{"damage":0,"enemies":"Small Slimes","floor":2,"turns":1},{"damage":0,"enemies":"Lagavulin","floor":6,"turns":1},{"damage":0,"enemies":"Jaw Worm","floor":7,"turns":4},{"damage":0,"enemies":"Blue Slaver","floor":12,"turns":5},{"damage":3,"enemies":"Looter","floor":13,"turns":5},{"damage":6,"enemies":"2 Fungi Beasts","floor":14,"turns":3},{"damage":0,"enemies":"The Guardian","floor":16,"turns":11},{"damage":7,"enemies":"2 Thieves","floor":18,"turns":4},{"damage":0,"enemies":"Shell Parasite","floor":19,"turns":5},{"damage":15,"enemies":"Slavers","floor":23,"turns":6},{"damage":21,"enemies":"Shelled Parasite and Fungi","floor":25,"turns":6},{"damage":6,"enemies":"Cultist and Chosen","floor":28,"turns":6},{"damage":4,"enemies":"Chosen and Byrds","floor":29,"turns":6},{"damage":20,"enemies":"Snecko","floor":31,"turns":6},{"damage":23,"enemies":"Automaton","floor":33,"turns":10},{"damage":14,"enemies":"3 Darklings","floor":35,"turns":5},{"damage":7,"enemies":"3 Shapes","floor":37,"turns":5},{"damage":26,"enemies":"Jaw Worm Horde","floor":39,"turns":5},{"damage":49,"enemies":"Giant Head","floor":40,"turns":9}],"seed_played":"526529079634480876","potions_obtained":[{"floor":1,"key":"EssenceOfSteel"},{"floor":6,"key":"Explosive Potion"},{"floor":12,"key":"Explosive Potion"},{"floor":14,"key":"LiquidBronze"},{"floor":25,"key":"Dexterity Potion"},{"floor":28,"key":"Dexterity Potion"},{"floor":29,"key":"Poison Potion"},{"floor":31,"key":"Regen Potion"},{"floor":37,"key":"Fruit Juice"},{"floor":38,"key":"Swift Potion"},{"floor":38,"key":"Swift Potion"},{"floor":38,"key":"Fruit Juice"},{"floor":39,"key":"LiquidBronze"}],"is_trial":false,"path_per_floor":["M","M","$","?","?","E","M","?","T","R","$","M","M","M","R","B",null,"M","M","?","?","$","E","R","M","T","R","M","M","T","M","R","B",null,"M","?","M","?","M","E"],"character_chosen":"THE_SILENT","items_purchased":["Footwork","Footwork","Crippling Poison","Secret Technique"],"campfire_rested":1,"item_purchase_floors":[3,11,11,22],"current_hp_per_floor":[70,70,70,59,45,45,45,45,45,45,45,45,42,36,36,36,70,63,63,50,75,75,60,60,39,39,39,33,29,39,19,44,36,85,71,71,69,74,48,0],"gold":256,"neow_bonus":"THREE_ENEMY_KILL","is_prod":false,"is_daily":false,"chose_seed":false,"campfire_upgraded":4,"win_rate":0,"timestamp":1557530622,"path_taken":["M","M","$","?","?","E","M","?","T","R","?","M","M","?","R","BOSS","M","M","?","?","?","E","R","M","T","R","M","?","?","M","R","BOSS","M","?","?","?","M","E"],"build_version":"2019-01-23","purchased_purges":0,"victory":false,"max_hp_per_floor":[70,70,70,70,70,70,70,70,70,70,70,70,70,70,70,70,70,70,70,75,75,75,75,75,75,75,75,75,75,85,85,85,85,85,85,85,90,95,95,95],"card_choices":[{"not_picked":["Dodge and Roll","Infinite Blades"],"picked":"Backflip","floor":1},{"not_picked":["Skewer","Masterful Stab"],"picked":"Caltrops","floor":2},{"not_picked":["Deflect","Backflip"],"picked":"Acrobatics","floor":6},{"not_picked":["Caltrops","Quick Slash"],"picked":"PiercingWail","floor":7},{"not_picked":["Underhanded Strike","Outmaneuver"],"picked":"PiercingWail","floor":12},{"not_picked":["Bane","Underhanded Strike"],"picked":"Noxious Fumes","floor":13},{"not_picked":["Dodge and Roll","Slice"],"picked":"Deadly Poison","floor":14},{"not_picked":["Glass Knife","Night Terror"],"picked":"Die Die Die","floor":16},{"not_picked":[],"picked":"Outmaneuver","floor":18},{"not_picked":[],"picked":"Expertise","floor":19},{"not_picked":[],"picked":"Poisoned Stab+1","floor":23},{"not_picked":[],"picked":"Sucker Punch+1","floor":25},{"not_picked":[],"picked":"Acrobatics+1","floor":28},{"not_picked":[],"picked":"Doppelganger","floor":29},{"not_picked":[],"picked":"Dodge and Roll","floor":31},{"not_picked":["Outmaneuver+1"],"picked":"SKIP","floor":35},{"not_picked":["Accuracy"],"picked":"SKIP","floor":37},{"not_picked":["Bane+1"],"picked":"SKIP","floor":39}],"player_experience":231066,"relics_obtained":[{"floor":6,"key":"Mercury Hourglass"},{"floor":23,"key":"StoneCalendar"},{"floor":26,"key":"Dream Catcher"},{"floor":30,"key":"Pear"}],"event_choices":[{"damage_healed":0,"gold_gain":75,"player_choice":"Gather Gold","damage_taken":11,"max_hp_gain":0,"max_hp_loss":0,"event_name":"World of Goop","floor":4,"gold_loss":0},{"damage_healed":0,"gold_gain":0,"player_choice":"Entered Light","damage_taken":14,"max_hp_gain":0,"max_hp_loss":0,"event_name":"Shining Light","floor":5,"gold_loss":0,"cards_upgraded":["Survivor","Defend_G"]},{"cards_removed":["Strike_G"],"damage_healed":0,"gold_gain":0,"player_choice":"Forget","damage_taken":0,"max_hp_gain":0,"max_hp_loss":0,"event_name":"Living Wall","floor":8,"gold_loss":0},{"damage_healed":0,"gold_gain":0,"player_choice":"Shed Blood","damage_taken":18,"max_hp_gain":5,"max_hp_loss":0,"event_name":"Forgotten Altar","floor":20,"gold_loss":0},{"damage_healed":25,"gold_gain":0,"player_choice":"Heal","damage_taken":0,"max_hp_gain":0,"max_hp_loss":0,"event_name":"The Library","floor":21,"gold_loss":0},{"damage_healed":0,"gold_gain":0,"player_choice":"Copied","damage_taken":0,"max_hp_gain":0,"max_hp_loss":0,"event_name":"Duplicator","floor":36,"gold_loss":0,"cards_obtained":["Noxious Fumes"]},{"damage_healed":0,"gold_gain":0,"player_choice":"Got Potions","damage_taken":0,"max_hp_gain":0,"max_hp_loss":0,"event_name":"Lab","floor":38,"gold_loss":0}],"is_beta":false,"boss_relics":[{"not_picked":["Snecko Eye","Pandora\u0027s Box"],"picked":"Busted Crown"},{"not_picked":["Astrolabe","Black Star"],"picked":"Cursed Key"}],"items_purged_floors":[],"is_endless":false,"potions_floor_spawned":[1,6,12,14,25,28,29,31,37,39],"killed_by":"Giant Head","ascension_level":4}