{"gold_per_floor":[114,389,403,415,15,67,67,67,122,166,166,166,11,51,51,147,147,197,247,247,247,49,90,104,104],"floor_reached":25,"playtime":3291,"items_purged":["Regret","Strike_R","Strike_R"],"score":438,"play_id":"62f3e297-7b6e-4d6a-aefe-daf5570cc706","local_time":"20190429225150","is_ascension_mode":true,"campfire_choices":[{"data":"HandOfGreed","floor":7.0,"key":"SMITH"},{"data":"Apotheosis","floor":15.0,"key":"SMITH"}],"neow_cost":"NONE","seed_source_timestamp":390155717934138,"circlet_count":0,"master_deck":["AscendersBane","Strike_R+1","Strike_R","Strike_R","Defend_R","Defend_R","Defend_R+1","Defend_R","Bash","Flame Barrier","Whirlwind","HandOfGreed+1","Apotheosis+1","Rampage","Dark Embrace","Feel No Pain","Battle Trance"],"special_seed":0,"relics":["Burning Blood","Happy Flower","Membership Card","Strawberry","Ancient Tea Set","Golden Idol","Sozu","Brimstone","Shuriken"],"potions_floor_usage":[],"damage_taken":[{"damage":9.0,"enemies":"Jaw Worm","floor":1.0,"turns":5.0},{"damage":3.0,"enemies":"Cultist","floor":3.0,"turns":4.0},{"damage":5.0,"enemies":"2 Louse","floor":4.0,"turns":4.0},{"damage":15.0,"enemies":"3 Sentries","floor":6.0,"turns":5.0},{"damage":8.0,"enemies":"Blue Slaver","floor":10.0,"turns":7.0},{"damage":26.0,"enemies":"Large Slime","floor":14.0,"turns":6.0},{"damage":34.0,"enemies":"Hexaghost","floor":16.0,"turns":8.0},{"damage":12.0,"enemies":"Chosen","floor":18.0,"turns":5.0},{"damage":27.0,"enemies":"Book of Stabbing","floor":23.0,"turns":4.0},{"damage":2.0,"enemies":"Spheric Guardian","floor":24.0,"turns":3.0},{"damage":42,"enemies":"Slavers","floor":25,"turns":3}],"seed_played":"3226588543985390831","potions_obtained":[{"floor":4.0,"key":"GamblersBrew"},{"floor":6.0,"key":"Regen Potion"}],"is_trial":false,"path_per_floor":["M","?","M","M","$","E","R","?","T","M","?","?","$","M","R","B",null,"M","?","?","T","$","E","M","E"],"character_chosen":"IRONCLAD","items_purchased":["Membership Card","Whirlwind","HandOfGreed","Apotheosis","Brimstone","Feel No Pain"],"campfire_rested":0,"item_purchase_floors":[5,5,5,13,22,22],"current_hp_per_floor":[65,65,68,69,69,67,67,42,42,40,40,40,40,20,20,7,57,51,51,51,51,51,30,34,0],"gold":104,"neow_bonus":"RANDOM_COMMON_RELIC","is_prod":false,"is_daily":false,"chose_seed":false,"campfire_upgraded":2,"win_rate":0,"timestamp":1556549510,"path_taken":["M","?","M","?","$","E","R","?","T","M","?","?","$","M","R","BOSS","M","?","?","?","$","E","?","E"],"build_version":"2019-01-23","purchased_purges":3,"victory":false,"max_hp_per_floor":[75,75,75,75,75,82,82,82,82,82,82,74,74,74,74,74,74,74,74,74,74,74,74,74,74],"card_choices":[{"not_picked":["Wild Strike","Hemokinesis","Warcry"],"picked":"SKIP","floor":1.0},{"not_picked":["Anger","Cleave"],"picked":"Flame Barrier","floor":3.0},{"not_picked":["Bloodletting","Heavy Blade","Clash"],"picked":"SKIP","floor":4.0},{"not_picked":["Perfected Strike","Warcry","Wild Strike"],"picked":"SKIP","floor":6.0},{"not_picked":["Twin Strike","Clothesline","Rage"],"picked":"SKIP","floor":10.0},{"not_picked":["Heavy Blade","Anger"],"picked":"Rampage","floor":14.0},{"not_picked":["Barricade","Impervious"],"picked":"Dark Embrace","floor":16.0},{"not_picked":["Searing Blow","Rupture","Pummel"],"picked":"SKIP","floor":18.0},{"not_picked":["Havoc","Shrug It Off","Carnage+1"],"picked":"SKIP","floor":23.0},{"not_picked":["Thunderclap","Perfected Strike"],"picked":"Battle Trance","floor":24.0}],"player_experience":1771455,"relics_obtained":[{"floor":6.0,"key":"Strawberry"},{"floor":9.0,"key":"Ancient Tea Set"},{"floor":23.0,"key":"Shuriken"}],"event_choices":[{"damage_healed":0.0,"max_hp_gain":0.0,"max_hp_loss":0.0,"gold_gain":275.0,"event_name":"Golden Shrine","player_choice":"Desecrate","floor":2.0,"gold_loss":0.0,"damage_taken":0.0,"cards_obtained":["Regret"]},{"damage_healed":0.0,"max_hp_gain":0.0,"max_hp_loss":0.0,"gold_gain":0.0,"event_name":"Shining Light","player_choice":"Entered Light","floor":8.0,"gold_loss":0.0,"damage_taken":25.0,"cards_upgraded":["Defend_R","Strike_R"]},{"damage_healed":0.0,"max_hp_gain":0.0,"max_hp_loss":0.0,"gold_gain":0.0,"event_name":"Dead Adventurer","player_choice":"Searched \u00270\u0027 times","floor":11.0,"gold_loss":0.0,"damage_taken":0.0},{"damage_healed":0.0,"max_hp_gain":0.0,"max_hp_loss":0.0,"gold_gain":0.0,"event_name":"Dead Adventurer","player_choice":"Searched \u00270\u0027 times","floor":11.0,"gold_loss":0.0,"damage_taken":0.0},{"damage_healed":0.0,"max_hp_gain":0.0,"max_hp_loss":8.0,"gold_gain":0.0,"event_name":"Golden Idol","player_choice":"Lose Max HP","floor":12.0,"gold_loss":0.0,"damage_taken":0.0,"relics_obtained":["Golden Idol"]},{"damage_healed":0.0,"max_hp_gain":0.0,"max_hp_loss":0.0,"gold_gain":50.0,"event_name":"Nest","player_choice":"Stole From Cult","floor":19.0,"gold_loss":0.0,"damage_taken":0.0},{"damage_healed":0.0,"max_hp_gain":0.0,"max_hp_loss":0.0,"gold_gain":0.0,"event_name":"The Mausoleum","player_choice":"Ignored","floor":20.0,"gold_loss":0.0,"damage_taken":0.0}],"is_beta":false,"boss_relics":[{"not_picked":["Velvet Choker","Eternal Feather"],"picked":"Sozu"}],"items_purged_floors":[5,13,22],"is_endless":false,"potions_floor_spawned":[4,6,14,24],"killed_by":"Slavers","ascension_level":20}