{"gold_per_floor":[149,162,162,174,190,190,205,219,219,219,219,248,92,92],"floor_reached":14,"playtime":1032,"items_purged":["Strike_R"],"score":184,"play_id":"028eac91-4ca0-48f6-8b56-43036b300740","local_time":"20190225212427","is_ascension_mode":true,"campfire_choices":[{"data":"Rampage","floor":6.0,"key":"SMITH"},{"data":"Shockwave","floor":11.0,"key":"SMITH"}],"neow_cost":"NONE","seed_source_timestamp":0,"circlet_count":0,"master_deck":["AscendersBane","Strike_R","Strike_R","Strike_R","Strike_R","Defend_R","Defend_R","Defend_R","Defend_R","Bash","Shockwave+1","Rampage+1","Flame Barrier","Power Through"],"special_seed":0,"relics":["Burning Blood","Tiny Chest","Shuriken","Dream Catcher"],"potions_floor_usage":[14],"damage_taken":[{"damage":7.0,"enemies":"Cultist","floor":1.0,"turns":4.0},{"damage":6.0,"enemies":"Jaw Worm","floor":2.0,"turns":5.0},{"damage":14.0,"enemies":"Small Slimes","floor":4.0,"turns":6.0},{"damage":20.0,"enemies":"Gremlin Gang","floor":5.0,"turns":6.0},{"damage":7.0,"enemies":"Blue Slaver","floor":7.0,"turns":5.0},{"damage":6.0,"enemies":"Looter","floor":8.0,"turns":4.0},{"damage":30.0,"enemies":"3 Sentries","floor":12.0,"turns":9.0},{"damage":43,"enemies":"Gremlin Nob","floor":14,"turns":4}],"seed_played":"8270907472729926819","potions_obtained":[{"floor":1.0,"key":"SkillPotion"},{"floor":4.0,"key":"Block Potion"},{"floor":12.0,"key":"Dexterity Potion"}],"is_trial":false,"path_per_floor":["M","M","T","M","M","R","M","M","T","?","R","E","$","E"],"character_chosen":"IRONCLAD","items_purchased":["Power Through"],"campfire_rested":0,"item_purchase_floors":[13],"current_hp_per_floor":[67,67,67,59,45,45,44,44,44,44,44,20,20,0],"gold":92,"neow_bonus":"RANDOM_COMMON_RELIC","is_prod":false,"is_daily":false,"chose_seed":false,"campfire_upgraded":2,"win_rate":0,"timestamp":1551101067,"path_taken":["M","?","?","?","M","R","M","M","T","?","R","E","?","E"],"build_version":"2019-01-23","purchased_purges":1,"victory":false,"max_hp_per_floor":[75,75,75,75,75,75,75,75,75,75,75,75,75,75],"card_choices":[{"not_picked":["Seeing Red","Havoc"],"picked":"Shockwave","floor":1.0},{"not_picked":["Armaments","Metallicize"],"picked":"Rampage","floor":2.0},{"not_picked":["Havoc","Heavy Blade"],"picked":"Flame Barrier","floor":4.0},{"not_picked":["Iron Wave","Sentinel","Cleave"],"picked":"SKIP","floor":5.0},{"not_picked":["Warcry","Ghostly Armor","Heavy Blade"],"picked":"SKIP","floor":7.0},{"not_picked":["Blood for Blood","Clothesline","Cleave"],"picked":"SKIP","floor":8.0},{"not_picked":["Metallicize","Hemokinesis","Rampage"],"picked":"SKIP","floor":12.0}],"player_experience":1055752,"relics_obtained":[{"floor":3.0,"key":"Shuriken"},{"floor":12.0,"key":"Dream Catcher"}],"event_choices":[{"damage_healed":0.0,"max_hp_gain":0.0,"max_hp_loss":0.0,"gold_gain":0.0,"event_name":"Liars Game","player_choice":"Ignored","floor":10.0,"gold_loss":0.0,"damage_taken":0.0}],"is_beta":false,"boss_relics":[],"items_purged_floors":[13],"is_endless":false,"potions_floor_spawned":[1,4,12],"killed_by":"Gremlin Nob","ascension_level":20}