{"gold_per_floor":[118,118,142,157,177,177,202,302,353,353,372,397,282,316,316,415,415,440,440,456,470,29,29,60,60,86,121,121,171,511,93,93,188,188,207,482,495,155,169,205,205,245,245,286,286,321,321,446,446,446,446,446,446,84,115,115],"floor_reached":57,"playtime":2594,"items_purged":["Strike_R","Twin Strike","Regret","Bash"],"score":3627,"play_id":"6381ec69-52cf-4b66-b6e8-9a8e4014fabe","local_time":"20190513153530","is_ascension_mode":true,"campfire_choices":[{"data":"Armaments","floor":6.0,"key":"SMITH"},{"data":"Offering","floor":10.0,"key":"SMITH"},{"data":"Burning Pact","floor":15.0,"key":"SMITH"},{"data":"Dark Embrace","floor":23.0,"key":"SMITH"},{"data":"Flex","floor":25.0,"key":"SMITH"},{"data":"Evolve","floor":28.0,"key":"SMITH"},{"floor":32.0,"key":"DIG"},{"floor":41.0,"key":"DIG"},{"floor":47.0,"key":"DIG"},{"floor":49.0,"key":"RECALL"},{"floor":53.0,"key":"DIG"}],"neow_cost":"TEN_PERCENT_HP_LOSS","seed_source_timestamp":1574640736817299,"circlet_count":0,"master_deck":["AscendersBane","Offering+1","Armaments+1","Flex+1","Shockwave","Power Through","Whirlwind","Burning Pact+1","Feel No Pain","Limit Break+1","Dark Embrace+1","AscendersBane","Bloodletting+1","Reaper","Shrug It Off+1","Evolve+1","Feed","Seeing Red+1","Offering+1","Second Wind+1","Skim+1","Turbo+1","Seek+1","Wraith Form v2"],"special_seed":0,"relics":["Burning Blood","Golden Idol","Toxic Egg 2","Pandora\u0027s Box","OrangePellets","Bag of Preparation","Anchor","Happy Flower","Old Coin","Shovel","Paper Frog","Fusion Hammer","PrismaticShard","Vajra","Juzu Bracelet","FossilizedHelix","Thread and Needle","Sundial","Gambling Chip","Oddly Smooth Stone","Du-Vu Doll","Ornamental Fan","TheAbacus","Lantern"],"potions_floor_usage":[],"damage_taken":[{"damage":2.0,"enemies":"2 Louse","floor":1.0,"turns":4.0},{"damage":6.0,"enemies":"Small Slimes","floor":3.0,"turns":5.0},{"damage":6.0,"enemies":"Cultist","floor":4.0,"turns":4.0},{"damage":6.0,"enemies":"Red Slaver","floor":5.0,"turns":1.0},{"damage":6.0,"enemies":"Exordium Wildlife","floor":7.0,"turns":3.0},{"damage":12.0,"enemies":"Lots of Slimes","floor":11.0,"turns":2.0},{"damage":9.0,"enemies":"Blue Slaver","floor":12.0,"turns":2.0},{"damage":18.0,"enemies":"Lagavulin","floor":14.0,"turns":4.0},{"damage":27.0,"enemies":"Hexaghost","floor":16.0,"turns":7.0},{"damage":6.0,"enemies":"Chosen","floor":18.0,"turns":4.0},{"damage":17.0,"enemies":"Spheric Guardian","floor":20.0,"turns":5.0},{"damage":9.0,"enemies":"3 Cultists","floor":21.0,"turns":4.0},{"damage":16.0,"enemies":"Gremlin Leader","floor":24.0,"turns":5.0},{"damage":9.0,"enemies":"Slavers","floor":27.0,"turns":2.0},{"damage":55.0,"enemies":"Book of Stabbing","floor":30.0,"turns":6.0},{"damage":27.0,"enemies":"Automaton","floor":33.0,"turns":2.0},{"damage":21.0,"enemies":"3 Shapes","floor":35.0,"turns":3.0},{"damage":0.0,"enemies":"3 Darklings","floor":37.0,"turns":1.0},{"damage":24.0,"enemies":"Sphere and 2 Shapes","floor":39.0,"turns":1.0},{"damage":21.0,"enemies":"Reptomancer","floor":40.0,"turns":1.0},{"damage":24.0,"enemies":"Nemesis","floor":42.0,"turns":1.0},{"damage":48.0,"enemies":"Giant Head","floor":44.0,"turns":3.0},{"damage":30.0,"enemies":"Reptomancer","floor":46.0,"turns":2.0},{"damage":15.0,"enemies":"Mind Bloom Boss Battle","floor":48.0,"turns":1.0},{"damage":21.0,"enemies":"Donu and Deca","floor":50.0,"turns":1.0},{"damage":18.0,"enemies":"Time Eater","floor":51.0,"turns":3.0},{"damage":18.0,"enemies":"Shield and Spear","floor":55.0,"turns":1.0},{"damage":18,"enemies":"The Heart","floor":56,"turns":4}],"seed_played":"8302325262226044181","potions_obtained":[{"floor":4.0,"key":"GamblersBrew"},{"floor":7.0,"key":"Weak Potion"},{"floor":12.0,"key":"AttackPotion"},{"floor":14.0,"key":"Weak Potion"},{"floor":18.0,"key":"SteroidPotion"},{"floor":35.0,"key":"Regen Potion"},{"floor":46.0,"key":"Energy Potion"}],"is_trial":false,"path_per_floor":["M","?","M","M","M","R","M","?","T","R","M","M","$","E","R","B",null,"M","?","M","M","$","R","E","R","T","E","R","?","E","$","R","B",null,"M","?","M","$","M","E","R","E","T","E","?","E","R","?","R","B","B",null,"R","$","E","B",null],"character_chosen":"IRONCLAD","items_purchased":["Feel No Pain","Reaper","OrangePellets","Shrug It Off+1","Shovel","PrismaticShard","TheAbacus"],"campfire_rested":0,"item_purchase_floors":[13,22,22,22,31,38,54],"current_hp_per_floor":[68,62,62,62,62,62,62,62,62,62,56,53,53,41,41,20,52,52,52,41,38,38,38,62,62,62,62,62,62,62,62,62,62,62,65,65,65,65,68,72,72,72,72,72,72,48,48,72,72,75,78,78,78,78,78,78],"gold":115,"neow_bonus":"TRANSFORM_TWO_CARDS","is_prod":false,"is_daily":false,"chose_seed":false,"campfire_upgraded":6,"win_rate":0,"timestamp":1557732930,"path_taken":["M","?","M","M","M","R","M","?","T","R","?","M","?","E","R","BOSS","M","?","?","M","$","R","E","R","T","E","R","?","E","$","R","BOSS","M","?","M","$","M","E","R","E","T","E","?","E","R","?","R","BOSS","BOSS","R","$","E","BOSS"],"build_version":"2019-01-23","purchased_purges":4,"victory":true,"max_hp_per_floor":[68,62,62,62,62,62,62,62,62,62,62,62,62,62,62,62,62,62,62,62,62,62,62,62,62,62,62,62,62,62,62,62,62,62,65,65,65,65,68,72,72,72,72,72,72,72,72,72,72,75,78,78,78,78,78,78],"card_choices":[{"not_picked":["Twin Strike","Havoc"],"picked":"Armaments","floor":1.0},{"not_picked":["Iron Wave","Havoc"],"picked":"Flex","floor":3.0},{"not_picked":["Dual Wield","Perfected Strike"],"picked":"Shockwave","floor":4.0},{"not_picked":["Fire Breathing","Headbutt"],"picked":"Power Through","floor":5.0},{"not_picked":["Shrug It Off","Combust"],"picked":"Whirlwind","floor":7.0},{"not_picked":["Thunderclap","Iron Wave","Ghostly Armor"],"picked":"SKIP","floor":11.0},{"not_picked":["Havoc","Rage"],"picked":"Burning Pact","floor":12.0},{"not_picked":["Brutality","Anger"],"picked":"Limit Break","floor":14.0},{"not_picked":["Feed","Berserk"],"picked":"Dark Embrace","floor":16.0},{"not_picked":["Perfected Strike","Clash","Twin Strike"],"picked":"SKIP","floor":18.0},{"not_picked":["Perfected Strike","Clash","Twin Strike"],"picked":"SKIP","floor":18.0},{"not_picked":["Iron Wave","Cleave","Burning Pact+1"],"picked":"SKIP","floor":20.0},{"not_picked":["Clash","Infernal Blade+1"],"picked":"Bloodletting+1","floor":21.0},{"not_picked":["Thunderclap","Corruption"],"picked":"Evolve","floor":24.0},{"not_picked":["Rampage","Body Slam"],"picked":"Feed","floor":27.0},{"not_picked":["Wild Strike","Thunderclap+1"],"picked":"Seeing Red+1","floor":30.0},{"not_picked":["Reaper","Exhume+1"],"picked":"Offering+1","floor":33.0},{"not_picked":["Carnage","Flex+1"],"picked":"Second Wind+1","floor":35.0},{"not_picked":["Wild Strike","Rampage+1","Sentinel+1"],"picked":"SKIP","floor":37.0},{"not_picked":["Deadly Poison+1","Havoc+1","Poisoned Stab"],"picked":"SKIP","floor":39.0},{"not_picked":["Second Wind+1","Reckless Charge"],"picked":"Skim+1","floor":40.0},{"not_picked":["Blur+1","Outmaneuver+1","Tempest+1"],"picked":"SKIP","floor":42.0},{"not_picked":["Burning Pact+1","Fire Breathing+1"],"picked":"Turbo+1","floor":44.0},{"not_picked":["Pummel","Perfected Strike+1"],"picked":"Seek+1","floor":46.0},{"not_picked":["Tempest+1","Flash of Steel"],"picked":"Wraith Form v2","floor":55.0}],"player_experience":1956615,"relics_obtained":[{"floor":14.0,"key":"Toxic Egg 2"},{"floor":24.0,"key":"Bag of Preparation"},{"floor":26.0,"key":"Anchor"},{"floor":27.0,"key":"Happy Flower"},{"floor":30.0,"key":"Old Coin"},{"floor":32.0,"key":"Paper Frog"},{"floor":40.0,"key":"Vajra"},{"floor":41.0,"key":"Juzu Bracelet"},{"floor":42.0,"key":"FossilizedHelix"},{"floor":43.0,"key":"Thread and Needle"},{"floor":44.0,"key":"Sundial"},{"floor":46.0,"key":"Gambling Chip"},{"floor":47.0,"key":"Oddly Smooth Stone"},{"floor":48.0,"key":"Du-Vu Doll"},{"floor":53.0,"key":"Ornamental Fan"},{"floor":55.0,"key":"Lantern"}],"event_choices":[{"damage_healed":0.0,"max_hp_gain":0.0,"max_hp_loss":6.0,"gold_gain":0.0,"event_name":"Golden Idol","player_choice":"Lose Max HP","floor":2.0,"gold_loss":0.0,"damage_taken":0.0,"relics_obtained":["Golden Idol"]},{"damage_healed":0.0,"max_hp_gain":0.0,"max_hp_loss":0.0,"gold_gain":100.0,"event_name":"Wheel of Change","player_choice":"Gold","floor":8.0,"gold_loss":0.0,"damage_taken":0.0},{"damage_healed":0.0,"max_hp_gain":0.0,"max_hp_loss":0.0,"gold_gain":0.0,"event_name":"Duplicator","player_choice":"Copied","floor":19.0,"gold_loss":0.0,"damage_taken":0.0,"cards_obtained":["AscendersBane"]},{"damage_healed":0.0,"max_hp_gain":0.0,"max_hp_loss":0.0,"gold_gain":50.0,"event_name":"Nest","player_choice":"Stole From Cult","floor":29.0,"gold_loss":0.0,"damage_taken":0.0},{"damage_healed":0.0,"max_hp_gain":0.0,"max_hp_loss":0.0,"gold_gain":275.0,"event_name":"Golden Shrine","player_choice":"Desecrate","floor":36.0,"gold_loss":0.0,"damage_taken":0.0,"cards_obtained":["Regret"]},{"damage_healed":0.0,"max_hp_gain":0.0,"max_hp_loss":0.0,"gold_gain":0.0,"event_name":"Tomb of Lord Red Mask","player_choice":"Ignored","floor":45.0,"gold_loss":0.0,"damage_taken":0.0},{"damage_healed":0.0,"max_hp_gain":0.0,"max_hp_loss":0.0,"gold_gain":0.0,"event_name":"MindBloom","player_choice":"Fight","floor":48.0,"gold_loss":0.0,"damage_taken":0.0}],"is_beta":false,"boss_relics":[{"not_picked":["Runic Pyramid","Black Blood"],"picked":"Pandora\u0027s Box"},{"not_picked":["Lizard Tail","Velvet Choker"],"picked":"Fusion Hammer"}],"items_purged_floors":[13,31,38,54],"is_endless":false,"potions_floor_spawned":[4,7,12,14,18,21,24,35,46],"ascension_level":20}