{"gold_per_floor":[110,110,5,15,15,15,32,65,88,88,122,137,137,165,165,244,244,263,282,282,282,12,12,27,52,79,98,98,98,98,638,638,709,709,727,739,362,1361,1378,1378,1406,1406],"floor_reached":42,"playtime":2319,"items_purged":[],"score":1074,"play_id":"2a3f2647-04a9-4632-9bce-807b62616938","local_time":"20190408235516","is_ascension_mode":true,"campfire_choices":[{"data":"Bludgeon","floor":6.0,"key":"SMITH"},{"data":"Armaments","floor":10.0,"key":"SMITH"},{"data":"Barricade","floor":15.0,"key":"SMITH"},{"data":"True Grit","floor":23.0,"key":"SMITH"},{"data":"Dark Embrace","floor":28.0,"key":"SMITH"},{"data":"Entrench","floor":30.0,"key":"SMITH"},{"data":"Feel No Pain","floor":32.0,"key":"SMITH"},{"data":"Impatience","floor":40,"key":"SMITH"}],"neow_cost":"PERCENT_DAMAGE","seed_source_timestamp":564527746095987,"circlet_count":0,"master_deck":["AscendersBane","Defend_R","Defend_R","Defend_R","Bash","Feel No Pain+1","Finesse","Entrench+1","Bludgeon+1","Armaments+1","Battle Trance+1","True Grit+1","Barricade+1","Offering+1","Iron Wave+1","Inflame+1","Evolve","Shrug It Off","Dark Embrace+1","Exhume","Pommel Strike+1","Impatience+1","Normality","Power Through"],"special_seed":0,"relics":["Burning Blood","Omamori","Lantern","Bottled Tornado","Meat on the Bone","Astrolabe","TheAbacus","Thread and Needle","Mercury Hourglass","Cursed Key","Mummified Hand","Bottled Lightning"],"potions_floor_usage":[],"damage_taken":[{"damage":9.0,"enemies":"Small Slimes","floor":1.0,"turns":4.0},{"damage":9.0,"enemies":"Cultist","floor":4.0,"turns":4.0},{"damage":1.0,"enemies":"2 Louse","floor":7.0,"turns":4.0},{"damage":15.0,"enemies":"3 Sentries","floor":8.0,"turns":7.0},{"damage":6.0,"enemies":"Gremlin Nob","floor":11.0,"turns":3.0},{"damage":0.0,"enemies":"2 Fungi Beasts","floor":12.0,"turns":3.0},{"damage":12.0,"enemies":"3 Sentries","floor":14.0,"turns":7.0},{"damage":25.0,"enemies":"Slime Boss","floor":16.0,"turns":15.0},{"damage":6.0,"enemies":"3 Byrds","floor":18.0,"turns":9.0},{"damage":6.0,"enemies":"Shell Parasite","floor":19.0,"turns":6.0},{"damage":10.0,"enemies":"Snake Plant","floor":24.0,"turns":3.0},{"damage":14.0,"enemies":"Gremlin Leader","floor":25.0,"turns":12.0},{"damage":1.0,"enemies":"Snecko","floor":27.0,"turns":7.0},{"damage":6.0,"enemies":"Champ","floor":33.0,"turns":23.0},{"damage":6.0,"enemies":"Orb Walker","floor":35.0,"turns":4.0},{"damage":6.0,"enemies":"3 Darklings","floor":36.0,"turns":12.0},{"damage":18,"enemies":"Writhing Mass","floor":39,"turns":17},{"damage":18,"enemies":"Nemesis","floor":41,"turns":11}],"seed_played":"2975189545015889719","potions_obtained":[{"floor":8.0,"key":"SneckoOil"},{"floor":11.0,"key":"Energy Potion"},{"floor":14.0,"key":"FearPotion"},{"floor":24.0,"key":"Explosive Potion"}],"is_trial":false,"path_per_floor":["M","?","$","M","?","R","M","E","T","R","E","M","$","E","R","B",null,"M","M","?","?","$","R","M","E","T","M","R","?","R","?","R","B",null,"M","M","$","?","M","R","E","$"],"character_chosen":"IRONCLAD","items_purchased":["Finesse","SkillPotion","TheAbacus","Impatience","Mummified Hand"],"campfire_rested":0,"item_purchase_floors":[3,22,22,37,37],"current_hp_per_floor":[47,47,47,44,44,44,49,40,40,40,40,46,46,40,40,33,65,65,65,65,65,65,65,61,53,53,58,58,58,58,9,9,21,62,62,62,62,62,50,50,50,50],"gold":1406,"neow_bonus":"REMOVE_TWO","is_prod":false,"is_daily":false,"chose_seed":true,"campfire_upgraded":8,"win_rate":0,"timestamp":1554738916,"path_taken":["M","?","?","M","?","R","M","E","T","R","E","?","$","E","R","BOSS","BOSS","M","M","?","?","$","R","M","E","T","?","R","?","R","?","R","BOSS","M","?","$","?","M","R","E","$"],"build_version":"2019-01-23","purchased_purges":0,"victory":false,"max_hp_per_floor":[75,75,75,75,75,75,75,75,75,75,75,75,75,75,75,75,75,75,75,75,75,75,75,75,75,75,75,75,75,75,75,75,75,75,75,75,75,75,75,75,75,75],"card_choices":[{"not_picked":["Sword Boomerang","Pommel Strike"],"picked":"Feel No Pain","floor":1.0},{"not_picked":["Heavy Blade","Clash"],"picked":"Entrench","floor":4.0},{"not_picked":["Combust","Thunderclap","Wild Strike"],"picked":"SKIP","floor":7.0},{"not_picked":["Power Through","Brutality"],"picked":"Battle Trance","floor":8.0},{"not_picked":["Twin Strike","Battle Trance"],"picked":"True Grit","floor":11.0},{"not_picked":["Thunderclap","Heavy Blade","Warcry"],"picked":"SKIP","floor":12.0},{"not_picked":["Body Slam","Offering"],"picked":"Barricade","floor":14.0},{"not_picked":["Anger","Heavy Blade","Havoc"],"picked":"SKIP","floor":18.0},{"not_picked":["True Grit","Sword Boomerang"],"picked":"Evolve","floor":19.0},{"not_picked":["Warcry","Sentinel"],"picked":"Shrug It Off","floor":24.0},{"not_picked":["Clothesline","Power Through"],"picked":"Dark Embrace","floor":25.0},{"not_picked":["Carnage","Twin Strike","Heavy Blade"],"picked":"SKIP","floor":27.0},{"not_picked":["Brutality","Berserk"],"picked":"Exhume","floor":33.0},{"not_picked":["Cleave+1","Clothesline","Battle Trance"],"picked":"SKIP","floor":35.0},{"not_picked":["Perfected Strike","Clothesline+1"],"picked":"Pommel Strike+1","floor":36.0},{"not_picked":["Searing Blow","Flex","Power Through"],"picked":"SKIP","floor":39},{"not_picked":["Searing Blow","Flex"],"picked":"Power Through","floor":39}],"player_experience":1542522,"relics_obtained":[{"floor":8.0,"key":"Omamori"},{"floor":9.0,"key":"Lantern"},{"floor":11.0,"key":"Bottled Tornado"},{"floor":14.0,"key":"Meat on the Bone"},{"floor":25.0,"key":"Thread and Needle"},{"floor":41,"key":"Bottled Lightning"}],"event_choices":[{"cards_removed":["Defend_R"],"damage_healed":0.0,"max_hp_gain":0.0,"max_hp_loss":0.0,"gold_gain":0.0,"event_name":"Bonfire Elementals","player_choice":"Offered Basic","floor":2.0,"gold_loss":0.0,"damage_taken":0.0},{"damage_healed":0.0,"max_hp_gain":0.0,"max_hp_loss":0.0,"gold_gain":0.0,"event_name":"Match and Keep!","player_choice":"2 cards matched","floor":5.0,"gold_loss":0.0,"damage_taken":0.0,"cards_obtained":["Bludgeon","Armaments"]},{"damage_healed":0.0,"max_hp_gain":0.0,"max_hp_loss":0.0,"gold_gain":0.0,"event_name":"Cursed Tome","player_choice":"Ignored","floor":20.0,"gold_loss":0.0,"damage_taken":0.0},{"damage_healed":0.0,"max_hp_gain":0.0,"max_hp_loss":0.0,"gold_gain":0.0,"event_name":"Accursed Blacksmith","player_choice":"Forge","floor":21.0,"gold_loss":0.0,"damage_taken":0.0,"cards_upgraded":["Battle Trance"]},{"damage_healed":0.0,"max_hp_gain":0.0,"max_hp_loss":0.0,"gold_gain":0.0,"event_name":"The Mausoleum","player_choice":"Opened","floor":29.0,"gold_loss":0.0,"damage_taken":0.0,"relics_obtained":["Mercury Hourglass"],"cards_obtained":["Writhe"]},{"damage_healed":0.0,"max_hp_gain":0.0,"max_hp_loss":0.0,"gold_gain":540.0,"event_name":"Knowing Skull","player_choice":"GOLD GOLD GOLD GOLD GOLD GOLD ","floor":31.0,"potions_obtained":[],"gold_loss":0.0,"damage_taken":49.0,"cards_obtained":[]},{"damage_healed":0.0,"max_hp_gain":0.0,"max_hp_loss":0.0,"gold_gain":999.0,"event_name":"MindBloom","player_choice":"Gold","floor":38.0,"gold_loss":0.0,"damage_taken":0.0,"cards_obtained":["Normality","Normality"]}],"is_beta":false,"boss_relics":[{"not_picked":["Runic Dome","Tiny House"],"picked":"Astrolabe"},{"not_picked":["Calling Bell","Pandora\u0027s Box"],"picked":"Cursed Key"}],"items_purged_floors":[],"is_endless":false,"potions_floor_spawned":[8,11,14,24],"ascension_level":20}