{"gold_per_floor":[360,380,21,35,35,35,49,49,101,129,148,8,37,47,47,126,126,102,102,102,120,220,220,220,220,291,618,635,663,168,191,191,269,269,289,289,289,304,318,347,364,289,343,371,371,385,411,98,98,98,98,98,98,41,68,68],"floor_reached":57,"playtime":2786,"items_purged":["Strike_R","Strike_R","Defend_R","Defend_R+1"],"score":2976,"play_id":"8f48fc3a-b7f1-45c6-a946-4d65783bd6cc","local_time":"20190515015003","is_ascension_mode":true,"campfire_choices":[{"data":"Evolve","floor":6.0,"key":"SMITH"},{"floor":8.0,"key":"REST"},{"data":"Feel No Pain","floor":15.0,"key":"SMITH"},{"data":"Barricade","floor":23.0,"key":"SMITH"},{"floor":25.0,"key":"REST"},{"floor":32.0,"key":"RECALL"},{"data":"1","floor":45.0,"key":"LIFT"},{"floor":49.0,"key":"REST"},{"floor":53,"key":"REST"}],"neow_cost":"PERCENT_DAMAGE","seed_source_timestamp":1697935373604547,"circlet_count":0,"master_deck":["AscendersBane","Evolve+1","Shrug It Off","Apotheosis+1","Reckless Charge","Barricade+1","Shockwave+1","Feel No Pain+1","Body Slam","Juggernaut","Entrench+1","Feel No Pain+1","Feed+1","Impervious+1","Ghostly Armor","True Grit","Deep Breath","Echo Form","Skim","Hologram","Dark Embrace+1","Master of Strategy"],"special_seed":0,"relics":["Burning Blood","PreservedInsect","Vajra","War Paint","Astrolabe","FaceOfCleric","Girya","Sundial","Paper Frog","Old Coin","Pen Nib","PrismaticShard","Fusion Hammer","Letter Opener","Oddly Smooth Stone","Frozen Egg 2","Bottled Lightning","Mango"],"potions_floor_usage":[55,55,56],"damage_taken":[{"damage":2.0,"enemies":"Cultist","floor":1.0,"turns":4.0},{"damage":8.0,"enemies":"2 Louse","floor":2.0,"turns":2.0},{"damage":3.0,"enemies":"Small Slimes","floor":4.0,"turns":4.0},{"damage":22.0,"enemies":"Gremlin Gang","floor":7.0,"turns":4.0},{"damage":13.0,"enemies":"Lagavulin","floor":10.0,"turns":5.0},{"damage":1.0,"enemies":"Red Slaver","floor":11.0,"turns":4.0},{"damage":0.0,"enemies":"Gremlin Nob","floor":13.0,"turns":3.0},{"damage":9.0,"enemies":"Blue Slaver","floor":14.0,"turns":6.0},{"damage":24.0,"enemies":"Hexaghost","floor":16.0,"turns":8.0},{"damage":9.0,"enemies":"2 Thieves","floor":18.0,"turns":4.0},{"damage":0.0,"enemies":"Chosen","floor":21.0,"turns":5.0},{"damage":22.0,"enemies":"Colosseum Slavers","floor":22.0,"turns":7.0},{"damage":33.0,"enemies":"Colosseum Nobs","floor":22.0,"turns":5.0},{"damage":44.0,"enemies":"Gremlin Leader","floor":27.0,"turns":6.0},{"damage":14.0,"enemies":"Snake Plant","floor":28.0,"turns":5.0},{"damage":31.0,"enemies":"Slavers","floor":29.0,"turns":10.0},{"damage":6.0,"enemies":"Champ","floor":33.0,"turns":9.0},{"damage":0.0,"enemies":"3 Darklings","floor":35.0,"turns":7.0},{"damage":3.0,"enemies":"3 Shapes","floor":38.0,"turns":5.0},{"damage":0.0,"enemies":"3 Darklings","floor":39.0,"turns":8.0},{"damage":0.0,"enemies":"Giant Head","floor":40.0,"turns":7.0},{"damage":7.0,"enemies":"Sphere and 2 Shapes","floor":41.0,"turns":6.0},{"damage":0.0,"enemies":"Nemesis","floor":44.0,"turns":5.0},{"damage":0.0,"enemies":"Spire Growth","floor":46.0,"turns":6.0},{"damage":45.0,"enemies":"Reptomancer","floor":47.0,"turns":6.0},{"damage":29,"enemies":"Time Eater","floor":50,"turns":7},{"damage":35,"enemies":"Awakened One","floor":51,"turns":7},{"damage":74,"enemies":"Shield and Spear","floor":55,"turns":7},{"damage":47,"enemies":"The Heart","floor":56,"turns":10}],"seed_played":"-5453233519710497682","potions_obtained":[{"floor":4.0,"key":"GamblersBrew"},{"floor":7.0,"key":"Poison Potion"},{"floor":10.0,"key":"SteroidPotion"},{"floor":13.0,"key":"Explosive Potion"},{"floor":21.0,"key":"Fruit Juice"},{"floor":22.0,"key":"PowerPotion"},{"floor":28.0,"key":"Regen Potion"},{"floor":35.0,"key":"Weak Potion"},{"floor":39.0,"key":"Regen Potion"},{"floor":40.0,"key":"SkillPotion"},{"floor":55,"key":"SkillPotion"}],"is_trial":false,"path_per_floor":["M","M","$","M","?","R","M","R","T","E","M","$","E","M","R","B",null,"M","?","?","M","?","R","?","R","T","E","M","E","$","T","R","B",null,"M","?","?","M","M","E","M","?","T","E","R","M","E","$","R","B","B",null,"R","$","E","B",null],"character_chosen":"IRONCLAD","items_purchased":["Apotheosis","Reckless Charge","Feel No Pain","True Grit","Deep Breath","PrismaticShard","Dark Embrace+1","SkillPotion"],"campfire_rested":4,"item_purchase_floors":[3,3,12,30,30,30,48,54],"current_hp_per_floor":[54,52,52,55,55,55,39,61,61,54,59,59,65,62,62,44,67,68,68,68,75,43,43,43,70,70,33,26,21,21,21,21,26,84,95,95,108,109,114,115,119,119,119,121,121,122,84,84,120,98,70,111,125,125,72,32],"gold":68,"neow_bonus":"TWO_FIFTY_GOLD","is_prod":false,"is_daily":false,"chose_seed":false,"campfire_upgraded":3,"win_rate":0,"timestamp":1557856203,"path_taken":["M","M","$","M","?","R","M","R","T","E","M","?","E","M","R","BOSS","M","?","?","?","?","R","?","R","T","E","?","E","$","?","R","BOSS","M","?","?","?","M","E","M","?","T","E","R","?","E","$","R","BOSS","BOSS","R","$","E","BOSS"],"build_version":"2019-01-23","purchased_purges":4,"victory":true,"max_hp_per_floor":[75,75,75,75,75,75,75,75,75,75,75,75,75,75,75,75,75,79,79,79,80,91,91,91,91,91,92,93,98,98,98,98,103,103,108,108,108,109,114,115,120,120,120,121,121,122,123,123,123,124,125,125,125,125,140,141],"card_choices":[{"not_picked":["Cleave","Twin Strike"],"picked":"Evolve","floor":1.0},{"not_picked":["Armaments","Pommel Strike"],"picked":"Shrug It Off","floor":2.0},{"not_picked":["Warcry","Armaments","Wild Strike"],"picked":"SKIP","floor":4.0},{"not_picked":["Anger","Thunderclap","Twin Strike"],"picked":"SKIP","floor":7.0},{"not_picked":["Pommel Strike","Power Through"],"picked":"Barricade","floor":10.0},{"not_picked":["Shockwave","Wild Strike","Clothesline"],"picked":"SKIP","floor":11.0},{"not_picked":["Wild Strike","Clothesline"],"picked":"Shockwave","floor":11.0},{"not_picked":["Dropkick","Clash","Fire Breathing"],"picked":"SKIP","floor":13.0},{"not_picked":["Wild Strike","Inflame"],"picked":"Body Slam","floor":14.0},{"not_picked":["Bludgeon","Exhume"],"picked":"Juggernaut","floor":16.0},{"not_picked":["Shrug It Off","Sword Boomerang","Headbutt"],"picked":"SKIP","floor":18.0},{"not_picked":["Flex","Blood for Blood","Sword Boomerang"],"picked":"SKIP","floor":21.0},{"not_picked":["Pommel Strike","Armaments","Juggernaut"],"picked":"SKIP","floor":27.0},{"not_picked":["Clash","Clothesline","Whirlwind"],"picked":"SKIP","floor":28.0},{"not_picked":["Whirlwind","Rupture","Perfected Strike"],"picked":"SKIP","floor":29.0},{"not_picked":["Doppelganger","Unload"],"picked":"Echo Form","floor":33.0},{"not_picked":["Headbutt","Gash","Cleave"],"picked":"SKIP","floor":35.0},{"not_picked":["Sucker Punch+1","Disarm","Trip"],"picked":"SKIP","floor":38.0},{"not_picked":["Dodge and Roll","Finisher","Prepared"],"picked":"SKIP","floor":39.0},{"not_picked":["Blood for Blood+1","Trip"],"picked":"Skim","floor":40.0},{"not_picked":["Whirlwind","Concentrate"],"picked":"Hologram","floor":41.0},{"not_picked":["Leap","Thunderclap","Poisoned Stab"],"picked":"SKIP","floor":44.0},{"not_picked":["True Grit","Body Slam","Underhanded Strike"],"picked":"SKIP","floor":46.0},{"not_picked":["Deflect","Dagger Spray","Body Slam"],"picked":"SKIP","floor":47.0},{"not_picked":["Flechettes","Barrage"],"picked":"Master of Strategy","floor":55}],"player_experience":1978926,"relics_obtained":[{"floor":9.0,"key":"PreservedInsect"},{"floor":10.0,"key":"Vajra"},{"floor":13.0,"key":"War Paint"},{"floor":22.0,"key":"Girya"},{"floor":22.0,"key":"Sundial"},{"floor":26.0,"key":"Paper Frog"},{"floor":27.0,"key":"Old Coin"},{"floor":29.0,"key":"Pen Nib"},{"floor":40.0,"key":"Letter Opener"},{"floor":43.0,"key":"Oddly Smooth Stone"},{"floor":44.0,"key":"Frozen Egg 2"},{"floor":47.0,"key":"Bottled Lightning"},{"floor":55,"key":"Mango"}],"event_choices":[{"damage_healed":0.0,"max_hp_gain":0.0,"max_hp_loss":0.0,"gold_gain":0.0,"event_name":"Upgrade Shrine","player_choice":"Upgraded","floor":5.0,"gold_loss":0.0,"damage_taken":0.0,"cards_upgraded":["Apotheosis"]},{"damage_healed":0.0,"max_hp_gain":0.0,"max_hp_loss":0.0,"gold_gain":0.0,"cards_transformed":["Bash","Defend_R"],"event_name":"Drug Dealer","player_choice":"Became Test Subject","floor":19.0,"gold_loss":0.0,"damage_taken":0.0,"cards_obtained":["Impervious","Ghostly Armor"]},{"damage_healed":0.0,"max_hp_gain":0.0,"max_hp_loss":0.0,"gold_gain":0.0,"event_name":"FaceTrader","player_choice":"Trade","floor":20.0,"gold_loss":0.0,"damage_taken":0.0,"relics_obtained":["FaceOfCleric"]},{"damage_healed":0.0,"max_hp_gain":0.0,"max_hp_loss":0.0,"gold_gain":0.0,"event_name":"Colosseum","player_choice":"Fight","floor":22.0,"gold_loss":0.0,"damage_taken":0.0},{"damage_healed":0.0,"max_hp_gain":0.0,"max_hp_loss":0.0,"gold_gain":0.0,"event_name":"Colosseum","player_choice":"Fought Nobs","floor":22.0,"gold_loss":0.0,"damage_taken":0.0},{"damage_healed":0.0,"max_hp_gain":0.0,"max_hp_loss":0.0,"gold_gain":0.0,"event_name":"Accursed Blacksmith","player_choice":"Forge","floor":24.0,"gold_loss":0.0,"damage_taken":0.0,"cards_upgraded":["Impervious"]},{"damage_healed":0.0,"max_hp_gain":0.0,"max_hp_loss":0.0,"gold_gain":0.0,"event_name":"Tomb of Lord Red Mask","player_choice":"Ignored","floor":36.0,"gold_loss":0.0,"damage_taken":0.0},{"damage_healed":13.0,"max_hp_gain":0.0,"max_hp_loss":0.0,"gold_gain":0.0,"event_name":"Wheel of Change","player_choice":"Full Heal","floor":37.0,"gold_loss":0.0,"damage_taken":0.0},{"cards_removed":["Defend_R"],"damage_healed":0.0,"max_hp_gain":0.0,"max_hp_loss":0.0,"gold_gain":0.0,"event_name":"Designer","player_choice":"Single Remove","floor":42.0,"gold_loss":75.0,"damage_taken":0.0}],"is_beta":false,"boss_relics":[{"not_picked":["Cursed Key","Lizard Tail"],"picked":"Astrolabe"},{"not_picked":["Empty Cage","Tiny House"],"picked":"Fusion Hammer"}],"items_purged_floors":[3,12,30,48],"is_endless":false,"potions_floor_spawned":[4,7,10,13,21,22,22,28,35,39,40,41,55],"ascension_level":20}