{"gold_per_floor":[112,126,126,26,38,73,73,102,149,149,149,162,197,211,211,314,314,314,264,264,204,42,42,42,42,42,42,42,42],"floor_reached":29,"playtime":2600,"items_purged":["Strike_B"],"score":451,"play_id":"f3b934e7-da03-44e9-b554-673d9537455c","local_time":"20180803180710","is_ascension_mode":true,"campfire_choices":[{"data":"Go for the Eyes","floor":7,"key":"SMITH"},{"floor":10,"key":"REST"},{"data":"Dualcast","floor":15,"key":"SMITH"},{"data":"Loop","floor":23,"key":"SMITH"},{"data":"Seek","floor":25,"key":"SMITH"}],"neow_cost":"NONE","seed_source_timestamp":19331634843579,"circlet_count":0,"master_deck":["Strike_B","Strike_B","Strike_B","Defend_B","Defend_B+1","Defend_B+1","Defend_B","Zap+1","Dualcast+1","Coolheaded","Streamline","Ball Lightning","Conserve Battery","Go for the Eyes+1","Compile Driver","Conserve Battery","Seek+1","Leap","Darkness","Loop+1","Cold Snap","Steam Power"],"relics":["Cracked Core","War Paint","Bottled Flame","Juzu Bracelet","Pen Nib","Potion Belt","Ectoplasm","Bronze Scales","Prayer Wheel","Ice Cream"],"potions_floor_usage":[8,24,29],"damage_taken":[{"damage":0,"enemies":"2 Louse","floor":1,"turns":2},{"damage":0,"enemies":"Cultist","floor":2,"turns":4},{"damage":4,"enemies":"Small Slimes","floor":5,"turns":2},{"damage":21,"enemies":"Lagavulin","floor":6,"turns":5},{"damage":16,"enemies":"Gremlin Nob","floor":8,"turns":3},{"damage":0,"enemies":"Exordium Thugs","floor":12,"turns":3},{"damage":0,"enemies":"Lagavulin","floor":13,"turns":6},{"damage":4,"enemies":"Red Slaver","floor":14,"turns":3},{"damage":0,"enemies":"The Guardian","floor":16,"turns":12},{"damage":0,"enemies":"Spheric Guardian","floor":18,"turns":3},{"damage":11,"enemies":"2 Thieves","floor":21,"turns":4},{"damage":14,"enemies":"Gremlin Leader","floor":24,"turns":7},{"damage":72,"enemies":"Slavers","floor":29,"turns":5}],"seed_played":"671560334183742645","potions_obtained":[{"floor":1,"key":"FocusPotion"},{"floor":5,"key":"Fire Potion"},{"floor":14,"key":"Dexterity Potion"},{"floor":16,"key":"FairyPotion"}],"is_trial":false,"path_per_floor":["M","M","?","$","M","E","R","E","T","R","?","M","E","M","R","B",null,"M","?","T","M","$","R","E","R","T","?","$"],"character_chosen":"DEFECT","items_purchased":["Ball Lightning","Loop","Cold Snap","Steam Power"],"campfire_rested":1,"item_purchase_floors":[4,22,22,22],"current_hp_per_floor":[68,68,68,68,64,43,43,27,27,49,49,49,49,45,45,45,68,68,68,68,57,57,57,43,43,43,43,43,0],"gold":42,"neow_bonus":"RANDOM_COMMON_RELIC","is_prod":false,"is_daily":false,"chose_seed":false,"campfire_upgraded":4,"win_rate":0,"timestamp":1533330430,"path_taken":["M","M","?","$","M","E","R","E","T","R","?","M","E","M","R","BOSS","M","?","?","M","$","R","E","R","T","?","$","E"],"build_version":"2018-07-12","purchased_purges":1,"victory":false,"max_hp_per_floor":[75,75,75,75,75,75,75,75,75,75,75,75,75,75,75,75,75,75,75,75,75,75,75,75,75,75,75,75,75],"card_choices":[{"not_picked":["Skim","Hologram"],"picked":"Coolheaded","floor":1},{"not_picked":["FTL","Gash"],"picked":"Streamline","floor":2},{"not_picked":["Go for the Eyes","Glacier"],"picked":"Conserve Battery","floor":5},{"not_picked":["Melter","Turbo"],"picked":"Go for the Eyes","floor":6},{"not_picked":["Hello World","Redo","Go for the Eyes"],"picked":"SKIP","floor":8},{"not_picked":["Streamline","Rebound","Redo"],"picked":"SKIP","floor":12},{"not_picked":["Aggregate","Turbo"],"picked":"Compile Driver","floor":13},{"not_picked":["Static Discharge","Aggregate"],"picked":"Conserve Battery","floor":14},{"not_picked":["Electrodynamics","Buffer"],"picked":"Seek","floor":16},{"not_picked":["Auto Shields","Gash+1"],"picked":"Leap","floor":18},{"not_picked":["Recycle+1","Leap"],"picked":"Darkness","floor":21},{"not_picked":["Storm","Doom and Gloom","Double Energy"],"picked":"SKIP","floor":24},{"not_picked":["Storm","Doom and Gloom","Double Energy"],"picked":"SKIP","floor":24}],"player_experience":447659,"relics_obtained":[{"floor":6,"key":"Bottled Flame"},{"floor":8,"key":"Juzu Bracelet"},{"floor":9,"key":"Pen Nib"},{"floor":13,"key":"Potion Belt"},{"floor":20,"key":"Bronze Scales"},{"floor":24,"key":"Prayer Wheel"},{"floor":26,"key":"Ice Cream"}],"event_choices":[{"event_name":"Living Wall","player_choice":"Grow","floor":3,"damage_taken":0},{"event_name":"Shining Light","player_choice":"Ignored","floor":11,"damage_taken":0},{"event_name":"The Joust","player_choice":"Bet on Owner","floor":19,"damage_taken":0},{"event_name":"Ghosts","player_choice":"Ignored","floor":27,"damage_taken":0}],"boss_relics":[{"not_picked":["Empty Cage","Coffee Dripper"],"picked":"Ectoplasm"}],"items_purged_floors":[4],"is_endless":false,"potions_floor_spawned":[1,5,14,16],"killed_by":"Slavers","ascension_level":7}