{"gold_per_floor":[110,110,35,35,35,35,48,48,102,102,102,122,156,51,51,123,123,139,54,54,71,91,91,91,114,114,139,89,101,101,1,1,76,76,92,92,42,53,68,100,100,200,280,314,314,330,112,125,125,125,125,125,125,41,69,69],"floor_reached":57,"playtime":2767,"items_purged":["Strike_R","Bash+1","Carnage+1"],"score":2998,"play_id":"8679502e-15ea-440e-8475-9470840aa191","local_time":"20190306014805","is_ascension_mode":true,"campfire_choices":[{"data":"Carnage","floor":6.0,"key":"SMITH"},{"data":"Bash","floor":8.0,"key":"SMITH"},{"data":"Deep Breath","floor":15.0,"key":"SMITH"},{"data":"Entrench","floor":23.0,"key":"SMITH"},{"data":"Barricade","floor":30.0,"key":"SMITH"},{"data":"Dual Wield","floor":32.0,"key":"SMITH"},{"data":"Dark Embrace","floor":41.0,"key":"SMITH"},{"floor":49.0,"key":"RECALL"},{"data":"Offering","floor":53.0,"key":"SMITH"}],"neow_cost":"TEN_PERCENT_HP_LOSS","seed_source_timestamp":395389896394979,"circlet_count":0,"master_deck":["AscendersBane","Defend_R","Defend_R","Defend_R","Battle Trance","Dual Wield+1","Deep Breath+1","Barricade+1","Sword Boomerang","Second Wind","Entrench+1","Pommel Strike+1","Entrench+1","Impatience","Dark Embrace+1","Offering+1","Offering","Demon Form"],"special_seed":0,"relics":["Burning Blood","Thread and Needle","Du-Vu Doll","Bag of Preparation","Gremlin Horn","Mark of Pain","Blood Vial","Enchiridion","Smiling Mask","Mango","Runic Pyramid","Bottled Lightning","Shovel","Blue Candle","Strawberry","Letter Opener","Boot"],"potions_floor_usage":[55],"damage_taken":[{"damage":4.0,"enemies":"Small Slimes","floor":1.0,"turns":4.0},{"damage":3.0,"enemies":"Jaw Worm","floor":7.0,"turns":2.0},{"damage":0.0,"enemies":"Cultist","floor":12.0,"turns":2.0},{"damage":0.0,"enemies":"Gremlin Nob","floor":13.0,"turns":2.0},{"damage":65.0,"enemies":"Hexaghost","floor":16.0,"turns":8.0},{"damage":0.0,"enemies":"Spheric Guardian","floor":18.0,"turns":3.0},{"damage":0.0,"enemies":"Chosen","floor":21.0,"turns":3.0},{"damage":10.0,"enemies":"Centurion and Healer","floor":22.0,"turns":4.0},{"damage":2.0,"enemies":"Book of Stabbing","floor":27.0,"turns":6.0},{"damage":7.0,"enemies":"Shelled Parasite and Fungi","floor":29.0,"turns":2.0},{"damage":10.0,"enemies":"Champ","floor":33.0,"turns":11.0},{"damage":0.0,"enemies":"3 Darklings","floor":35.0,"turns":3.0},{"damage":0.0,"enemies":"3 Shapes","floor":38.0,"turns":5.0},{"damage":6.0,"enemies":"Writhing Mass","floor":39.0,"turns":14.0},{"damage":6.0,"enemies":"Giant Head","floor":40.0,"turns":11.0},{"damage":6.0,"enemies":"Mind Bloom Boss Battle","floor":42.0,"turns":4.0},{"damage":12.0,"enemies":"Nemesis","floor":44.0,"turns":19.0},{"damage":6.0,"enemies":"Sphere and 2 Shapes","floor":46.0,"turns":6.0},{"damage":6.0,"enemies":"4 Shapes","floor":48.0,"turns":4.0},{"damage":13.0,"enemies":"Awakened One","floor":50.0,"turns":36.0},{"damage":13.0,"enemies":"Time Eater","floor":51.0,"turns":20.0},{"damage":6,"enemies":"Shield and Spear","floor":55,"turns":9},{"damage":23,"enemies":"The Heart","floor":56,"turns":13}],"seed_played":"8028638530598692378","potions_obtained":[{"floor":1.0,"key":"Explosive Potion"},{"floor":12.0,"key":"FearPotion"},{"floor":16.0,"key":"SteroidPotion"},{"floor":18.0,"key":"Swift Potion"},{"floor":27.0,"key":"Dexterity Potion"},{"floor":33.0,"key":"Fire Potion"},{"floor":35.0,"key":"Block Potion"}],"is_trial":false,"path_per_floor":["M","?","?","$","$","R","M","R","T","?","?","M","E","$","R","B",null,"M","?","?","M","M","R","?","T","T","E","$","M","R","$","R","B",null,"M","?","$","M","M","E","R","?","T","E","T","M","$","M","R","B","B",null,"R","$","E","B",null],"character_chosen":"IRONCLAD","items_purchased":["Deep Breath","Impatience","Demon Form","GamblersBrew"],"campfire_rested":0,"item_purchase_floors":[14,31,47,54],"current_hp_per_floor":[68,63,63,63,63,63,66,66,66,66,66,68,68,68,68,9,53,59,59,59,67,64,64,43,43,43,63,63,64,64,64,64,62,77,82,82,82,82,82,82,82,82,82,83,83,85,85,87,87,82,77,86,86,86,88,72],"gold":69,"neow_bonus":"ONE_RARE_RELIC","is_prod":false,"is_daily":false,"chose_seed":false,"campfire_upgraded":8,"win_rate":0,"timestamp":1551808085,"path_taken":["M","?","?","?","$","R","M","R","T","?","?","M","E","$","R","BOSS","M","?","?","?","M","R","?","?","T","E","$","?","R","$","R","BOSS","M","?","$","?","M","E","R","?","T","E","?","M","$","M","R","BOSS","BOSS","R","$","E","BOSS"],"build_version":"2019-01-23","purchased_purges":3,"victory":true,"max_hp_per_floor":[68,68,68,68,68,68,68,68,68,68,68,68,68,68,68,68,68,68,68,68,68,68,68,68,68,68,82,82,82,82,82,82,82,82,82,82,82,82,82,82,82,82,82,89,89,89,89,89,89,89,89,89,89,89,89,89],"card_choices":[{"not_picked":["Thunderclap","Body Slam"],"picked":"Carnage","floor":1.0},{"not_picked":["Clothesline","Metallicize","Blood for Blood"],"picked":"SKIP","floor":7.0},{"not_picked":["Ghostly Armor","Reckless Charge","Thunderclap"],"picked":"SKIP","floor":12.0},{"not_picked":["Fire Breathing","Thunderclap"],"picked":"Dual Wield","floor":13.0},{"not_picked":["Reaper","Juggernaut"],"picked":"Barricade","floor":16.0},{"not_picked":["Havoc","Perfected Strike"],"picked":"Sword Boomerang","floor":18.0},{"not_picked":["Shrug It Off","Intimidate+1"],"picked":"Entrench","floor":21.0},{"not_picked":["Headbutt","Searing Blow"],"picked":"Pommel Strike+1","floor":22.0},{"not_picked":["Second Wind","Shrug It Off"],"picked":"Entrench+1","floor":27.0},{"not_picked":["Warcry","Blood for Blood","Hemokinesis"],"picked":"SKIP","floor":29.0},{"not_picked":["Bludgeon","Brutality"],"picked":"Dark Embrace","floor":33.0},{"not_picked":["Headbutt","Rupture","Rage"],"picked":"SKIP","floor":35.0},{"not_picked":["Anger+1","Havoc+1","Cleave+1"],"picked":"SKIP","floor":38.0},{"not_picked":["Clash+1","Armaments","Flex"],"picked":"SKIP","floor":39.0},{"not_picked":["Bloodletting","Fire Breathing","Warcry"],"picked":"SKIP","floor":40.0},{"not_picked":["Iron Wave","Headbutt+1"],"picked":"Offering","floor":42.0},{"not_picked":["Clash","Flex","Havoc"],"picked":"SKIP","floor":44.0},{"not_picked":["Clash","Flex","Havoc"],"picked":"SKIP","floor":44.0},{"not_picked":["Wild Strike","Flex","Entrench"],"picked":"SKIP","floor":46.0},{"not_picked":["Pommel Strike+1","Cleave+1","Havoc"],"picked":"SKIP","floor":48.0},{"not_picked":["Dual Wield","Entrench","Bludgeon"],"picked":"SKIP","floor":55}],"player_experience":1170221,"relics_obtained":[{"floor":9.0,"key":"Bag of Preparation"},{"floor":13.0,"key":"Gremlin Horn"},{"floor":24.0,"key":"Enchiridion"},{"floor":25.0,"key":"Smiling Mask"},{"floor":27.0,"key":"Mango"},{"floor":40.0,"key":"Bottled Lightning"},{"floor":42.0,"key":"Shovel"},{"floor":43.0,"key":"Blue Candle"},{"floor":44.0,"key":"Strawberry"},{"floor":45.0,"key":"Letter Opener"},{"floor":55,"key":"Boot"}],"event_choices":[{"damage_healed":0.0,"max_hp_gain":0.0,"max_hp_loss":0.0,"gold_gain":0.0,"event_name":"Scrap Ooze","player_choice":"Success","floor":2.0,"gold_loss":0.0,"damage_taken":5.0,"relics_obtained":["Du-Vu Doll"]},{"cards_removed":["Strike_R"],"damage_healed":0.0,"max_hp_gain":0.0,"max_hp_loss":0.0,"gold_gain":0.0,"event_name":"The Cleric","player_choice":"Card Removal","floor":3.0,"gold_loss":75.0,"damage_taken":0.0},{"cards_removed":["Strike_R"],"damage_healed":0.0,"max_hp_gain":0.0,"max_hp_loss":0.0,"gold_gain":0.0,"event_name":"Living Wall","player_choice":"Forget","floor":10.0,"gold_loss":0.0,"damage_taken":0.0},{"damage_healed":0.0,"max_hp_gain":0.0,"max_hp_loss":0.0,"gold_gain":0.0,"cards_transformed":["Strike_R"],"event_name":"Transmorgrifier","player_choice":"Transformed","floor":11.0,"gold_loss":0.0,"damage_taken":0.0,"cards_obtained":["Battle Trance"]},{"damage_healed":0.0,"max_hp_gain":0.0,"max_hp_loss":0.0,"gold_gain":0.0,"event_name":"Addict","player_choice":"Obtained Relic","floor":19.0,"gold_loss":85.0,"damage_taken":0.0,"relics_obtained":["Blood Vial"]},{"damage_healed":0.0,"max_hp_gain":0.0,"max_hp_loss":0.0,"gold_gain":0.0,"cards_transformed":["Strike_R"],"event_name":"Transmorgrifier","player_choice":"Transformed","floor":20.0,"gold_loss":0.0,"damage_taken":0.0,"cards_obtained":["Second Wind"]},{"damage_healed":0.0,"max_hp_gain":0.0,"max_hp_loss":0.0,"gold_gain":0.0,"event_name":"Cursed Tome","player_choice":"Obtained Book","floor":24.0,"gold_loss":0.0,"damage_taken":21.0},{"damage_healed":0.0,"max_hp_gain":0.0,"max_hp_loss":0.0,"gold_gain":0.0,"cards_transformed":["Defend_R"],"event_name":"Transmorgrifier","player_choice":"Transformed","floor":36.0,"gold_loss":0.0,"damage_taken":0.0,"cards_obtained":["Offering"]},{"damage_healed":0.0,"max_hp_gain":0.0,"max_hp_loss":0.0,"gold_gain":0.0,"event_name":"MindBloom","player_choice":"Fight","floor":42.0,"gold_loss":0.0,"damage_taken":0.0}],"is_beta":false,"boss_relics":[{"not_picked":["White Beast Statue","Sozu"],"picked":"Mark of Pain"},{"not_picked":["Snecko Eye","Astrolabe"],"picked":"Runic Pyramid"}],"items_purged_floors":[28,37,47],"is_endless":false,"potions_floor_spawned":[1,12,16,18,21,27,33,35,39,44,48],"ascension_level":20}