{"path_per_floor":["M","M","?","?","M","$","E","R","T","E","?","M","R"],"character_chosen":"DEFECT","items_purchased":[],"gold_per_floor":[111,128,128,128,149,74,118,118,118,153,228,241,241,241],"floor_reached":14,"campfire_rested":1,"playtime":917,"item_purchase_floors":[],"current_hp_per_floor":[77,62,55,55,55,55,29,29,29,27,16,16,41,0],"items_purged":["Injury"],"gold":241,"score":113,"play_id":"de85d5b4-3547-486f-8871-ab4b86c40c7b","local_time":"20180609081119","is_prod":false,"is_daily":false,"chose_seed":false,"is_ascension_mode":true,"campfire_upgraded":1,"win_rate":0,"timestamp":1528549879,"campfire_choices":[{"data":"Reinforced Body","floor":8,"key":"SMITH"},{"floor":13,"key":"REST"}],"path_taken":["M","M","?","?","M","$","E","R","T","E","?","?","R","E"],"build_version":"2018-06-08","seed_source_timestamp":13398284689665,"purchased_purges":1,"victory":false,"master_deck":["Strike_B","Strike_B","Strike_B","Strike_B","Defend_B","Defend_B","Defend_B","Zap","Dualcast","Reinforced Body+1","Glacier","Creative AI","Turbo","Glacier"],"max_hp_per_floor":[77,77,77,77,77,77,77,77,77,77,77,77,79,79],"relics":["Cracked Core","Singing Bowl","Golden Idol","Gambling Chip","Torii","Dream Catcher"],"card_choices":[{"not_picked":["Consume","Compile Driver","Steam"],"picked":"Singing Bowl","floor":1},{"not_picked":["Capacitor","Skim"],"picked":"Reinforced Body","floor":2},{"not_picked":["Defragment","Compile Driver"],"picked":"Glacier","floor":5},{"not_picked":["Chaos","Compile Driver"],"picked":"Creative AI","floor":7},{"not_picked":["Redo","Barrage"],"picked":"Turbo","floor":10},{"not_picked":["Turbo","Leap"],"picked":"Glacier","floor":12},{"not_picked":["Steam","Auto Shields","Buffer"],"picked":"Singing Bowl","floor":13}],"player_experience":209768,"potions_floor_usage":[7],"damage_taken":[{"damage":0,"enemies":"2 Louse","floor":1,"turns":2},{"damage":15,"enemies":"Small Slimes","floor":2,"turns":4},{"damage":0,"enemies":"Cultist","floor":5,"turns":3},{"damage":26,"enemies":"Lagavulin","floor":7,"turns":7},{"damage":2,"enemies":"3 Sentries","floor":10,"turns":9},{"damage":0,"enemies":"2 Fungi Beasts","floor":12,"turns":3},{"damage":47,"enemies":"Gremlin Nob","floor":14,"turns":8}],"relics_obtained":[{"floor":7,"key":"Gambling Chip"},{"floor":9,"key":"Torii"},{"floor":10,"key":"Dream Catcher"}],"event_choices":[{"event_name":"Golden Wing","player_choice":"Card Removal","floor":3,"damage_taken":0},{"event_name":"Golden Idol","player_choice":"Take Wound","floor":4,"damage_taken":0},{"event_name":"World of Goop","player_choice":"Gather Gold","floor":11,"damage_taken":0}],"boss_relics":[],"items_purged_floors":[6],"potions_floor_spawned":[1,5],"seed_played":"-205611606800559162","killed_by":"Gremlin Nob","ascension_level":3,"potions_obtained":[{"floor":1,"key":"Ancient Potion"},{"floor":5,"key":"PowerPotion"}],"is_trial":false}