{"gold_per_floor":[112,129,142,142,158,158,28,28,110,110,139,152,152,171,171,247,247,225,243,20,36,36,68,118,138,138,138],"floor_reached":27,"playtime":818,"items_purged":["Strike_R"],"score":470,"play_id":"7ae6a745-88a9-48e7-8c78-fead8901bdc8","local_time":"20190509232555","is_ascension_mode":true,"campfire_choices":[{"data":"True Grit","floor":6.0,"key":"SMITH"},{"data":"Clothesline","floor":8.0,"key":"SMITH"},{"data":"Cleave","floor":10.0,"key":"SMITH"},{"floor":15.0,"key":"REST"}],"neow_cost":"NONE","seed_source_timestamp":377051451200165,"circlet_count":0,"master_deck":["AscendersBane","Strike_R+1","Strike_R+1","Strike_R+1","Strike_R+1","Defend_R+1","Defend_R+1","Defend_R+1","Defend_R+1","Bash","Clothesline+1","Thunderclap","Spot Weakness+1","Cleave+1","True Grit+1","Shrug It Off","Anger","Disarm","Reaper","Sword Boomerang","Limit Break+1","Feel No Pain","Shrug It Off","Headbutt"],"special_seed":0,"relics":["Burning Blood","Tiny Chest","Pen Nib","Coffee Dripper","Matryoshka","War Paint","Gremlin Horn"],"potions_floor_usage":[27],"damage_taken":[{"damage":4.0,"enemies":"Jaw Worm","floor":1.0,"turns":5.0},{"damage":18.0,"enemies":"2 Louse","floor":2.0,"turns":3.0},{"damage":8.0,"enemies":"Small Slimes","floor":3.0,"turns":2.0},{"damage":12.0,"enemies":"Looter","floor":5.0,"turns":3.0},{"damage":21.0,"enemies":"3 Sentries","floor":11.0,"turns":7.0},{"damage":12.0,"enemies":"Blue Slaver","floor":12.0,"turns":4.0},{"damage":12.0,"enemies":"Gremlin Gang","floor":14.0,"turns":2.0},{"damage":16.0,"enemies":"Slime Boss","floor":16.0,"turns":8.0},{"damage":26.0,"enemies":"2 Thieves","floor":18.0,"turns":4.0},{"damage":24.0,"enemies":"Shell Parasite","floor":19.0,"turns":5.0},{"damage":4.0,"enemies":"Chosen and Byrds","floor":21.0,"turns":5.0},{"damage":61.0,"enemies":"Slavers","floor":23.0,"turns":7.0},{"damage":21.0,"enemies":"Cultist and Chosen","floor":25.0,"turns":7.0},{"damage":49,"enemies":"Gremlin Leader","floor":27,"turns":5}],"seed_played":"3400989943133397707","potions_obtained":[{"floor":1.0,"key":"EntropicBrew"},{"floor":3.0,"key":"LiquidBronze"},{"floor":5.0,"key":"Block Potion"},{"floor":11.0,"key":"Strength Potion"},{"floor":18.0,"key":"BloodPotion"},{"floor":25.0,"key":"EssenceOfSteel"}],"is_trial":false,"path_per_floor":["M","M","M","?","M","R","$","R","T","R","E","M","?","M","R","B",null,"M","M","$","M","?","E","?","M","T","E"],"character_chosen":"IRONCLAD","items_purchased":["Shrug It Off","Limit Break","Feel No Pain","SteroidPotion"],"campfire_rested":1,"item_purchase_floors":[7,20,20,20],"current_hp_per_floor":[70,58,56,61,55,55,55,55,55,55,40,34,34,28,52,42,71,59,41,41,70,70,29,29,32,32,0],"gold":138,"neow_bonus":"THREE_CARDS","is_prod":false,"is_daily":false,"chose_seed":false,"campfire_upgraded":3,"win_rate":0,"timestamp":1557455155,"path_taken":["M","M","M","?","M","R","$","R","T","R","E","M","?","M","R","BOSS","M","M","$","M","?","E","?","M","T","E"],"build_version":"2019-01-23","purchased_purges":1,"victory":false,"max_hp_per_floor":[75,75,75,80,80,80,80,80,80,80,80,80,80,80,80,80,80,80,80,80,80,80,80,80,80,80,80],"card_choices":[{"not_picked":["Havoc","Second Wind"],"picked":"Clothesline","floor":0.0},{"not_picked":["Intimidate","Iron Wave"],"picked":"Thunderclap","floor":1.0},{"not_picked":["Headbutt","True Grit"],"picked":"Spot Weakness","floor":2.0},{"not_picked":["Pommel Strike","Flex"],"picked":"Cleave","floor":3.0},{"not_picked":["Clothesline","Blood for Blood"],"picked":"True Grit","floor":5.0},{"not_picked":["Fire Breathing","Rage","Body Slam"],"picked":"SKIP","floor":11.0},{"not_picked":["Pommel Strike","Demon Form"],"picked":"Anger","floor":12.0},{"not_picked":["Body Slam","Dual Wield"],"picked":"Disarm","floor":14.0},{"not_picked":["Juggernaut","Immolate"],"picked":"Reaper","floor":16.0},{"not_picked":["Uppercut","Perfected Strike"],"picked":"Sword Boomerang","floor":18.0},{"not_picked":["Havoc","Clash","Reckless Charge"],"picked":"SKIP","floor":19.0},{"not_picked":["Sever Soul+1","Perfected Strike"],"picked":"Shrug It Off","floor":21.0},{"not_picked":["Havoc","Thunderclap","Entrench"],"picked":"SKIP","floor":23.0},{"not_picked":["True Grit","Heavy Blade"],"picked":"Headbutt","floor":25.0}],"player_experience":2293336,"relics_obtained":[{"floor":9.0,"key":"Tiny Chest"},{"floor":11.0,"key":"Pen Nib"},{"floor":23.0,"key":"Matryoshka"},{"floor":26.0,"key":"War Paint"},{"floor":26.0,"key":"Gremlin Horn"}],"event_choices":[{"damage_healed":0.0,"max_hp_gain":5.0,"max_hp_loss":0.0,"gold_gain":0.0,"event_name":"Big Fish","player_choice":"Donut","floor":4.0,"gold_loss":0.0,"damage_taken":0.0},{"damage_healed":0.0,"max_hp_gain":0.0,"max_hp_loss":0.0,"gold_gain":0.0,"event_name":"Shining Light","player_choice":"Ignored","floor":13.0,"gold_loss":0.0,"damage_taken":0.0},{"damage_healed":0.0,"max_hp_gain":0.0,"max_hp_loss":0.0,"gold_gain":0.0,"event_name":"Back to Basics","player_choice":"Simplicity","floor":22.0,"gold_loss":0.0,"damage_taken":0.0,"cards_upgraded":["Strike_R","Strike_R","Strike_R","Strike_R","Defend_R","Defend_R","Defend_R","Defend_R"]},{"damage_healed":0.0,"max_hp_gain":0.0,"max_hp_loss":0.0,"gold_gain":50.0,"event_name":"Nest","player_choice":"Stole From Cult","floor":24.0,"gold_loss":0.0,"damage_taken":0.0}],"is_beta":false,"boss_relics":[{"not_picked":["Fusion Hammer","Cursed Key"],"picked":"Coffee Dripper"}],"items_purged_floors":[7],"is_endless":false,"potions_floor_spawned":[1,3,5,11,18,25],"killed_by":"Gremlin Leader","ascension_level":20}