{"gold_per_floor":[363,382,94,19,32,32,62,62,62,81,81,81,95,124,124,199,199,209,159,159,159,169,169,189,189,240,14,45,45,61,73,73,148,148,167,179,195,211,229,262,262,262,262,562,597,597,612,638,638,638,638,638,638,207,238,238],"floor_reached":57,"playtime":2695,"items_purged":["Strike_R","Strike_R","Strike_R","Strike_R"],"score":2869,"play_id":"3d99706f-6713-4abd-83b3-864bb9ad8301","local_time":"20190503141208","is_ascension_mode":true,"campfire_choices":[{"data":"Immolate","floor":6.0,"key":"SMITH"},{"data":"Armaments","floor":8.0,"key":"SMITH"},{"data":"Feel No Pain","floor":12.0,"key":"SMITH"},{"data":"Sword Boomerang","floor":15.0,"key":"SMITH"},{"data":"Fiend Fire","floor":23.0,"key":"SMITH"},{"data":"Body Slam","floor":25.0,"key":"SMITH"},{"data":"Limit Break","floor":29.0,"key":"SMITH"},{"data":"Spot Weakness","floor":32.0,"key":"SMITH"},{"data":"Shrug It Off","floor":41.0,"key":"SMITH"},{"data":"Bash","floor":46.0,"key":"SMITH"},{"floor":49.0,"key":"RECALL"},{"data":"Defend_R","floor":53.0,"key":"SMITH"}],"neow_cost":"PERCENT_DAMAGE","seed_source_timestamp":704618028697724,"circlet_count":0,"master_deck":["AscendersBane","Defend_R","Defend_R+1","Defend_R+1","Defend_R+1","Bash+1","Feel No Pain+1","Armaments+1","Immolate+1","Spot Weakness+1","Sword Boomerang+1","Fiend Fire+1","Evolve+1","Shrug It Off+1","Feed","Body Slam+1","Limit Break+1","Reaper+1","True Grit+1","Feel No Pain+1","Dual Wield+1","Flash of Steel+1","Pommel Strike+1"],"special_seed":0,"relics":["Burning Blood","Membership Card","Bottled Lightning","War Paint","Frozen Egg 2","Coffee Dripper","Lantern","Bag of Preparation","Molten Egg 2","Runic Pyramid","Magic Flower","Old Coin","Oddly Smooth Stone","Sundial","TheAbacus","Nunchaku","Mercury Hourglass"],"potions_floor_usage":[56,56],"damage_taken":[{"damage":7.0,"enemies":"Jaw Worm","floor":1.0,"turns":4.0},{"damage":6.0,"enemies":"2 Louse","floor":2.0,"turns":4.0},{"damage":14.0,"enemies":"Cultist","floor":5.0,"turns":5.0},{"damage":20.0,"enemies":"Lagavulin","floor":7.0,"turns":7.0},{"damage":4.0,"enemies":"3 Louse","floor":10.0,"turns":2.0},{"damage":2.0,"enemies":"Exordium Thugs","floor":13.0,"turns":4.0},{"damage":0.0,"enemies":"3 Sentries","floor":14.0,"turns":2.0},{"damage":37.0,"enemies":"The Guardian","floor":16.0,"turns":11.0},{"damage":10.0,"enemies":"Shell Parasite","floor":18.0,"turns":4.0},{"damage":3.0,"enemies":"3 Byrds","floor":22.0,"turns":6.0},{"damage":33.0,"enemies":"Snake Plant","floor":24.0,"turns":5.0},{"damage":0.0,"enemies":"Book of Stabbing","floor":28.0,"turns":3.0},{"damage":0.0,"enemies":"Centurion and Healer","floor":30.0,"turns":4.0},{"damage":6.0,"enemies":"Chosen and Byrds","floor":31.0,"turns":6.0},{"damage":49.0,"enemies":"Automaton","floor":33.0,"turns":8.0},{"damage":0.0,"enemies":"Orb Walker","floor":35.0,"turns":2.0},{"damage":7.0,"enemies":"3 Darklings","floor":36.0,"turns":3.0},{"damage":11.0,"enemies":"Writhing Mass","floor":37.0,"turns":5.0},{"damage":12.0,"enemies":"Transient","floor":38.0,"turns":6.0},{"damage":34.0,"enemies":"4 Shapes","floor":39.0,"turns":12.0},{"damage":37.0,"enemies":"Nemesis","floor":40.0,"turns":5.0},{"damage":53.0,"enemies":"Giant Head","floor":45.0,"turns":7.0},{"damage":46.0,"enemies":"Maw","floor":47.0,"turns":9.0},{"damage":31.0,"enemies":"Nemesis","floor":48.0,"turns":7.0},{"damage":45.0,"enemies":"Donu and Deca","floor":50.0,"turns":10.0},{"damage":83.0,"enemies":"Time Eater","floor":51.0,"turns":10.0},{"damage":77,"enemies":"Shield and Spear","floor":55,"turns":7},{"damage":210,"enemies":"The Heart","floor":56,"turns":10}],"seed_played":"-5263237911702365777","potions_obtained":[{"floor":2.0,"key":"Block Potion"},{"floor":10.0,"key":"SteroidPotion"},{"floor":14.0,"key":"Swift Potion"},{"floor":28.0,"key":"Poison Potion"},{"floor":30.0,"key":"FearPotion"},{"floor":33.0,"key":"Ancient Potion"},{"floor":36.0,"key":"Fire Potion"},{"floor":38.0,"key":"SkillPotion"}],"is_trial":false,"path_per_floor":["M","M","$","?","M","R","E","R","T","M","?","R","M","E","R","B",null,"M","$","?","?","M","R","M","R","T","$","E","R","M","M","R","B",null,"M","M","M","M","M","E","R","?","T","T","E","R","M","E","R","B","B",null,"R","$","E","B",null],"character_chosen":"IRONCLAD","items_purchased":["Membership Card","Explosive Potion","Limit Break","Bag of Preparation","TheAbacus","Flash of Steel+1","Nunchaku","Strength Potion"],"campfire_rested":0,"item_purchase_floors":[3,3,27,27,54,54,54,54],"current_hp_per_floor":[49,49,49,49,41,41,27,27,27,29,29,29,33,39,39,8,58,54,54,54,54,60,60,33,33,33,33,42,42,48,51,51,8,65,71,87,88,88,92,82,82,82,82,82,90,90,94,92,92,94,94,94,94,94,94,94],"gold":238,"neow_bonus":"TWO_FIFTY_GOLD","is_prod":false,"is_daily":false,"chose_seed":false,"campfire_upgraded":11,"win_rate":0,"timestamp":1556863928,"path_taken":["M","M","$","?","M","R","E","R","T","M","?","R","M","E","R","BOSS","M","$","?","?","M","R","M","R","T","$","E","R","?","M","R","BOSS","BOSS","M","M","M","M","M","E","R","?","T","?","E","R","?","E","R","BOSS","BOSS","R","$","E","BOSS"],"build_version":"2019-01-23","purchased_purges":4,"victory":true,"max_hp_per_floor":[75,75,75,75,75,75,75,75,75,75,75,75,75,75,75,75,75,75,75,75,75,78,78,78,78,78,78,81,81,81,84,84,84,84,84,88,88,88,92,92,92,87,87,87,90,90,94,94,94,94,94,94,94,94,94,94],"card_choices":[{"not_picked":["Perfected Strike","Sword Boomerang"],"picked":"Feel No Pain","floor":1.0},{"not_picked":["Reckless Charge","Pummel"],"picked":"Armaments","floor":2.0},{"not_picked":["Thunderclap","Perfected Strike"],"picked":"Immolate","floor":5.0},{"not_picked":["Warcry","Intimidate","Clash"],"picked":"SKIP","floor":10.0},{"not_picked":["Whirlwind","Perfected Strike"],"picked":"Spot Weakness","floor":13.0},{"not_picked":["Shrug It Off","Headbutt"],"picked":"Sword Boomerang","floor":14.0},{"not_picked":["Offering","Immolate"],"picked":"Fiend Fire","floor":16.0},{"not_picked":["Heavy Blade","Iron Wave"],"picked":"Evolve+1","floor":18.0},{"not_picked":["Perfected Strike","Headbutt","Iron Wave"],"picked":"SKIP","floor":22.0},{"not_picked":["Anger","Twin Strike"],"picked":"Body Slam","floor":24.0},{"not_picked":["Cleave","Rupture+1","Headbutt"],"picked":"SKIP","floor":28.0},{"not_picked":["Heavy Blade+1","Clash+1","Perfected Strike+1"],"picked":"SKIP","floor":30.0},{"not_picked":["Feed+1","Havoc","Heavy Blade+1"],"picked":"SKIP","floor":31.0},{"not_picked":["Offering","Bludgeon+1"],"picked":"Reaper+1","floor":33.0},{"not_picked":["Cleave+1","Headbutt+1","Whirlwind+1"],"picked":"SKIP","floor":35.0},{"not_picked":["Clash+1","Armaments","Body Slam+1"],"picked":"SKIP","floor":36.0},{"not_picked":["Metallicize+1","Headbutt+1","Twin Strike+1"],"picked":"SKIP","floor":37.0},{"not_picked":["Corruption+1","Wild Strike+1","Clothesline+1"],"picked":"SKIP","floor":38.0},{"not_picked":["Body Slam+1","Wild Strike+1"],"picked":"True Grit+1","floor":39.0},{"not_picked":["Corruption+1","Body Slam+1"],"picked":"Feel No Pain+1","floor":40.0},{"not_picked":["Twin Strike+1","Rage","Sword Boomerang+1"],"picked":"SKIP","floor":45.0},{"not_picked":["Intimidate","Combust+1","Shrug It Off"],"picked":"SKIP","floor":47.0},{"not_picked":["Demon Form+1","Body Slam+1"],"picked":"Dual Wield+1","floor":48.0},{"not_picked":["Anger+1","Wild Strike+1"],"picked":"Pommel Strike+1","floor":55}],"player_experience":1828588,"relics_obtained":[{"floor":7.0,"key":"Bottled Lightning"},{"floor":9.0,"key":"War Paint"},{"floor":14.0,"key":"Frozen Egg 2"},{"floor":26.0,"key":"Lantern"},{"floor":28.0,"key":"Molten Egg 2"},{"floor":40.0,"key":"Magic Flower"},{"floor":44.0,"key":"Old Coin"},{"floor":45.0,"key":"Oddly Smooth Stone"},{"floor":48.0,"key":"Sundial"},{"floor":55,"key":"Mercury Hourglass"}],"event_choices":[{"cards_removed":["Strike_R"],"damage_healed":0.0,"max_hp_gain":0.0,"max_hp_loss":0.0,"gold_gain":0.0,"event_name":"The Cleric","player_choice":"Card Removal","floor":4.0,"gold_loss":75.0,"damage_taken":0.0},{"damage_healed":0.0,"max_hp_gain":0.0,"max_hp_loss":0.0,"gold_gain":0.0,"event_name":"Shining Light","player_choice":"Ignored","floor":11.0,"gold_loss":0.0,"damage_taken":0.0},{"damage_healed":0.0,"max_hp_gain":0.0,"max_hp_loss":0.0,"gold_gain":0.0,"event_name":"Vampires","player_choice":"Ignored","floor":20.0,"gold_loss":0.0,"damage_taken":0.0},{"damage_healed":0.0,"max_hp_gain":0.0,"max_hp_loss":0.0,"gold_gain":0.0,"event_name":"Match and Keep!","player_choice":"2 cards matched","floor":21.0,"gold_loss":0.0,"damage_taken":0.0,"cards_obtained":["Shrug It Off","Feed"]},{"damage_healed":0.0,"max_hp_gain":0.0,"max_hp_loss":5.0,"gold_gain":0.0,"event_name":"Winding Halls","player_choice":"Max HP","floor":42.0,"gold_loss":0.0,"damage_taken":0.0}],"is_beta":false,"boss_relics":[{"not_picked":["Runic Cube","Fusion Hammer"],"picked":"Coffee Dripper"},{"not_picked":["Cursed Key","Snecko Eye"],"picked":"Runic Pyramid"}],"items_purged_floors":[3,19,27,54],"is_endless":false,"potions_floor_spawned":[2,5,10,14,22,24,28,30,33,36,38,40,55],"ascension_level":20}