{"path_per_floor":["M","M","M","M","?","E","R","M","T","R","?","R"],"character_chosen":"DEFECT","items_purchased":[],"gold_per_floor":[119,129,148,158,158,183,183,194,194,194,194,194,194],"floor_reached":13,"campfire_rested":2,"playtime":491,"item_purchase_floors":[],"current_hp_per_floor":[74,61,61,49,37,5,27,18,18,18,18,38,0],"items_purged":[],"gold":194,"score":98,"play_id":"71f0e798-e969-4858-97da-eb8ea58e09db","local_time":"20180609043340","is_prod":false,"is_daily":false,"chose_seed":false,"is_ascension_mode":true,"campfire_upgraded":1,"win_rate":0,"timestamp":1528536820,"campfire_choices":[{"floor":7,"key":"REST"},{"data":"Zap","floor":10,"key":"SMITH"},{"floor":12,"key":"REST"}],"path_taken":["M","M","M","M","?","E","R","M","T","R","?","R","E"],"build_version":"2018-06-08","seed_source_timestamp":800086121842,"purchased_purges":0,"victory":false,"master_deck":["Strike_B","Strike_B","Strike_B","Strike_B","Defend_B","Defend_B","Defend_B","Defend_B","Zap+1","Dualcast","Turbo","Beam Cell","Gash","Steam Power","Go for the Eyes"],"max_hp_per_floor":[75,75,75,75,75,75,75,75,75,75,69,69,69],"relics":["Runic Dome","Gambling Chip","Darkstone Periapt","Bottled Lightning","Golden Idol"],"card_choices":[{"not_picked":["Aggregate","Glacier"],"picked":"Turbo","floor":1},{"not_picked":["Barrage","Rebound"],"picked":"Beam Cell","floor":2},{"not_picked":["Conserve Battery","Hologram"],"picked":"Gash","floor":3},{"not_picked":["Darkness","Recycle"],"picked":"Steam Power","floor":4},{"not_picked":["Rip and Tear","Cold Snap","Heatsinks"],"picked":"SKIP","floor":6},{"not_picked":["Doom and Gloom","Cold Snap"],"picked":"Go for the Eyes","floor":8}],"player_experience":207827,"potions_floor_usage":[3,6],"damage_taken":[{"damage":1,"enemies":"Cultist","floor":1,"turns":3},{"damage":13,"enemies":"Jaw Worm","floor":2,"turns":4},{"damage":0,"enemies":"Small Slimes","floor":3,"turns":2},{"damage":12,"enemies":"Looter","floor":4,"turns":3},{"damage":32,"enemies":"3 Sentries","floor":6,"turns":9},{"damage":9,"enemies":"Large Slime","floor":8,"turns":6},{"damage":55,"enemies":"Gremlin Nob","floor":13,"turns":4}],"relics_obtained":[{"floor":6,"key":"Darkstone Periapt"},{"floor":9,"key":"Bottled Lightning"}],"event_choices":[{"event_name":"Scrap Ooze","player_choice":"success","floor":5,"damage_taken":12},{"event_name":"Golden Idol","player_choice":"Lose Max HP","floor":11,"damage_taken":0}],"boss_relics":[],"items_purged_floors":[],"potions_floor_spawned":[1,2],"seed_played":"3165922313175253286","killed_by":"Gremlin Nob","ascension_level":3,"potions_obtained":[{"floor":1,"key":"Block Potion"},{"floor":2,"key":"Explosive Potion"}],"is_trial":false}