{"path_per_floor":["M","?","M","?","M","E","$","R","T","M","E","R","M","E","R","B",null,"M","?","$","M","M","R","M","E","T","T","M","R","$","E","R","B",null,"M","$","M","M","M","E","?","R","T","E","R","T","E","M","R","B"],"character_chosen":"IRONCLAD","items_purchased":["Apotheosis","Offering"],"gold_per_floor":[109,109,119,119,138,173,98,98,124,144,174,174,186,213,213,311,311,327,252,63,75,95,95,115,148,148,196,206,206,51,78,78,178,178,191,91,102,119,136,161,161,161,212,244,244,323,350,365,365,365],"floor_reached":51,"campfire_rested":2,"playtime":2278,"current_hp_per_floor":[80,80,80,80,80,52,52,52,52,55,51,51,55,41,41,19,83,76,76,76,77,57,57,61,29,29,29,28,53,53,60,60,59,86,85,85,80,75,77,79,69,69,69,70,70,70,61,55,80,35],"items_purged":["Defend_R","Regret"],"gold":365,"score":911,"play_id":"3cc8a196-f28a-40c7-bb83-a8f529a123a2","local_time":"20180420221100","is_prod":false,"is_daily":false,"chose_seed":false,"is_ascension_mode":true,"campfire_upgraded":7,"timestamp":1524280260,"path_taken":["M","?","?","?","M","E","$","R","T","M","E","R","?","E","R","BOSS","M","?","$","M","M","R","M","E","T","?","?","R","$","E","R","BOSS","M","$","M","M","M","E","?","R","T","E","R","?","E","M","R","BOSS"],"build_version":"2018-04-19","seed_source_timestamp":733818155603173,"purchased_purges":2,"victory":true,"master_deck":["Strike_R+1","Strike_R","Strike_R+1","Defend_R","Defend_R","Defend_R","Bash+1","Infernal Blade+1","Hemokinesis+1","Shrug It Off+1","Shrug It Off+1","Apotheosis+1","Pommel Strike+1","Pommel Strike+1","Body Slam+1","Body Slam+1","Clumsy","Offering+1","Whirlwind+1","Impervious+1","Deep Breath+1","Transmutation+1","Trip+1","Doubt","Dropkick+1","Regret"],"max_hp_per_floor":[80,80,80,80,80,80,80,80,80,80,80,80,83,83,83,83,83,86,86,86,86,86,86,86,86,86,86,86,86,86,86,86,86,86,86,86,86,86,86,86,86,86,86,86,86,86,86,86,86,86],"relics":["Burning Blood","Pen Nib","Oddly Smooth Stone","Meat on the Bone","Ice Cream","Cursed Key","Toxic Egg 2","Kunai","Bag of Preparation","Juzu Bracelet","Runic Cube","Vajra","Whetstone","Happy Flower","Matryoshka","Calipers"],"card_choices":[{"not_picked":["Sword Boomerang","Body Slam"],"picked":"Infernal Blade","floor":0},{"not_picked":["Ghostly Armor","Perfected Strike"],"picked":"Hemokinesis","floor":1},{"not_picked":["Cleave","Armaments"],"picked":"Shrug It Off","floor":5},{"not_picked":["Flame Barrier","Shockwave"],"picked":"Shrug It Off","floor":6},{"not_picked":["Clash","Armaments"],"picked":"Pommel Strike","floor":21},{"not_picked":["Flex","Thunderclap"],"picked":"Pommel Strike","floor":22},{"not_picked":["Feed","Searing Blow"],"picked":"Body Slam","floor":24},{"not_picked":["Clash","Iron Wave"],"picked":"Body Slam","floor":25},{"not_picked":["Uppercut","Hemokinesis"],"picked":"Whirlwind","floor":31},{"not_picked":["Feed","Limit Break"],"picked":"Impervious","floor":33},{"not_picked":["Sadistic Nature","Thinking Ahead"],"picked":"Deep Breath","floor":41},{"not_picked":["Finesse","Swift Strike"],"picked":"Transmutation","floor":41},{"not_picked":["Bandage Up","Panacea"],"picked":"Trip","floor":41},{"not_picked":["Feel No Pain","Headbutt"],"picked":"Dropkick","floor":44}],"player_experience":180483,"potions_floor_usage":[18,39,50,50,50],"damage_taken":[{"damage":0,"enemies":"Small Slimes","floor":1,"turns":2},{"damage":3,"enemies":"Cultist","floor":3,"turns":3},{"damage":2,"enemies":"2 Louse","floor":5,"turns":2},{"damage":34,"enemies":"Gremlin Nob","floor":6,"turns":4},{"damage":3,"enemies":"Gremlin Gang","floor":10,"turns":5},{"damage":10,"enemies":"Lagavulin","floor":11,"turns":3},{"damage":5,"enemies":"Blue Slaver","floor":13,"turns":4},{"damage":32,"enemies":"Gremlin Nob","floor":14,"turns":4},{"damage":40,"enemies":"The Guardian","floor":16,"turns":10},{"damage":16,"enemies":"3 Byrds","floor":18,"turns":8},{"damage":5,"enemies":"Spheric Guardian","floor":21,"turns":4},{"damage":38,"enemies":"Cultist and Chosen","floor":22,"turns":7},{"damage":2,"enemies":"Centurion and Healer","floor":24,"turns":5},{"damage":50,"enemies":"Gremlin Leader","floor":25,"turns":5},{"damage":19,"enemies":"3 Cultists","floor":28,"turns":4},{"damage":11,"enemies":"Slavers","floor":31,"turns":2},{"damage":19,"enemies":"Collector","floor":33,"turns":5},{"damage":7,"enemies":"Flame Bruiser 1 Orb","floor":35,"turns":2},{"damage":11,"enemies":"3 Shapes","floor":37,"turns":4},{"damage":11,"enemies":"Sphere and 2 Shapes","floor":38,"turns":3},{"damage":4,"enemies":"Flame Bruiser 2 Orb","floor":39,"turns":3},{"damage":4,"enemies":"2 Orb Walkers","floor":40,"turns":2},{"damage":5,"enemies":"Giant Head","floor":44,"turns":5},{"damage":15,"enemies":"2 Orb Walkers","floor":47,"turns":3},{"damage":12,"enemies":"Spire Growth","floor":48,"turns":3},{"damage":63,"enemies":"Time Eater","floor":50,"turns":8}],"event_choices":[{"event_name":"Accursed Blacksmith","player_choice":"Forge","floor":2,"damage_taken":0},{"event_name":"Living Wall","player_choice":"Forget","floor":4,"damage_taken":0},{"event_name":"Beggar","player_choice":"Gave Gold","floor":19,"damage_taken":0},{"event_name":"SensoryStone","player_choice":"Memory 3","floor":41,"damage_taken":0}],"boss_relics":[{"not_picked":["Velvet Choker","Ectoplasm"],"picked":"Cursed Key"},{"not_picked":["Eternal Feather","Black Blood"],"picked":"Runic Cube"}],"potions_floor_spawned":[1,5,6,10,14,24,25,31,33,37,38,39],"seed_played":"2236471109451595704","ascension_level":1,"is_trial":false}