{"gold_per_floor":[20,38,57,1,12,12,43,59,83,83,99,116,172,191,191,191],"floor_reached":16,"playtime":553,"items_purged":[],"score":232,"play_id":"929dae3f-62e9-4124-97ca-43ac6e903114","local_time":"20190512172643","is_ascension_mode":true,"campfire_choices":[{"data":"Zap","floor":6.0,"key":"SMITH"},{"floor":10,"key":"REST"},{"floor":15,"key":"REST"}],"neow_cost":"NO_GOLD","seed_source_timestamp":19293403927370,"circlet_count":0,"master_deck":["AscendersBane","Strike_B","Strike_B","Strike_B","Defend_B","Defend_B","Defend_B","Zap+1","Dualcast","Compile Driver","Hologram","Barrage","Leap","Capacitor","Sweeping Beam","Fission","White Noise","Fusion"],"special_seed":0,"relics":["Cracked Core","Bottled Flame","Dream Catcher","Tiny Chest"],"potions_floor_usage":[11,12,13,16,16],"damage_taken":[{"damage":1.0,"enemies":"Cultist","floor":1.0,"turns":3.0},{"damage":4.0,"enemies":"Jaw Worm","floor":2.0,"turns":3.0},{"damage":0.0,"enemies":"2 Louse","floor":3.0,"turns":2.0},{"damage":8.0,"enemies":"Large Slime","floor":5.0,"turns":5.0},{"damage":15.0,"enemies":"3 Sentries","floor":7.0,"turns":5.0},{"damage":10,"enemies":"2 Fungi Beasts","floor":8,"turns":3},{"damage":2,"enemies":"Gremlin Gang","floor":11,"turns":3},{"damage":4,"enemies":"Large Slime","floor":12,"turns":4},{"damage":21,"enemies":"Lagavulin","floor":13,"turns":6},{"damage":11,"enemies":"Exordium Wildlife","floor":14,"turns":3},{"damage":30,"enemies":"The Guardian","floor":16,"turns":11}],"seed_played":"2364460474123946800","potions_obtained":[{"floor":3.0,"key":"SkillPotion"},{"floor":7,"key":"SteroidPotion"},{"floor":11,"key":"Block Potion"},{"floor":12,"key":"Block Potion"},{"floor":13,"key":"FearPotion"}],"is_trial":false,"path_per_floor":["M","M","M","$","M","R","E","M","T","R","M","M","E","M","R","B"],"character_chosen":"DEFECT","items_purchased":["AttackPotion"],"campfire_rested":2,"item_purchase_floors":[4],"current_hp_per_floor":[63,59,59,59,51,51,36,26,26,47,45,41,20,9,30,0],"gold":191,"neow_bonus":"REMOVE_TWO","is_prod":false,"is_daily":false,"chose_seed":false,"campfire_upgraded":1,"win_rate":0,"timestamp":1557692803,"path_taken":["M","M","?","$","M","R","E","M","T","R","M","M","E","M","R","BOSS"],"build_version":"2019-01-23","purchased_purges":0,"victory":false,"max_hp_per_floor":[71,71,71,71,71,71,71,71,71,71,71,71,71,71,71,71],"card_choices":[{"not_picked":["Hologram","Recycle"],"picked":"Compile Driver","floor":1.0},{"not_picked":["White Noise","Lockon"],"picked":"Hologram","floor":2.0},{"not_picked":["Skim","Reinforced Body","Capacitor"],"picked":"SKIP","floor":3.0},{"not_picked":["Turbo","Amplify"],"picked":"Barrage","floor":5.0},{"not_picked":["Scrape","Auto Shields","Compile Driver"],"picked":"SKIP","floor":7},{"not_picked":["Stack","Redo"],"picked":"Leap","floor":8},{"not_picked":["Reprogram","Hologram"],"picked":"Capacitor","floor":11},{"not_picked":["BootSequence","Beam Cell"],"picked":"Sweeping Beam","floor":12},{"not_picked":["Compile Driver","Gash"],"picked":"Fission","floor":13},{"not_picked":["Barrage","Rebound"],"picked":"White Noise","floor":14},{"not_picked":["Gash","Compile Driver"],"picked":"Fusion","floor":15}],"player_experience":2312312,"relics_obtained":[{"floor":7,"key":"Bottled Flame"},{"floor":9,"key":"Dream Catcher"},{"floor":13,"key":"Tiny Chest"}],"event_choices":[],"is_beta":false,"boss_relics":[],"items_purged_floors":[],"is_endless":false,"potions_floor_spawned":[3,7,11,12,13],"killed_by":"The Guardian","ascension_level":20}