{"gold_per_floor":[109,127,127,138,151,183,183,194,194,208,222,222,222,232,232,336,336,350,350,350,360,76,90,90],"floor_reached":24,"playtime":1157,"items_purged":[],"score":202,"play_id":"212967a1-5492-472c-9340-3f9674259185","local_time":"20181130120021","is_ascension_mode":false,"campfire_choices":[{"floor":7,"key":"REST"},{"data":"Pummel","floor":13,"key":"SMITH"},{"floor":15,"key":"REST"}],"neow_cost":"NONE","seed_source_timestamp":1299985805656580,"circlet_count":0,"master_deck":["Strike_R+1","Strike_R+1","Strike_R+1","Strike_R+1","Strike_R+1","Defend_R+1","Defend_R+1","Defend_R+1","Defend_R+1","Bash","Offering+1","Spot Weakness+1","Disarm","Flex","Headbutt","Whirlwind","Pummel+1","Pommel Strike+1","Pummel+1","Limit Break","Uppercut+1","Cleave+1","Mayhem","Carnage+1","Flash of Steel+1"],"relics":["Burning Blood","The Courier","Molten Egg 2","Philosopher\u0027s Stone","Enchiridion"],"potions_floor_usage":[6,16,18,23],"damage_taken":[{"damage":7,"enemies":"Jaw Worm","floor":1,"turns":3},{"damage":10,"enemies":"Small Slimes","floor":2,"turns":3},{"damage":2,"enemies":"Cultist","floor":4,"turns":4},{"damage":17,"enemies":"Large Slime","floor":5,"turns":3},{"damage":39,"enemies":"3 Sentries","floor":6,"turns":7},{"damage":6,"enemies":"3 Louse","floor":8,"turns":3},{"damage":6,"enemies":"Looter","floor":10,"turns":2},{"damage":9,"enemies":"Blue Slaver","floor":11,"turns":3},{"damage":6,"enemies":"Large Slime","floor":14,"turns":3},{"damage":52,"enemies":"Hexaghost","floor":16,"turns":6},{"damage":40,"enemies":"2 Thieves","floor":18,"turns":4},{"damage":19,"enemies":"Spheric Guardian","floor":21,"turns":4},{"damage":12,"enemies":"Centurion and Healer","floor":23,"turns":5},{"damage":11,"enemies":"Sentry and Sphere","floor":24,"turns":3}],"seed_played":"5041225346273610722","potions_obtained":[{"floor":1,"key":"Strength Potion"},{"floor":8,"key":"GamblersBrew"},{"floor":11,"key":"EssenceOfSteel"},{"floor":16,"key":"AttackPotion"},{"floor":21,"key":"GamblersBrew"}],"is_trial":false,"path_per_floor":["M","M","?","M","M","E","R","M","T","M","M","?","R","M","R","B",null,"M","?","?","M","$","M","M"],"character_chosen":"IRONCLAD","items_purchased":["Mayhem","Carnage+1","Flash of Steel+1"],"campfire_rested":2,"item_purchase_floors":[22,22,22],"current_hp_per_floor":[79,75,75,79,68,35,59,59,59,59,56,56,56,56,80,34,80,46,30,30,17,17,11,0],"gold":90,"neow_bonus":"ONE_RANDOM_RARE_CARD","is_prod":false,"is_daily":false,"chose_seed":false,"campfire_upgraded":1,"win_rate":0.0,"timestamp":1543597221,"path_taken":["M","M","?","M","M","E","R","M","T","M","M","?","R","M","R","BOSS","M","?","?","M","$","M","M"],"build_version":"2018-11-15","purchased_purges":0,"victory":false,"max_hp_per_floor":[80,80,80,80,80,80,80,80,80,80,80,80,80,80,80,80,80,80,80,80,80,80,80,80],"card_choices":[{"not_picked":["Warcry","Heavy Blade"],"picked":"Spot Weakness","floor":1},{"not_picked":["True Grit","Searing Blow"],"picked":"Disarm","floor":2},{"not_picked":["Infernal Blade","Rampage"],"picked":"Flex","floor":4},{"not_picked":["Havoc","Rupture"],"picked":"Headbutt","floor":5},{"not_picked":["Blood for Blood","Sentinel"],"picked":"Whirlwind","floor":6},{"not_picked":["Flex","Berserk"],"picked":"Pummel","floor":8},{"not_picked":["Intimidate","Sever Soul+1","Clash+1"],"picked":"SKIP","floor":10},{"not_picked":["Uppercut+1","True Grit"],"picked":"Pommel Strike+1","floor":11},{"not_picked":["Entrench","Feel No Pain"],"picked":"Pummel+1","floor":14},{"not_picked":["Impervious","Reaper+1"],"picked":"Limit Break","floor":16},{"not_picked":["Clothesline+1","Burning Pact+1"],"picked":"Uppercut+1","floor":18},{"not_picked":["Pommel Strike+1","Shrug It Off"],"picked":"Cleave+1","floor":21},{"not_picked":["Brutality","Headbutt+1","Cleave+1"],"picked":"SKIP","floor":23}],"player_experience":75651,"relics_obtained":[{"floor":6,"key":"The Courier"},{"floor":9,"key":"Molten Egg 2"},{"floor":19,"key":"Enchiridion"}],"event_choices":[{"damage_healed":0,"gold_gain":0,"player_choice":"Grow","damage_taken":0,"max_hp_gain":0,"max_hp_loss":0,"event_name":"Living Wall","floor":3,"gold_loss":0,"cards_upgraded":["Spot Weakness"]},{"damage_healed":0,"gold_gain":0,"player_choice":"Upgraded","damage_taken":0,"max_hp_gain":0,"max_hp_loss":0,"event_name":"Upgrade Shrine","floor":12,"gold_loss":0,"cards_upgraded":["Offering"]},{"damage_healed":0,"gold_gain":0,"player_choice":"Obtained Book","damage_taken":16,"max_hp_gain":0,"max_hp_loss":0,"event_name":"Cursed Tome","floor":19,"gold_loss":0},{"damage_healed":0,"gold_gain":0,"player_choice":"Simplicity","damage_taken":0,"max_hp_gain":0,"max_hp_loss":0,"event_name":"Back to Basics","floor":20,"gold_loss":0,"cards_upgraded":["Strike_R","Strike_R","Strike_R","Strike_R","Strike_R","Defend_R","Defend_R","Defend_R","Defend_R"]}],"is_beta":false,"boss_relics":[{"not_picked":["Ectoplasm","Coffee Dripper"],"picked":"Philosopher\u0027s Stone"}],"items_purged_floors":[],"is_endless":false,"potions_floor_spawned":[1,8,11,16,21],"killed_by":"Sentry and Sphere","ascension_level":0}