{"gold_per_floor":[117,117,137,87,87,116,116,127,127,137,150,150,150,179,179,274,274,288,288,302,314,314,314,345,345,345,364,391,405,425,38,38,38],"floor_reached":33,"playtime":1879,"items_purged":["Writhe"],"score":467,"play_id":"e47acebd-2b4f-4a9b-99ff-58c15d47f082","local_time":"20190512222741","is_ascension_mode":true,"campfire_choices":[{"data":"Sunder","floor":7,"key":"SMITH"},{"data":"Sunder","floor":13,"key":"SMITH"},{"data":"Zap","floor":15,"key":"SMITH"},{"floor":23,"key":"REST"},{"floor":25,"key":"REST"},{"data":"White Noise","floor":32,"key":"SMITH"}],"neow_cost":"NONE","seed_source_timestamp":690748246314800,"circlet_count":0,"master_deck":["Strike_B","Strike_B","Defend_B","Defend_B","Defend_B","Defend_B","Zap+1","Dualcast","Sunder+1","Sunder+1","Consume","Rainbow","Chill","Hologram","Undo","Reprogram","Undo","Echo Form","Conserve Battery","Coolheaded","Hologram+1","Decay","Blizzard+1","Seek","White Noise+1","Go for the Eyes+1"],"relics":["Cracked Core","Meat on the Bone","Ornamental Fan","Vajra","Boot","Dodecahedron","Cursed Key","NlothsMask","Molten Egg 2","Bird Faced Urn","Centennial Puzzle","Calipers"],"potions_floor_usage":[6,16,20,24,28,33],"damage_taken":[{"damage":7,"enemies":"Small Slimes","floor":1,"turns":4},{"damage":9,"enemies":"Jaw Worm","floor":3,"turns":3},{"damage":40,"enemies":"Lagavulin","floor":6,"turns":7},{"damage":0,"enemies":"2 Louse","floor":8,"turns":1},{"damage":1,"enemies":"Exordium Thugs","floor":10,"turns":3},{"damage":0,"enemies":"Lots of Slimes","floor":11,"turns":3},{"damage":0,"enemies":"3 Sentries","floor":14,"turns":5},{"damage":29,"enemies":"The Guardian","floor":16,"turns":11},{"damage":0,"enemies":"3 Byrds","floor":18,"turns":7},{"damage":14,"enemies":"Chosen","floor":20,"turns":5},{"damage":16,"enemies":"Centurion and Healer","floor":21,"turns":6},{"damage":22,"enemies":"Book of Stabbing","floor":24,"turns":7},{"damage":0,"enemies":"Chosen and Byrds","floor":27,"turns":7},{"damage":13,"enemies":"Gremlin Leader","floor":28,"turns":6},{"damage":16,"enemies":"Snake Plant","floor":29,"turns":4},{"damage":4,"enemies":"Centurion and Healer","floor":30,"turns":5},{"damage":54,"enemies":"Automaton","floor":33,"turns":8}],"seed_played":"-6294921943598158470","potions_obtained":[{"floor":1,"key":"LiquidBronze"},{"floor":11,"key":"Dexterity Potion"},{"floor":16,"key":"AttackPotion"},{"floor":20,"key":"FocusPotion"},{"floor":21,"key":"Fire Potion"},{"floor":27,"key":"Dexterity Potion"}],"is_trial":false,"path_per_floor":["M","?","M","?","T","E","R","M","T","M","M","?","R","E","R","B",null,"M","?","M","M","?","R","E","R","T","M","E","M","M","$","R","B"],"character_chosen":"DEFECT","items_purchased":["Calipers"],"campfire_rested":2,"item_purchase_floors":[31],"current_hp_per_floor":[61,61,52,52,52,24,24,36,36,47,47,47,47,47,47,30,64,64,64,50,46,46,68,46,68,68,70,59,45,43,43,43,0],"gold":38,"neow_bonus":"TRANSFORM_CARD","is_prod":false,"is_daily":false,"chose_seed":false,"campfire_upgraded":4,"win_rate":0,"timestamp":1557696461,"path_taken":["M","?","M","?","?","E","R","M","T","?","M","?","R","E","R","BOSS","M","?","?","M","?","R","E","R","T","M","E","M","M","$","R","BOSS"],"build_version":"2019-01-23","purchased_purges":1,"victory":false,"max_hp_per_floor":[75,75,75,75,75,75,75,75,75,75,75,75,75,75,75,75,75,75,75,75,75,75,75,75,75,75,75,75,75,75,75,75,75],"card_choices":[{"not_picked":["Stack","Barrage"],"picked":"Sunder","floor":1},{"not_picked":["Streamline","Stack"],"picked":"Consume","floor":3},{"not_picked":["Compile Driver","Double Energy"],"picked":"Rainbow","floor":6},{"not_picked":["Barrage","Compile Driver"],"picked":"Chill","floor":8},{"not_picked":["Steam Power","Sunder"],"picked":"Hologram","floor":10},{"not_picked":["Streamline","Chaos"],"picked":"Undo","floor":11},{"not_picked":["Aggregate","Hologram"],"picked":"Undo","floor":14},{"not_picked":["Rainbow","Core Surge"],"picked":"Echo Form","floor":16},{"not_picked":["Redo","Gash"],"picked":"Conserve Battery","floor":18},{"not_picked":["Barrage","Storm+1","Consume"],"picked":"SKIP","floor":20},{"not_picked":["Auto Shields","Tempest"],"picked":"Coolheaded","floor":21},{"not_picked":["Coolheaded","Leap+1"],"picked":"Hologram+1","floor":24},{"not_picked":["Chill+1","Steam"],"picked":"Blizzard+1","floor":27},{"not_picked":["Gash+1","Static Discharge"],"picked":"Seek","floor":28},{"not_picked":["FTL+1","Steam"],"picked":"White Noise","floor":29},{"not_picked":["Hello World","Undo+1"],"picked":"Go for the Eyes+1","floor":30}],"player_experience":536894,"relics_obtained":[{"floor":5,"key":"Ornamental Fan"},{"floor":6,"key":"Vajra"},{"floor":9,"key":"Boot"},{"floor":14,"key":"Dodecahedron"},{"floor":24,"key":"Bird Faced Urn"},{"floor":28,"key":"Centennial Puzzle"}],"event_choices":[{"damage_healed":0,"gold_gain":0,"player_choice":"Box","damage_taken":0,"relics_obtained":["Meat on the Bone"],"max_hp_gain":0,"max_hp_loss":0,"event_name":"Big Fish","floor":2,"gold_loss":0,"cards_obtained":["Regret"]},{"cards_removed":["Regret"],"damage_healed":0,"gold_gain":0,"player_choice":"Card Removal","damage_taken":0,"max_hp_gain":0,"max_hp_loss":0,"event_name":"The Cleric","floor":4,"gold_loss":50},{"damage_healed":0,"gold_gain":0,"cards_transformed":["Strike_B"],"player_choice":"Transformed","damage_taken":0,"max_hp_gain":0,"max_hp_loss":0,"event_name":"Transmorgrifier","floor":12,"gold_loss":0,"cards_obtained":["Reprogram"]},{"damage_healed":0,"gold_gain":0,"player_choice":"Trade","damage_taken":0,"relics_obtained":["NlothsMask"],"max_hp_gain":0,"max_hp_loss":0,"event_name":"FaceTrader","floor":19,"gold_loss":0},{"damage_healed":0,"gold_gain":0,"player_choice":"Opened","damage_taken":0,"relics_obtained":["Molten Egg 2"],"max_hp_gain":0,"max_hp_loss":0,"event_name":"The Mausoleum","floor":22,"gold_loss":0,"cards_obtained":["Writhe"]}],"is_beta":false,"boss_relics":[{"not_picked":["Runic Pyramid","Tiny House"],"picked":"Cursed Key"}],"items_purged_floors":[31],"is_endless":false,"potions_floor_spawned":[1,11,16,20,21,27],"killed_by":"Automaton","ascension_level":9}