{"gold_per_floor":[118,22,22,40,40,81,152,193,216,366,402,402,445,214,214,310,310,335,7,7,7,18,53,72,72,99,113,37,72,72,102,102,180,180,191,205,218,228,62,89,89,116,116,143,418,418,449,461,461,461,461,461,461,59,90,90],"floor_reached":57,"playtime":2319,"items_purged":["Strike_B","Doubt","Strike_B"],"score":3079,"play_id":"dbad8e93-9d8d-4ad4-9826-51418d12056e","local_time":"20190507163016","is_ascension_mode":true,"campfire_choices":[{"data":"Consume","floor":12.0,"key":"SMITH"},{"data":"Zap","floor":15.0,"key":"SMITH"},{"floor":25.0,"key":"REST"},{"floor":30.0,"key":"REST"},{"floor":32.0,"key":"REST"},{"floor":41.0,"key":"RECALL"},{"floor":46.0,"key":"REST"},{"floor":49.0,"key":"REST"},{"floor":53.0,"key":"REST"}],"neow_cost":"NONE","seed_source_timestamp":177875862263895,"circlet_count":0,"master_deck":["AscendersBane","Strike_B","Strike_B","Defend_B","Defend_B","Defend_B","Defend_B","Zap+1","Dualcast","FTL","Consume+1","Doom and Gloom","Ball Lightning","Coolheaded","Cold Snap","Biased Cognition+1","Creative AI+1","Capacitor+1","Defragment+1","Heatsinks+1","Coolheaded","Capacitor+1","Defragment+1","Chill+1","Seek","Heatsinks+1","Loop+1","Conserve Battery","Coolheaded","Redo+1","Loop+1"],"special_seed":0,"relics":["Cracked Core","NeowsBlessing","Bloody Idol","Oddly Smooth Stone","Mercury Hourglass","DataDisk","PreservedInsect","Frozen Egg 2","Fusion Hammer","Happy Flower","Pear","Vajra","Inserter","Omamori","Anchor","Potion Belt","Ancient Tea Set","Boot","Thread and Needle","Bag of Preparation"],"potions_floor_usage":[56,56],"damage_taken":[{"damage":0.0,"enemies":"Jaw Worm","floor":1.0,"turns":1.0},{"damage":0.0,"enemies":"2 Louse","floor":4.0,"turns":1.0},{"damage":0.0,"enemies":"3 Sentries","floor":6.0,"turns":1.0},{"damage":8.0,"enemies":"Gremlin Nob","floor":8.0,"turns":3.0},{"damage":17.0,"enemies":"Lagavulin","floor":11.0,"turns":5.0},{"damage":7.0,"enemies":"3 Sentries","floor":13.0,"turns":3.0},{"damage":10.0,"enemies":"Hexaghost","floor":16.0,"turns":9.0},{"damage":0.0,"enemies":"3 Byrds","floor":18.0,"turns":3.0},{"damage":7.0,"enemies":"Chosen","floor":22.0,"turns":4.0},{"damage":26.0,"enemies":"Gremlin Leader","floor":23.0,"turns":5.0},{"damage":0.0,"enemies":"Snecko","floor":24.0,"turns":4.0},{"damage":6.0,"enemies":"Chosen and Byrds","floor":27.0,"turns":4.0},{"damage":13.0,"enemies":"Book of Stabbing","floor":29.0,"turns":5.0},{"damage":18.0,"enemies":"Gremlin Leader","floor":31.0,"turns":6.0},{"damage":8.0,"enemies":"Champ","floor":33.0,"turns":14.0},{"damage":23.0,"enemies":"Orb Walker","floor":35.0,"turns":3.0},{"damage":0.0,"enemies":"3 Shapes","floor":36.0,"turns":4.0},{"damage":0.0,"enemies":"Sphere and 2 Shapes","floor":37.0,"turns":6.0},{"damage":0.0,"enemies":"Maw","floor":38.0,"turns":6.0},{"damage":0.0,"enemies":"Reptomancer","floor":40.0,"turns":6.0},{"damage":20.0,"enemies":"Nemesis","floor":42.0,"turns":7.0},{"damage":0.0,"enemies":"Giant Head","floor":44.0,"turns":6.0},{"damage":31.0,"enemies":"Nemesis","floor":47.0,"turns":5.0},{"damage":9.0,"enemies":"Writhing Mass","floor":48.0,"turns":7.0},{"damage":10.0,"enemies":"Donu and Deca","floor":50.0,"turns":10.0},{"damage":35.0,"enemies":"Time Eater","floor":51.0,"turns":12.0},{"damage":20.0,"enemies":"Shield and Spear","floor":55.0,"turns":8.0},{"damage":21,"enemies":"The Heart","floor":56,"turns":10}],"seed_played":"-3491826006525342662","potions_obtained":[{"floor":1.0,"key":"GamblersBrew"},{"floor":8.0,"key":"Dexterity Potion"},{"floor":23.0,"key":"GamblersBrew"},{"floor":31.0,"key":"Ancient Potion"},{"floor":44.0,"key":"Poison Potion"},{"floor":48.0,"key":"Fire Potion"},{"floor":55.0,"key":"Fire Potion"}],"is_trial":false,"path_per_floor":["M","$","?","M","$","E","?","E","T","?","E","R","E","$","R","B",null,"M","$","?","$","M","E","M","R","T","M","$","E","R","E","R","B",null,"M","M","M","M","$","E","R","E","T","E","?","R","E","M","R","B","B",null,"R","$","E","B",null],"character_chosen":"DEFECT","items_purchased":["Consume","Block Potion","Biased Cognition+1","Defragment+1","PowerPotion","Ancient Potion","Defragment+1","Heatsinks+1","Thread and Needle","Loop+1"],"campfire_rested":6,"item_purchase_floors":[2,2,14,19,19,19,28,39,54,54],"current_hp_per_floor":[64,64,64,64,64,64,64,56,56,56,39,39,32,32,32,22,54,54,54,54,54,52,31,36,55,60,59,59,61,74,61,74,71,73,55,60,65,70,70,74,74,59,59,64,69,74,48,44,66,56,21,61,74,74,59,38],"gold":90,"neow_bonus":"THREE_ENEMY_KILL","is_prod":false,"is_daily":false,"chose_seed":false,"campfire_upgraded":2,"win_rate":0,"timestamp":1557257416,"path_taken":["M","$","?","M","$","E","?","E","T","?","E","R","E","$","R","BOSS","M","$","?","?","M","E","M","R","T","M","$","E","R","E","R","BOSS","M","M","M","M","$","E","R","E","T","E","?","R","E","?","R","BOSS","BOSS","R","$","E","BOSS"],"build_version":"2019-01-23","purchased_purges":3,"victory":true,"max_hp_per_floor":[71,71,64,64,64,64,64,64,64,64,64,64,64,64,64,64,64,64,64,64,64,64,64,64,64,64,64,64,74,74,74,74,74,74,74,74,74,74,74,74,74,74,74,74,74,74,74,74,74,74,74,74,74,74,74,74],"card_choices":[{"not_picked":["Redo","Recycle"],"picked":"FTL","floor":1.0},{"not_picked":["Tempest","Go for the Eyes"],"picked":"Doom and Gloom","floor":4.0},{"not_picked":["Redo","Steam"],"picked":"Ball Lightning","floor":6.0},{"not_picked":["Hello World","Hologram"],"picked":"Coolheaded","floor":8.0},{"not_picked":["Undo","Fusion"],"picked":"Cold Snap","floor":11.0},{"not_picked":["Steam","Aggregate","Force Field"],"picked":"SKIP","floor":13.0},{"not_picked":["Thunder Strike","Amplify"],"picked":"Creative AI+1","floor":16.0},{"not_picked":["Rip and Tear","Stack"],"picked":"Capacitor+1","floor":18.0},{"not_picked":["Recycle","Stack","Blizzard"],"picked":"SKIP","floor":22.0},{"not_picked":["Recycle","Stack","Blizzard"],"picked":"SKIP","floor":22.0},{"not_picked":["Recycle","Undo+1"],"picked":"Heatsinks+1","floor":23.0},{"not_picked":["Sweeping Beam","Gash"],"picked":"Coolheaded","floor":24.0},{"not_picked":["Hologram","White Noise"],"picked":"Capacitor+1","floor":27.0},{"not_picked":["Turbo+1","Steam","Gash"],"picked":"SKIP","floor":29.0},{"not_picked":["Cold Snap","Static Discharge+1"],"picked":"Chill+1","floor":31.0},{"not_picked":["Rainbow","Biased Cognition+1"],"picked":"Seek","floor":33.0},{"not_picked":["Cold Snap","Auto Shields+1","Double Energy"],"picked":"SKIP","floor":35.0},{"not_picked":["Self Repair+1","Stack","Compile Driver"],"picked":"SKIP","floor":36.0},{"not_picked":["Capacitor+1","Aggregate","Go for the Eyes"],"picked":"SKIP","floor":37.0},{"not_picked":["Storm+1","Skim","Stack"],"picked":"SKIP","floor":38.0},{"not_picked":["Fusion","Hologram"],"picked":"Loop+1","floor":40.0},{"not_picked":["Beam Cell","Go for the Eyes","Conserve Battery"],"picked":"SKIP","floor":42.0},{"not_picked":["Beam Cell","Go for the Eyes"],"picked":"Conserve Battery","floor":42.0},{"not_picked":["Gash","White Noise","Steam"],"picked":"SKIP","floor":44.0},{"not_picked":["Go for the Eyes","Machine Learning+1"],"picked":"Coolheaded","floor":47.0},{"not_picked":["Steam Power","Sweeping Beam","Redo+1"],"picked":"SKIP","floor":48.0},{"not_picked":["Steam Power","Sweeping Beam"],"picked":"Redo+1","floor":48.0},{"not_picked":["Steam","Turbo","Melter"],"picked":"SKIP","floor":55.0}],"player_experience":2279539,"relics_obtained":[{"floor":6.0,"key":"Oddly Smooth Stone"},{"floor":8.0,"key":"Mercury Hourglass"},{"floor":9.0,"key":"DataDisk"},{"floor":11.0,"key":"PreservedInsect"},{"floor":13.0,"key":"Frozen Egg 2"},{"floor":23.0,"key":"Happy Flower"},{"floor":29.0,"key":"Pear"},{"floor":31.0,"key":"Vajra"},{"floor":40.0,"key":"Omamori"},{"floor":42.0,"key":"Anchor"},{"floor":43.0,"key":"Potion Belt"},{"floor":44.0,"key":"Ancient Tea Set"},{"floor":47.0,"key":"Boot"},{"floor":55.0,"key":"Bag of Preparation"}],"event_choices":[{"damage_healed":0.0,"max_hp_gain":0.0,"max_hp_loss":7.0,"gold_gain":0.0,"event_name":"Golden Idol","player_choice":"Lose Max HP","floor":3.0,"gold_loss":0.0,"damage_taken":0.0,"relics_obtained":["Golden Idol"]},{"damage_healed":0.0,"max_hp_gain":0.0,"max_hp_loss":0.0,"gold_gain":71.0,"event_name":"Golden Wing","player_choice":"Gained Gold","floor":7.0,"gold_loss":0.0,"damage_taken":0.0},{"damage_healed":0.0,"max_hp_gain":0.0,"max_hp_loss":0.0,"gold_gain":150.0,"event_name":"Liars Game","player_choice":"AGREE","floor":10.0,"gold_loss":0.0,"damage_taken":0.0,"cards_obtained":["Doubt"]},{"damage_healed":0.0,"max_hp_gain":0.0,"max_hp_loss":0.0,"gold_gain":0.0,"event_name":"Forgotten Altar","player_choice":"Gave Idol","floor":20.0,"relics_lost":["Golden Idol"],"gold_loss":0.0,"damage_taken":0.0,"relics_obtained":["Bloody Idol"]},{"damage_healed":0.0,"max_hp_gain":0.0,"max_hp_loss":0.0,"gold_gain":275.0,"event_name":"Golden Shrine","player_choice":"Desecrate","floor":45.0,"gold_loss":0.0,"damage_taken":0.0,"cards_obtained":["Regret"]}],"is_beta":false,"boss_relics":[{"not_picked":["Cursed Key","Ectoplasm"],"picked":"Fusion Hammer"},{"not_picked":["Sozu","Busted Crown"],"picked":"Inserter"}],"items_purged_floors":[14,19,39],"is_endless":false,"potions_floor_spawned":[1,8,23,27,31,33,35,36,42,44,48,55],"ascension_level":20}