{"gold_per_floor":[111,111,111,125,125,125,160,160,160,160,178,198,198,123,123,246,246,259,278,278,278,297,297,315,349,349,349,378,378,395,414,414,414],"floor_reached":33,"playtime":2462,"items_purged":["Injury"],"score":371,"play_id":"53621b0c-c696-4895-ba4c-404f16bb9e3b","local_time":"20190303102224","is_ascension_mode":true,"campfire_choices":[{"data":"Zap","floor":6.0,"key":"SMITH"},{"data":"Hologram","floor":8.0,"key":"SMITH"},{"data":"Dualcast","floor":10.0,"key":"SMITH"},{"floor":15.0,"key":"REST"},{"data":"Fission","floor":23.0,"key":"SMITH"},{"floor":27.0,"key":"REST"},{"floor":29,"key":"REST"},{"floor":32,"key":"REST"}],"neow_cost":"CURSE","seed_source_timestamp":0,"circlet_count":0,"master_deck":["Strike_B","Strike_B","Strike_B","Defend_B","Defend_B","Defend_B","Defend_B","Zap+1","Dualcast+1","Machine Learning","Melter","Rainbow","BootSequence","Hologram+1","Barrage","Hologram","Fission+1","Auto Shields","Leap","Leap","Conserve Battery","BootSequence+1","Ball Lightning"],"special_seed":0,"relics":["Cracked Core","Bloody Idol","Bag of Marbles","Letter Opener","Busted Crown","FossilizedHelix","Dodecahedron","Ancient Tea Set"],"potions_floor_usage":[33,33],"damage_taken":[{"damage":6.0,"enemies":"Jaw Worm","floor":1.0,"turns":5.0},{"damage":0.0,"enemies":"2 Louse","floor":4.0,"turns":2.0},{"damage":29.0,"enemies":"3 Sentries","floor":7.0,"turns":8.0},{"damage":0.0,"enemies":"Cultist","floor":11.0,"turns":2.0},{"damage":22.0,"enemies":"Large Slime","floor":12.0,"turns":6.0},{"damage":4.0,"enemies":"Hexaghost","floor":16.0,"turns":7.0},{"damage":10.0,"enemies":"3 Byrds","floor":18.0,"turns":4.0},{"damage":0.0,"enemies":"Chosen","floor":19.0,"turns":3.0},{"damage":28.0,"enemies":"Snecko","floor":22.0,"turns":6.0},{"damage":20.0,"enemies":"3 Cultists","floor":24.0,"turns":4.0},{"damage":38.0,"enemies":"Book of Stabbing","floor":25.0,"turns":7.0},{"damage":27.0,"enemies":"Slavers","floor":28.0,"turns":6.0},{"damage":9,"enemies":"Centurion and Healer","floor":30,"turns":8},{"damage":0,"enemies":"Snake Plant","floor":31,"turns":4},{"damage":63,"enemies":"Collector","floor":33,"turns":9}],"seed_played":"-5726835692814438181","potions_obtained":[{"floor":1.0,"key":"Strength Potion"},{"floor":11.0,"key":"EssenceOfSteel"},{"floor":12.0,"key":"GamblersBrew"},{"floor":19.0,"key":"SkillPotion"},{"floor":22.0,"key":"Ancient Potion"},{"floor":30,"key":"Poison Potion"},{"floor":31,"key":"PowerPotion"}],"is_trial":false,"path_per_floor":["M","?","?","M","?","R","E","R","T","R","M","M","?","$","R","B",null,"M","M","?","?","M","R","M","E","T","R","E","R","M","M","R","B"],"character_chosen":"DEFECT","items_purchased":[],"campfire_rested":4,"item_purchase_floors":[],"current_hp_per_floor":[62,62,62,62,67,67,38,38,38,38,38,16,9,9,33,29,67,57,57,57,80,57,57,42,9,9,33,11,35,31,36,60,0],"gold":414,"neow_bonus":"THREE_RARE_CARDS","is_prod":false,"is_daily":false,"chose_seed":false,"campfire_upgraded":4,"win_rate":0,"timestamp":1551637344,"path_taken":["M","?","?","?","?","R","E","R","T","R","M","M","?","$","R","BOSS","M","M","?","?","M","R","?","E","T","R","E","R","M","M","R","BOSS"],"build_version":"2019-01-23","purchased_purges":1,"victory":false,"max_hp_per_floor":[75,75,75,75,80,80,80,80,80,80,80,80,80,80,80,80,80,80,80,80,80,80,80,80,80,80,80,80,80,80,80,80,80],"card_choices":[{"not_picked":["Thunder Strike","Fission"],"picked":"Machine Learning","floor":0.0},{"not_picked":["Streamline","Beam Cell"],"picked":"Melter","floor":1.0},{"not_picked":["White Noise","Beam Cell"],"picked":"BootSequence","floor":4.0},{"not_picked":["Coolheaded","Consume"],"picked":"Hologram","floor":7.0},{"not_picked":["Streamline","Aggregate"],"picked":"Barrage","floor":11.0},{"not_picked":["Undo","Cold Snap"],"picked":"Hologram","floor":12.0},{"not_picked":["Creative AI","All For One"],"picked":"Fission","floor":16.0},{"not_picked":[],"picked":"Auto Shields","floor":18.0},{"not_picked":["Darkness"],"picked":"SKIP","floor":19.0},{"not_picked":[],"picked":"Leap","floor":22.0},{"not_picked":[],"picked":"Leap","floor":24.0},{"not_picked":[],"picked":"Conserve Battery","floor":25.0},{"not_picked":["Amplify"],"picked":"SKIP","floor":28.0},{"not_picked":[],"picked":"BootSequence+1","floor":30},{"not_picked":[],"picked":"Ball Lightning","floor":31}],"player_experience":382010,"relics_obtained":[{"floor":7.0,"key":"Bag of Marbles"},{"floor":9.0,"key":"Letter Opener"},{"floor":25.0,"key":"FossilizedHelix"},{"floor":26.0,"key":"Dodecahedron"},{"floor":28.0,"key":"Ancient Tea Set"}],"event_choices":[{"damage_healed":0.0,"max_hp_gain":0.0,"max_hp_loss":0.0,"gold_gain":0.0,"event_name":"Golden Idol","player_choice":"Take Wound","floor":2.0,"gold_loss":0.0,"damage_taken":0.0,"relics_obtained":["Golden Idol"],"cards_obtained":["Injury"]},{"damage_healed":0.0,"max_hp_gain":0.0,"max_hp_loss":0.0,"gold_gain":0.0,"cards_transformed":["Strike_B"],"event_name":"Transmorgrifier","player_choice":"Transformed","floor":3.0,"gold_loss":0.0,"damage_taken":0.0,"cards_obtained":["Rainbow"]},{"damage_healed":0.0,"max_hp_gain":5.0,"max_hp_loss":0.0,"gold_gain":0.0,"event_name":"Big Fish","player_choice":"Donut","floor":5.0,"gold_loss":0.0,"damage_taken":0.0},{"cards_removed":["Writhe"],"damage_healed":0.0,"max_hp_gain":0.0,"max_hp_loss":0.0,"gold_gain":0.0,"event_name":"Golden Wing","player_choice":"Card Removal","floor":13.0,"gold_loss":0.0,"damage_taken":7.0},{"damage_healed":0.0,"max_hp_gain":0.0,"max_hp_loss":0.0,"gold_gain":0.0,"event_name":"Forgotten Altar","player_choice":"Gave Idol","floor":20.0,"relics_lost":["Golden Idol"],"gold_loss":0.0,"damage_taken":0.0,"relics_obtained":["Bloody Idol"]},{"damage_healed":23.0,"max_hp_gain":0.0,"max_hp_loss":0.0,"gold_gain":0.0,"event_name":"Wheel of Change","player_choice":"Full Heal","floor":21.0,"gold_loss":0.0,"damage_taken":0.0}],"is_beta":false,"boss_relics":[{"not_picked":["Ectoplasm","Runic Pyramid"],"picked":"Busted Crown"}],"items_purged_floors":[14],"is_endless":false,"potions_floor_spawned":[1,11,12,19,22,30,31],"killed_by":"Collector","ascension_level":6}