{"gold_per_floor":[118,118,118,118,132,132,167,167,190,190,190,190,213,178,178,297,297,310,335,335,335,355,391,391,391,391,316,316,280,295,309,309,433,433,457,475,385,13,13,52,52,75,75,98,98,119,119,140,140,140],"floor_reached":51,"playtime":2346,"items_purged":[],"score":879,"play_id":"f6a9b6c9-261a-46ca-99af-6faaf8c1b4ed","local_time":"20190509222204","is_ascension_mode":true,"campfire_choices":[{"data":"Zap","floor":6,"key":"SMITH"},{"data":"Dualcast","floor":8,"key":"SMITH"},{"data":"Go for the Eyes","floor":12,"key":"SMITH"},{"data":"Turbo","floor":15,"key":"SMITH"},{"floor":24,"key":"REST"},{"data":"Redo","floor":28,"key":"SMITH"},{"floor":32,"key":"REST"},{"data":"Biased Cognition","floor":49,"key":"SMITH"}],"neow_cost":"PERCENT_DAMAGE","seed_source_timestamp":430727205868700,"circlet_count":0,"master_deck":["Strike_B","Strike_B","Defend_B","Defend_B+1","Zap+1","Dualcast+1","Ball Lightning","Skim+1","Coolheaded","Go for the Eyes+1","Turbo+1","Electrodynamics","Redo+1","Hologram","Ball Lightning","Reinforced Body","Ball Lightning+1","Biased Cognition+1","Hologram","Self Repair+1","Electrodynamics","BootSequence","Consume+1","Deep Breath","Conserve Battery+1"],"relics":["Cracked Core","Happy Flower","War Paint","Golden Idol","Runic Dome","Shuriken","The Courier","Blood Vial","Sozu","Membership Card","Strawberry","DataDisk","Tiny Chest","PreservedInsect","Gambling Chip","Orichalcum","Cables"],"potions_floor_usage":[16,23,33,50],"damage_taken":[{"damage":7,"enemies":"Jaw Worm","floor":1,"turns":2},{"damage":1,"enemies":"Cultist","floor":5,"turns":3},{"damage":26,"enemies":"Lagavulin","floor":7,"turns":6},{"damage":0,"enemies":"Small Slimes","floor":13,"turns":2},{"damage":6,"enemies":"The Guardian","floor":16,"turns":9},{"damage":10,"enemies":"Chosen","floor":18,"turns":5},{"damage":6,"enemies":"Spheric Guardian","floor":19,"turns":3},{"damage":5,"enemies":"Chosen and Byrds","floor":22,"turns":3},{"damage":14,"enemies":"Slavers","floor":23,"turns":4},{"damage":11,"enemies":"Snecko","floor":30,"turns":4},{"damage":18,"enemies":"Snake Plant","floor":31,"turns":3},{"damage":25,"enemies":"Collector","floor":33,"turns":5},{"damage":8,"enemies":"Orb Walker","floor":35,"turns":3},{"damage":2,"enemies":"3 Shapes","floor":36,"turns":3},{"damage":19,"enemies":"Nemesis","floor":40,"turns":4},{"damage":7,"enemies":"Transient","floor":42,"turns":5},{"damage":0,"enemies":"4 Shapes","floor":44,"turns":1},{"damage":6,"enemies":"Sphere and 2 Shapes","floor":46,"turns":2},{"damage":0,"enemies":"Jaw Worm Horde","floor":48,"turns":1},{"damage":30,"enemies":"Donu and Deca","floor":50,"turns":6}],"seed_played":"-7578053891388920347","potions_obtained":[{"floor":1,"key":"Energy Potion"},{"floor":5,"key":"Dexterity Potion"},{"floor":13,"key":"FocusPotion"},{"floor":18,"key":"Weak Potion"},{"floor":23,"key":"SmokeBomb"},{"floor":31,"key":"FearPotion"}],"is_trial":false,"path_per_floor":["M","?","$","?","M","R","E","R","T","?","$","R","M","?","R","B",null,"M","M","?","?","M","E","R","?","T","?","R","$","M","M","R","B",null,"M","M","?","$","?","E","$","M","T","M","T","M","?","M","R","B",null],"character_chosen":"DEFECT","items_purchased":["Ball Lightning","Membership Card","Strawberry","DataDisk","Tiny Chest","PreservedInsect"],"campfire_rested":2,"item_purchase_floors":[29,38,38,38,38,38],"current_hp_per_floor":[47,75,75,80,79,79,53,53,53,53,53,53,53,71,71,65,72,62,56,56,56,51,37,59,59,59,59,59,59,50,34,56,33,64,58,58,58,65,65,58,58,63,63,65,65,71,71,73,73,55],"gold":140,"neow_bonus":"TRANSFORM_TWO_CARDS","is_prod":false,"is_daily":false,"chose_seed":false,"campfire_upgraded":6,"win_rate":0,"timestamp":1557436924,"path_taken":["M","?","?","?","M","R","E","R","T","?","?","R","?","?","R","BOSS","M","M","?","?","?","E","R","?","T","?","R","$","M","M","R","BOSS","M","M","?","?","?","E","$","?","T","?","?","M","?","M","R","BOSS"],"build_version":"2019-01-23","purchased_purges":0,"victory":true,"max_hp_per_floor":[75,75,75,80,80,80,80,80,80,74,74,74,74,74,74,74,74,74,74,74,74,74,74,74,74,74,74,74,74,74,74,74,74,74,74,74,74,81,81,81,81,81,81,81,81,81,81,81,81,81],"card_choices":[{"not_picked":["Steam","Rip and Tear"],"picked":"Skim","floor":1},{"not_picked":["Barrage","Sweeping Beam"],"picked":"Coolheaded","floor":5},{"not_picked":["Ball Lightning","Beam Cell"],"picked":"Go for the Eyes","floor":7},{"not_picked":["Chaos","Aggregate"],"picked":"Turbo","floor":13},{"not_picked":["Creative AI","Buffer"],"picked":"Electrodynamics","floor":16},{"not_picked":["Gash","Force Field"],"picked":"Redo","floor":18},{"not_picked":["Lockon","Reprogram","Rebound"],"picked":"SKIP","floor":19},{"not_picked":["Turbo","Doom and Gloom","Streamline"],"picked":"SKIP","floor":22},{"not_picked":["Auto Shields","Streamline"],"picked":"Hologram","floor":23},{"not_picked":["Tempest","Skim"],"picked":"Reinforced Body","floor":30},{"not_picked":["Hologram","Go for the Eyes+1"],"picked":"Ball Lightning","floor":31},{"not_picked":["Meteor Strike","Machine Learning"],"picked":"Biased Cognition","floor":33},{"not_picked":["Sweeping Beam+1","Go for the Eyes"],"picked":"Hologram","floor":35},{"not_picked":["FTL","Sweeping Beam"],"picked":"Self Repair+1","floor":36},{"not_picked":["Scrape","Rip and Tear+1"],"picked":"BootSequence","floor":40},{"not_picked":["Genetic Algorithm+1","Gash+1"],"picked":"Consume+1","floor":42},{"not_picked":["Gash+1","Blizzard+1","Heatsinks"],"picked":"SKIP","floor":44},{"not_picked":["Barrage+1","Aggregate+1","Steam"],"picked":"SKIP","floor":46},{"not_picked":["Swift Strike","Trip"],"picked":"Deep Breath","floor":47},{"not_picked":["Rebound+1","Rip and Tear+1"],"picked":"Conserve Battery+1","floor":48}],"player_experience":505525,"relics_obtained":[{"floor":7,"key":"Happy Flower"},{"floor":9,"key":"War Paint"},{"floor":23,"key":"The Courier"},{"floor":26,"key":"Blood Vial"},{"floor":40,"key":"Gambling Chip"},{"floor":43,"key":"Orichalcum"},{"floor":45,"key":"Cables"}],"event_choices":[{"cards_removed":["Aggregate"],"damage_healed":28,"gold_gain":0,"player_choice":"Offered Uncommon","damage_taken":0,"max_hp_gain":0,"max_hp_loss":0,"event_name":"Bonfire Elementals","floor":2,"gold_loss":0},{"damage_healed":0,"gold_gain":0,"player_choice":"Donut","damage_taken":0,"max_hp_gain":5,"max_hp_loss":0,"event_name":"Big Fish","floor":4,"gold_loss":0},{"damage_healed":0,"gold_gain":0,"player_choice":"Lose Max HP","damage_taken":0,"relics_obtained":["Golden Idol"],"max_hp_gain":0,"max_hp_loss":6,"event_name":"Golden Idol","floor":10,"gold_loss":0},{"damage_healed":18,"gold_gain":0,"player_choice":"Healed","damage_taken":0,"max_hp_gain":0,"max_hp_loss":0,"event_name":"The Cleric","floor":14,"gold_loss":35},{"damage_healed":0,"gold_gain":0,"player_choice":"Opened","damage_taken":0,"relics_obtained":["Shuriken"],"max_hp_gain":0,"max_hp_loss":0,"event_name":"The Mausoleum","floor":20,"gold_loss":0,"cards_obtained":["Writhe"]},{"cards_removed":["Writhe"],"damage_healed":0,"gold_gain":0,"player_choice":"Removed Curses","damage_taken":0,"max_hp_gain":0,"max_hp_loss":0,"event_name":"Fountain of Cleansing","floor":21,"gold_loss":0},{"damage_healed":0,"gold_gain":0,"player_choice":"Ignored","damage_taken":0,"max_hp_gain":0,"max_hp_loss":0,"event_name":"Ghosts","floor":25,"gold_loss":0},{"cards_removed":["Defend_B"],"damage_healed":0,"gold_gain":0,"player_choice":"Gave Gold","damage_taken":0,"max_hp_gain":0,"max_hp_loss":0,"event_name":"Beggar","floor":27,"gold_loss":75},{"cards_removed":["Strike_B"],"damage_healed":0,"gold_gain":0,"player_choice":"Upgrade and Remove","damage_taken":0,"max_hp_gain":0,"max_hp_loss":0,"event_name":"Designer","floor":37,"gold_loss":90,"cards_upgraded":["Ball Lightning"]},{"damage_healed":0,"gold_gain":0,"player_choice":"Copied","damage_taken":0,"max_hp_gain":0,"max_hp_loss":0,"event_name":"Duplicator","floor":39,"gold_loss":0,"cards_obtained":["Electrodynamics"]},{"damage_healed":0,"gold_gain":0,"player_choice":"Memory 1","damage_taken":0,"max_hp_gain":0,"max_hp_loss":0,"event_name":"SensoryStone","floor":47,"gold_loss":0}],"is_beta":false,"boss_relics":[{"not_picked":["Inserter","FrozenCore"],"picked":"Runic Dome"},{"not_picked":["Coffee Dripper","Busted Crown"],"picked":"Sozu"}],"items_purged_floors":[],"is_endless":false,"potions_floor_spawned":[1,5,13,18,23,31,35,42,44],"ascension_level":5}