{"gold_per_floor":[114,114,39,55,26,55,55,55,107,124,174,124,124,141,141,141],"floor_reached":16,"playtime":687,"items_purged":["Strike_R","Strike_R"],"score":246,"play_id":"276f6f77-1db3-4b6f-9d8e-fed2a48575fc","local_time":"20190430121102","is_ascension_mode":true,"campfire_choices":[{"data":"Armaments","floor":8.0,"key":"SMITH"},{"data":"Battle Trance","floor":13,"key":"SMITH"},{"data":"Bash","floor":15,"key":"SMITH"}],"neow_cost":"NONE","seed_source_timestamp":441796809521268,"circlet_count":0,"master_deck":["AscendersBane","Strike_R","Strike_R","Strike_R","Defend_R","Defend_R","Defend_R","Defend_R","Bash+1","Battle Trance+1","Armaments+1","True Grit","Second Wind","Sword Boomerang"],"special_seed":0,"relics":["Burning Blood","NeowsBlessing","FossilizedHelix","Smiling Mask"],"potions_floor_usage":[16,16],"damage_taken":[{"damage":0.0,"enemies":"Cultist","floor":1.0,"turns":1.0},{"damage":0.0,"enemies":"Jaw Worm","floor":4.0,"turns":1.0},{"damage":0.0,"enemies":"Lagavulin","floor":6.0,"turns":1.0},{"damage":0.0,"enemies":"2 Louse","floor":10.0,"turns":4.0},{"damage":13,"enemies":"Lots of Slimes","floor":14,"turns":6},{"damage":65,"enemies":"Hexaghost","floor":16,"turns":8}],"seed_played":"-1974848949685105779","potions_obtained":[{"floor":2.0,"key":"SteroidPotion"},{"floor":2.0,"key":"Swift Potion"},{"floor":10.0,"key":"Fire Potion"}],"is_trial":false,"path_per_floor":["M","?","$","M","$","E","$","R","T","M","?","$","R","M","R","B"],"character_chosen":"IRONCLAD","items_purchased":["True Grit"],"campfire_rested":0,"item_purchase_floors":[5],"current_hp_per_floor":[74,74,74,75,75,75,75,75,75,75,68,68,68,61,61,0],"gold":141,"neow_bonus":"THREE_ENEMY_KILL","is_prod":false,"is_daily":false,"chose_seed":false,"campfire_upgraded":3,"win_rate":0,"timestamp":1556597462,"path_taken":["M","?","$","M","?","E","?","R","T","M","?","$","R","M","R","BOSS"],"build_version":"2019-01-23","purchased_purges":2,"victory":false,"max_hp_per_floor":[75,75,75,75,75,75,75,75,75,75,75,75,75,75,75,75],"card_choices":[{"not_picked":["Clash","Wild Strike"],"picked":"Battle Trance","floor":1.0},{"not_picked":["Cleave","Sword Boomerang"],"picked":"Armaments","floor":4.0},{"not_picked":["Spot Weakness","Shrug It Off"],"picked":"Second Wind","floor":6.0},{"not_picked":["Pommel Strike","Iron Wave","Perfected Strike"],"picked":"SKIP","floor":10.0},{"not_picked":["Pommel Strike","Iron Wave","Perfected Strike"],"picked":"SKIP","floor":10.0},{"not_picked":["Sentinel","Dual Wield"],"picked":"Sword Boomerang","floor":14}],"player_experience":1781163,"relics_obtained":[{"floor":6.0,"key":"FossilizedHelix"},{"floor":9.0,"key":"Smiling Mask"}],"event_choices":[{"damage_healed":0.0,"max_hp_gain":0.0,"max_hp_loss":0.0,"gold_gain":0.0,"event_name":"Lab","player_choice":"Got Potions","floor":2.0,"gold_loss":0.0,"damage_taken":0.0},{"damage_healed":0,"gold_gain":50,"player_choice":"Touch","damage_taken":7,"max_hp_gain":0,"max_hp_loss":0,"event_name":"FaceTrader","floor":11,"gold_loss":0}],"is_beta":false,"boss_relics":[],"items_purged_floors":[3,12],"is_endless":false,"potions_floor_spawned":[4,10],"killed_by":"Hexaghost","ascension_level":20}