{"gold_per_floor":[117,192,192,192,203,203,229,229,229,229,23,38,51,81,81,156,156,169,169,180,197,14,14,32,32,58,88,108,108,19,19,19,93,93,104,104,120,17,33,33,33,44,91,91,91,120,120,147,147,147,147,147,147,10,45,45],"floor_reached":57,"playtime":2418,"items_purged":["Strike_R","Defend_R","Defend_R","Defend_R"],"score":3102,"play_id":"9ca444b7-0188-4583-8be2-968238f774e9","local_time":"20190511182800","is_ascension_mode":true,"campfire_choices":[{"data":"Carnage","floor":6.0,"key":"SMITH"},{"data":"Bash","floor":8.0,"key":"SMITH"},{"data":"Burning Pact","floor":10.0,"key":"SMITH"},{"floor":15.0,"key":"RECALL"},{"data":"Fiend Fire","floor":23.0,"key":"SMITH"},{"data":"Offering","floor":29.0,"key":"SMITH"},{"data":"Bloodletting","floor":32.0,"key":"SMITH"},{"data":"Shrug It Off","floor":40.0,"key":"SMITH"},{"data":"Body Slam","floor":44.0,"key":"SMITH"},{"data":"Madness","floor":47.0,"key":"SMITH"},{"data":"Barricade","floor":49.0,"key":"SMITH"},{"data":"Second Wind","floor":53.0,"key":"SMITH"}],"neow_cost":"NONE","seed_source_timestamp":1411874965093966,"circlet_count":0,"master_deck":["AscendersBane","Defend_R","Bash+1","Burning Pact+1","Carnage+1","Dropkick","Dropkick","Fiend Fire+1","Second Wind+1","Feel No Pain","Offering+1","Bloodletting+1","Shrug It Off+1","Shockwave","Body Slam+1","Madness+1","Madness","Barricade+1","Warcry+1"],"special_seed":0,"relics":["Burning Blood","Whetstone","Bottled Flame","Letter Opener","Tiny Chest","Empty Cage","Matryoshka","Bag of Preparation","Smiling Mask","Mercury Hourglass","Runic Pyramid","Happy Flower","Paper Frog","Ancient Tea Set","The Courier","Pen Nib"],"potions_floor_usage":[56,56],"damage_taken":[{"damage":2.0,"enemies":"Cultist","floor":1.0,"turns":4.0},{"damage":7.0,"enemies":"Jaw Worm","floor":5.0,"turns":3.0},{"damage":25.0,"enemies":"3 Sentries","floor":7.0,"turns":10.0},{"damage":9.0,"enemies":"Small Slimes","floor":12.0,"turns":3.0},{"damage":1.0,"enemies":"Exordium Thugs","floor":13.0,"turns":3.0},{"damage":18.0,"enemies":"Hexaghost","floor":16.0,"turns":3.0},{"damage":22.0,"enemies":"Shell Parasite","floor":18.0,"turns":3.0},{"damage":12.0,"enemies":"3 Byrds","floor":20.0,"turns":4.0},{"damage":8.0,"enemies":"Snecko","floor":21.0,"turns":3.0},{"damage":0.0,"enemies":"Chosen and Byrds","floor":24.0,"turns":3.0},{"damage":0.0,"enemies":"Book of Stabbing","floor":27.0,"turns":2.0},{"damage":6.0,"enemies":"Centurion and Healer","floor":28.0,"turns":3.0},{"damage":15.0,"enemies":"Automaton","floor":33.0,"turns":3.0},{"damage":12.0,"enemies":"3 Shapes","floor":35.0,"turns":2.0},{"damage":6.0,"enemies":"Orb Walker","floor":37.0,"turns":2.0},{"damage":6.0,"enemies":"Transient","floor":39.0,"turns":6.0},{"damage":12.0,"enemies":"4 Shapes","floor":42.0,"turns":2.0},{"damage":6.0,"enemies":"Giant Head","floor":46.0,"turns":2.0},{"damage":9.0,"enemies":"Nemesis","floor":48.0,"turns":3.0},{"damage":6.0,"enemies":"Time Eater","floor":50.0,"turns":5.0},{"damage":33.0,"enemies":"Donu and Deca","floor":51.0,"turns":7.0},{"damage":9.0,"enemies":"Shield and Spear","floor":55.0,"turns":2.0},{"damage":11,"enemies":"The Heart","floor":56,"turns":6}],"seed_played":"3532146146527000408","potions_obtained":[{"floor":5.0,"key":"Fire Potion"},{"floor":13.0,"key":"SneckoOil"},{"floor":16.0,"key":"BloodPotion"},{"floor":20.0,"key":"FearPotion"},{"floor":21.0,"key":"Block Potion"},{"floor":27.0,"key":"Regen Potion"}],"is_trial":false,"path_per_floor":["M","?","?","?","M","R","E","R","T","R","$","M","M","?","R","B",null,"M","?","M","M","$","R","M","T","T","E","M","R","$","$","R","B",null,"M","T","M","$","M","R","?","M","T","R","?","E","R","E","R","B","B",null,"R","$","E","B",null],"character_chosen":"IRONCLAD","items_purchased":["Dropkick","PowerPotion","Feel No Pain","Bloodletting","Shrug It Off","SkillPotion","SkillPotion"],"campfire_rested":0,"item_purchase_floors":[11,11,22,30,38,54,54],"current_hp_per_floor":[72,61,54,54,53,53,34,34,34,34,34,31,36,25,25,13,60,51,51,45,43,43,43,49,49,49,55,55,55,55,55,55,46,68,62,62,62,62,62,62,62,56,56,56,42,42,42,39,39,44,17,61,61,61,58,53],"gold":45,"neow_bonus":"RANDOM_COMMON_RELIC","is_prod":false,"is_daily":false,"chose_seed":false,"campfire_upgraded":11,"win_rate":0,"timestamp":1557570480,"path_taken":["M","?","?","?","?","R","E","R","T","R","$","?","M","?","R","BOSS","M","?","M","M","$","R","M","?","T","E","?","R","?","$","R","BOSS","M","?","M","$","M","R","?","?","T","R","?","E","R","E","R","BOSS","BOSS","R","$","E","BOSS"],"build_version":"2019-01-23","purchased_purges":4,"victory":true,"max_hp_per_floor":[75,75,75,75,75,75,75,75,75,75,75,75,75,75,75,75,75,75,75,75,75,75,75,75,75,75,75,75,75,75,75,75,75,75,75,75,75,75,75,75,75,75,75,75,75,75,75,75,75,75,75,75,75,75,75,75],"card_choices":[{"not_picked":["Cleave","Pommel Strike"],"picked":"Burning Pact","floor":1.0},{"not_picked":["Metallicize","Thunderclap","Burning Pact"],"picked":"SKIP","floor":5.0},{"not_picked":["Thunderclap","Havoc"],"picked":"Dropkick","floor":7.0},{"not_picked":["Twin Strike","Headbutt","Perfected Strike"],"picked":"SKIP","floor":12.0},{"not_picked":["Pummel","Seeing Red","Fire Breathing"],"picked":"SKIP","floor":13.0},{"not_picked":["Juggernaut","Bludgeon"],"picked":"Fiend Fire","floor":16.0},{"not_picked":["Feel No Pain","Clash"],"picked":"Second Wind","floor":18.0},{"not_picked":["Searing Blow","Clash","Armaments"],"picked":"SKIP","floor":20.0},{"not_picked":["Wild Strike","Armaments+1","Havoc"],"picked":"SKIP","floor":21.0},{"not_picked":["Fiend Fire","Perfected Strike","Sword Boomerang"],"picked":"SKIP","floor":24.0},{"not_picked":["Battle Trance","Body Slam"],"picked":"Offering","floor":27.0},{"not_picked":["Thunderclap","Havoc","Body Slam+1"],"picked":"SKIP","floor":28.0},{"not_picked":["Cleave+1","Wild Strike","Heavy Blade+1"],"picked":"SKIP","floor":35.0},{"not_picked":["Cleave","Twin Strike","Body Slam"],"picked":"SKIP","floor":37.0},{"not_picked":["Twin Strike","Intimidate","Carnage+1"],"picked":"SKIP","floor":39.0},{"not_picked":["Bloodletting+1","True Grit"],"picked":"Body Slam","floor":42.0},{"not_picked":["Metallicize","Pummel","Iron Wave+1"],"picked":"SKIP","floor":46.0},{"not_picked":["Exhume","Sword Boomerang+1"],"picked":"Barricade","floor":48.0},{"not_picked":["Disarm","Flex"],"picked":"Warcry+1","floor":55.0}],"player_experience":1936513,"relics_obtained":[{"floor":7.0,"key":"Bottled Flame"},{"floor":9.0,"key":"Letter Opener"},{"floor":25.0,"key":"Matryoshka"},{"floor":26.0,"key":"Bag of Preparation"},{"floor":26.0,"key":"Smiling Mask"},{"floor":27.0,"key":"Mercury Hourglass"},{"floor":36.0,"key":"Happy Flower"},{"floor":36.0,"key":"Paper Frog"},{"floor":46.0,"key":"Ancient Tea Set"},{"floor":48.0,"key":"The Courier"},{"floor":55.0,"key":"Pen Nib"}],"event_choices":[{"damage_healed":0.0,"max_hp_gain":0.0,"max_hp_loss":0.0,"gold_gain":75.0,"event_name":"World of Goop","player_choice":"Gather Gold","floor":2.0,"gold_loss":0.0,"damage_taken":11.0},{"cards_removed":["Strike_R"],"damage_healed":0.0,"max_hp_gain":0.0,"max_hp_loss":0.0,"gold_gain":0.0,"event_name":"Golden Wing","player_choice":"Card Removal","floor":3.0,"gold_loss":0.0,"damage_taken":7.0},{"damage_healed":0.0,"max_hp_gain":0.0,"max_hp_loss":0.0,"gold_gain":0.0,"cards_transformed":["Strike_R"],"event_name":"Transmorgrifier","player_choice":"Transformed","floor":4.0,"gold_loss":0.0,"damage_taken":0.0,"cards_obtained":["Carnage"]},{"damage_healed":0.0,"max_hp_gain":0.0,"max_hp_loss":0.0,"gold_gain":0.0,"event_name":"Scrap Ooze","player_choice":"Success","floor":14.0,"gold_loss":0.0,"damage_taken":11.0,"relics_obtained":["Tiny Chest"]},{"damage_healed":0.0,"max_hp_gain":0.0,"max_hp_loss":0.0,"gold_gain":0.0,"event_name":"Vampires","player_choice":"Ignored","floor":19.0,"gold_loss":0.0,"damage_taken":0.0},{"damage_healed":0.0,"max_hp_gain":0.0,"max_hp_loss":0.0,"gold_gain":0.0,"event_name":"Match and Keep!","player_choice":"1 cards matched","floor":41.0,"gold_loss":0.0,"damage_taken":0.0,"cards_obtained":["Shockwave"]},{"damage_healed":0.0,"max_hp_gain":0.0,"max_hp_loss":0.0,"gold_gain":0.0,"event_name":"Winding Halls","player_choice":"Embrace Madness","floor":45.0,"gold_loss":0.0,"damage_taken":14.0,"cards_obtained":["Madness","Madness"]}],"is_beta":false,"boss_relics":[{"not_picked":["Eternal Feather","Mark of Pain"],"picked":"Empty Cage"},{"not_picked":["Busted Crown","Velvet Choker"],"picked":"Runic Pyramid"}],"items_purged_floors":[11,22,38,54],"is_endless":false,"potions_floor_spawned":[5,13,16,20,21,27,28,35,39],"ascension_level":20}