{"gold_per_floor":[114,124,124,140,150,150,185,185,185,208,283,283,306,326,326,447,447,472,496,511,511,294,294],"floor_reached":23,"playtime":1306,"items_purged":["Injury"],"score":205,"play_id":"12813258-7f2e-4d8e-939d-008464849d88","local_time":"20181130221731","is_ascension_mode":true,"campfire_choices":[{"data":"Armaments","floor":6,"key":"SMITH"},{"data":"Bash","floor":12,"key":"SMITH"},{"floor":15,"key":"REST"}],"neow_cost":"NONE","seed_source_timestamp":1336872694937202,"circlet_count":0,"master_deck":["Strike_R","Strike_R","Strike_R","Strike_R","Strike_R","Defend_R","Defend_R","Defend_R","Defend_R","Bash+1","Armaments+1","Power Through","Battle Trance","Twin Strike","Dual Wield","Demon Form","Heavy Blade","True Grit+1","Flex","Sever Soul","Feel No Pain"],"relics":["Velvet Choker","Gambling Chip","Golden Idol","Pocketwatch","Nloth\u0027s Gift"],"potions_floor_usage":[16,19],"damage_taken":[{"damage":9,"enemies":"Jaw Worm","floor":1,"turns":4},{"damage":0,"enemies":"Small Slimes","floor":2,"turns":4},{"damage":0,"enemies":"2 Louse","floor":4,"turns":3},{"damage":7,"enemies":"Gremlin Gang","floor":5,"turns":7},{"damage":23,"enemies":"3 Sentries","floor":7,"turns":12},{"damage":0,"enemies":"Large Slime","floor":10,"turns":5},{"damage":1,"enemies":"2 Fungi Beasts","floor":13,"turns":3},{"damage":3,"enemies":"Gremlin Gang","floor":14,"turns":4},{"damage":22,"enemies":"Hexaghost","floor":16,"turns":7},{"damage":0,"enemies":"Chosen","floor":18,"turns":4},{"damage":5,"enemies":"Spheric Guardian","floor":19,"turns":4},{"damage":24,"enemies":"3 Cultists","floor":20,"turns":6},{"damage":72,"enemies":"Gremlin Leader","floor":23,"turns":8}],"seed_played":"-8480443894214201308","potions_obtained":[{"floor":5,"key":"Strength Potion"},{"floor":13,"key":"Ancient Potion"},{"floor":14,"key":"SpeedPotion"},{"floor":16,"key":"SpeedPotion"},{"floor":18,"key":"Dexterity Potion"},{"floor":20,"key":"FairyPotion"}],"is_trial":false,"path_per_floor":["M","M","?","M","M","R","E","?","T","M","?","R","M","M","R","B",null,"M","M","M","?","$","E"],"character_chosen":"IRONCLAD","items_purchased":["Sever Soul","Feel No Pain"],"campfire_rested":1,"item_purchase_floors":[22,22],"current_hp_per_floor":[71,71,71,71,64,64,41,41,41,41,30,30,29,26,50,28,80,80,75,51,51,51,0],"gold":294,"neow_bonus":"BOSS_RELIC","is_prod":false,"is_daily":false,"chose_seed":false,"campfire_upgraded":2,"win_rate":0,"timestamp":1543634251,"path_taken":["M","M","?","M","M","R","E","?","T","M","?","R","M","M","R","BOSS","M","M","M","?","$","E"],"build_version":"2018-11-15","purchased_purges":1,"victory":false,"max_hp_per_floor":[80,80,80,80,80,80,80,80,80,80,80,80,80,80,80,80,80,80,80,80,80,80,80],"card_choices":[{"not_picked":["Flex","Rampage"],"picked":"Armaments","floor":1},{"not_picked":["Clothesline","True Grit","Combust"],"picked":"SKIP","floor":2},{"not_picked":["Entrench","Intimidate"],"picked":"Power Through","floor":4},{"not_picked":["Havoc","Rampage","Sword Boomerang"],"picked":"SKIP","floor":5},{"not_picked":["Rampage","Shrug It Off"],"picked":"Battle Trance","floor":7},{"not_picked":["Warcry","Armaments"],"picked":"Twin Strike","floor":10},{"not_picked":["Reckless Charge","Warcry","Disarm"],"picked":"SKIP","floor":13},{"not_picked":["Power Through","Warcry"],"picked":"Dual Wield","floor":14},{"not_picked":["Fiend Fire","Feed"],"picked":"Demon Form","floor":16},{"not_picked":["Havoc+1","Warcry"],"picked":"Heavy Blade","floor":18},{"not_picked":["Warcry","Wild Strike"],"picked":"True Grit+1","floor":19},{"not_picked":["Clothesline","Thunderclap"],"picked":"Flex","floor":20}],"player_experience":90500,"relics_obtained":[{"floor":7,"key":"Gambling Chip"},{"floor":9,"key":"Pocketwatch"}],"event_choices":[{"damage_healed":0,"gold_gain":0,"player_choice":"Ignored","damage_taken":0,"max_hp_gain":0,"max_hp_loss":0,"event_name":"Shining Light","floor":3,"gold_loss":0},{"damage_healed":0,"gold_gain":0,"player_choice":"Take Wound","damage_taken":0,"relics_obtained":["Golden Idol"],"max_hp_gain":0,"max_hp_loss":0,"event_name":"Golden Idol","floor":8,"gold_loss":0,"cards_obtained":["Injury"]},{"damage_healed":0,"gold_gain":75,"player_choice":"Gather Gold","damage_taken":11,"max_hp_gain":0,"max_hp_loss":0,"event_name":"World of Goop","floor":11,"gold_loss":0},{"damage_healed":0,"gold_gain":0,"player_choice":"Traded Relic","damage_taken":0,"relics_obtained":["Nloth\u0027s Gift"],"max_hp_gain":0,"max_hp_loss":0,"event_name":"N\u0027loth","floor":21,"relics_lost":["Cursed Key"],"gold_loss":0}],"is_beta":false,"boss_relics":[{"not_picked":["Fusion Hammer","Sozu"],"picked":"Cursed Key"}],"items_purged_floors":[22],"is_endless":false,"potions_floor_spawned":[5,13,14,16,18,20],"killed_by":"Gremlin Leader","ascension_level":1}