{"gold_per_floor":[111,111,121,137,148,148,176,176,176,193,193,211,226,256,256,334,334,351,351,351,365,18,51,51,101,101,117,117,130,130,145,145,145],"floor_reached":33,"playtime":1015,"items_purged":[],"score":558,"play_id":"2add72c2-2b8d-49d6-94d5-36b8f911aa04","local_time":"20190513093806","is_ascension_mode":true,"campfire_choices":[{"data":"Twin Strike","floor":6,"key":"SMITH"},{"data":"Clothesline","floor":8,"key":"SMITH"},{"data":"Battle Trance","floor":11,"key":"SMITH"},{"data":"Battle Trance","floor":15,"key":"SMITH"},{"floor":24,"key":"REST"},{"data":"Limit Break","floor":28,"key":"SMITH"},{"data":"Combust","floor":30,"key":"SMITH"},{"floor":32,"key":"REST"}],"neow_cost":"NONE","seed_source_timestamp":77132236520905,"circlet_count":0,"master_deck":["AscendersBane","Strike_R","Strike_R","Strike_R","Defend_R","Defend_R","Defend_R","Defend_R","Bash+1","Battle Trance+1","Twin Strike+1","Twin Strike","Battle Trance+1","Clothesline+1","Rage","Reckless Charge","Offering","Inflame","Combust+1","Berserk","Reckless Charge+1","Limit Break+1","Iron Wave","Flex+1","Shrug It Off"],"relics":["Black Blood","Kunai","Self Forming Clay","Pen Nib","Shuriken","Orichalcum","Bottled Lightning"],"potions_floor_usage":[7,16,33],"damage_taken":[{"damage":4,"enemies":"Small Slimes","floor":1,"turns":4},{"damage":2,"enemies":"Cultist","floor":3,"turns":4},{"damage":9,"enemies":"Jaw Worm","floor":4,"turns":3},{"damage":11,"enemies":"Looter","floor":5,"turns":2},{"damage":15,"enemies":"3 Sentries","floor":7,"turns":6},{"damage":10,"enemies":"2 Fungi Beasts","floor":10,"turns":3},{"damage":9,"enemies":"Exordium Thugs","floor":12,"turns":5},{"damage":12,"enemies":"Lots of Slimes","floor":13,"turns":5},{"damage":6,"enemies":"Gremlin Nob","floor":14,"turns":3},{"damage":24,"enemies":"Hexaghost","floor":16,"turns":11},{"damage":29,"enemies":"2 Thieves","floor":18,"turns":4},{"damage":20,"enemies":"Shell Parasite","floor":21,"turns":5},{"damage":30,"enemies":"Gremlin Leader","floor":23,"turns":5},{"damage":12,"enemies":"Snecko","floor":27,"turns":4},{"damage":17,"enemies":"Cultist and Chosen","floor":29,"turns":4},{"damage":18,"enemies":"Snake Plant","floor":31,"turns":2},{"damage":84,"enemies":"Automaton","floor":33,"turns":6}],"seed_played":"-3041015485345585137","potions_obtained":[{"floor":3,"key":"PowerPotion"},{"floor":7,"key":"FearPotion"},{"floor":12,"key":"SpeedPotion"},{"floor":16,"key":"EssenceOfSteel"}],"is_trial":false,"path_per_floor":["M","?","M","M","M","R","E","R","T","M","R","M","M","E","R","B",null,"M","?","?","M","$","E","R","?","T","M","R","M","R","M","R","B"],"character_chosen":"IRONCLAD","items_purchased":["Shuriken","Limit Break"],"campfire_rested":2,"item_purchase_floors":[22,22],"current_hp_per_floor":[77,77,81,78,73,73,64,64,64,60,60,57,51,51,51,33,70,51,51,51,41,41,21,45,45,45,43,43,36,36,28,52,0],"gold":145,"neow_bonus":"TEN_PERCENT_HP_BONUS","is_prod":false,"is_daily":false,"chose_seed":false,"campfire_upgraded":6,"win_rate":0,"timestamp":1557751086,"path_taken":["M","?","M","M","M","R","E","R","T","M","R","?","M","E","R","BOSS","M","?","?","M","$","E","R","?","T","M","R","?","R","M","R","BOSS"],"build_version":"2019-01-23","purchased_purges":0,"victory":false,"max_hp_per_floor":[82,82,82,82,82,82,82,82,82,82,82,82,82,82,82,82,82,82,82,82,82,82,82,82,82,82,82,82,82,82,82,82,82],"card_choices":[{"not_picked":["Perfected Strike","Pommel Strike"],"picked":"Battle Trance","floor":1},{"not_picked":["Iron Wave","Dual Wield"],"picked":"Twin Strike","floor":3},{"not_picked":["Heavy Blade","Fire Breathing"],"picked":"Twin Strike","floor":4},{"not_picked":["Wild Strike","Body Slam"],"picked":"Battle Trance","floor":5},{"not_picked":["Sever Soul","Cleave"],"picked":"Clothesline","floor":7},{"not_picked":["Hemokinesis","Rage","Seeing Red"],"picked":"SKIP","floor":10},{"not_picked":["Hemokinesis","Seeing Red"],"picked":"Rage","floor":10},{"not_picked":["Hemokinesis","Warcry","Perfected Strike"],"picked":"SKIP","floor":12},{"not_picked":["Fire Breathing","Perfected Strike"],"picked":"Reckless Charge","floor":13},{"not_picked":["Corruption","Rupture","Sword Boomerang"],"picked":"SKIP","floor":14},{"not_picked":["Double Tap","Fiend Fire"],"picked":"Offering","floor":16},{"not_picked":["Shrug It Off","Pommel Strike"],"picked":"Inflame","floor":18},{"not_picked":["Reckless Charge+1","Twin Strike","Perfected Strike"],"picked":"SKIP","floor":21},{"not_picked":["Twin Strike","Perfected Strike"],"picked":"Reckless Charge+1","floor":21},{"not_picked":["Carnage","Thunderclap"],"picked":"Iron Wave","floor":23},{"not_picked":["Warcry","Burning Pact","Clash"],"picked":"SKIP","floor":27},{"not_picked":["Dropkick","Flex+1","Clothesline"],"picked":"SKIP","floor":29},{"not_picked":["Dropkick","Clothesline"],"picked":"Flex+1","floor":29},{"not_picked":["Juggernaut","Sever Soul"],"picked":"Shrug It Off","floor":31}],"player_experience":2313008,"relics_obtained":[{"floor":7,"key":"Kunai"},{"floor":9,"key":"Self Forming Clay"},{"floor":14,"key":"Pen Nib"},{"floor":23,"key":"Orichalcum"},{"floor":26,"key":"Bottled Lightning"}],"event_choices":[{"damage_healed":0,"gold_gain":0,"player_choice":"Upgraded","damage_taken":0,"max_hp_gain":0,"max_hp_loss":0,"event_name":"Upgrade Shrine","floor":2,"gold_loss":0,"cards_upgraded":["Bash"]},{"damage_healed":0,"gold_gain":0,"cards_transformed":["Strike_R","Strike_R"],"player_choice":"Became Test Subject","damage_taken":0,"max_hp_gain":0,"max_hp_loss":0,"event_name":"Drug Dealer","floor":19,"gold_loss":0,"cards_obtained":["Combust","Berserk"]},{"damage_healed":0,"gold_gain":0,"player_choice":"Ignored","damage_taken":0,"max_hp_gain":0,"max_hp_loss":0,"event_name":"Ghosts","floor":20,"gold_loss":0},{"damage_healed":0,"gold_gain":50,"player_choice":"Pray","damage_taken":0,"max_hp_gain":0,"max_hp_loss":0,"event_name":"Golden Shrine","floor":25,"gold_loss":0}],"is_beta":false,"boss_relics":[{"not_picked":["Lizard Tail","Tiny House"],"picked":"Black Blood"}],"items_purged_floors":[],"is_endless":false,"potions_floor_spawned":[3,7,12,16,21,23,29],"killed_by":"Automaton","ascension_level":20}