{"gold_per_floor":[113,127,141,155,155,189,47,47,95,107,133,145,58,71,71,172,172,189,203,5,5,23,23,57,57,57,57,57],"floor_reached":28,"playtime":2689,"items_purged":["Defend_R","Shrug It Off"],"score":238,"play_id":"86c49aa6-16df-477a-b07c-e071c1567eda","local_time":"20190516003547","is_ascension_mode":false,"campfire_choices":[{"data":"Armaments","floor":8,"key":"SMITH"},{"floor":10,"key":"REST"},{"data":"Iron Wave","floor":15,"key":"SMITH"},{"floor":23,"key":"REST"},{"floor":25,"key":"REST"},{"floor":27,"key":"REST"}],"neow_cost":"NONE","seed_source_timestamp":879922420835800,"circlet_count":0,"master_deck":["Strike_R","Strike_R","Strike_R","Strike_R","Defend_R","Defend_R","Defend_R","Perfected Strike","Armaments+1","Entrench+1","Shrug It Off+1","Iron Wave+1","Strike_G","Shrug It Off+1","Spot Weakness+1","Flex+1","Rupture","Armaments+1"],"relics":["Burning Blood","Toxic Egg 2","Smiling Mask","MawBank","Philosopher\u0027s Stone","OrangePellets","Darkstone Periapt","Molten Egg 2"],"potions_floor_usage":[22,24,24],"damage_taken":[{"damage":6,"enemies":"Small Slimes","floor":1,"turns":3},{"damage":5,"enemies":"Cultist","floor":2,"turns":4},{"damage":0,"enemies":"Jaw Worm","floor":3,"turns":3},{"damage":4,"enemies":"Looter","floor":4,"turns":4},{"damage":28,"enemies":"3 Sentries","floor":6,"turns":11},{"damage":0,"enemies":"Red Slaver","floor":11,"turns":4},{"damage":4,"enemies":"Exordium Wildlife","floor":14,"turns":5},{"damage":56,"enemies":"The Guardian","floor":16,"turns":19},{"damage":2,"enemies":"Chosen","floor":18,"turns":7},{"damage":11,"enemies":"Spheric Guardian","floor":19,"turns":4},{"damage":30,"enemies":"Snake Plant","floor":22,"turns":8},{"damage":50,"enemies":"Book of Stabbing","floor":24,"turns":6},{"damage":80,"enemies":"3 Cultists","floor":28,"turns":8}],"seed_played":"8726243840637142779","potions_obtained":[{"floor":1,"key":"GamblersBrew"},{"floor":4,"key":"Ancient Potion"},{"floor":16,"key":"SkillPotion"},{"floor":18,"key":"FearPotion"}],"is_trial":false,"path_per_floor":["M","M","M","M","?","E","$","R","T","R","M","?","$","M","R","B",null,"M","M","$","?","M","R","E","R","T","R","M"],"character_chosen":"IRONCLAD","items_purchased":["Shrug It Off+1","Iron Wave","Shrug It Off+1","OrangePellets"],"campfire_rested":4,"item_purchase_floors":[7,7,13,20],"current_hp_per_floor":[80,80,80,80,80,58,58,58,58,80,80,80,80,80,80,30,80,80,75,75,75,51,75,31,55,55,79,0],"gold":57,"neow_bonus":"TRANSFORM_CARD","is_prod":false,"is_daily":false,"chose_seed":false,"campfire_upgraded":2,"win_rate":0.0,"timestamp":1557981347,"path_taken":["M","M","M","M","?","E","?","R","T","R","M","?","$","?","R","BOSS","M","?","$","?","M","R","E","R","T","R","M"],"build_version":"2019-01-23","purchased_purges":2,"victory":false,"max_hp_per_floor":[80,80,80,80,80,80,80,80,80,80,80,80,80,80,80,80,80,80,80,80,80,80,80,80,80,80,80,80],"card_choices":[{"not_picked":["Rupture","Perfected Strike"],"picked":"Armaments","floor":1},{"not_picked":["Rupture","Armaments"],"picked":"Shrug It Off","floor":2},{"not_picked":["Second Wind","Headbutt"],"picked":"Shrug It Off","floor":3},{"not_picked":["Sword Boomerang","Clash","Carnage"],"picked":"SKIP","floor":4},{"not_picked":["Cleave","Brutality"],"picked":"Entrench+1","floor":6},{"not_picked":["Shockwave+1","Disarm+1","Sword Boomerang"],"picked":"SKIP","floor":11},{"not_picked":["Cleave","Perfected Strike","Inflame"],"picked":"SKIP","floor":14},{"not_picked":["Body Slam","Ghostly Armor+1"],"picked":"Spot Weakness+1","floor":18},{"not_picked":["Thunderclap","Perfected Strike"],"picked":"Flex+1","floor":19},{"not_picked":["Headbutt+1","Hemokinesis","Clash"],"picked":"SKIP","floor":22},{"not_picked":["Cleave","Iron Wave"],"picked":"Armaments+1","floor":24}],"player_experience":106264,"relics_obtained":[{"floor":6,"key":"Smiling Mask"},{"floor":9,"key":"MawBank"},{"floor":24,"key":"Darkstone Periapt"},{"floor":26,"key":"Molten Egg 2"}],"event_choices":[{"damage_healed":0,"gold_gain":0,"player_choice":"Gave Potion","damage_taken":0,"relics_obtained":["Toxic Egg 2"],"max_hp_gain":0,"max_hp_loss":0,"event_name":"WeMeetAgain","floor":5,"gold_loss":0},{"cards_removed":["Shrug It Off"],"damage_healed":0,"gold_gain":0,"player_choice":"Took Card","damage_taken":0,"max_hp_gain":0,"max_hp_loss":0,"event_name":"NoteForYourself","floor":12,"gold_loss":0,"cards_obtained":["Strike_G"]},{"damage_healed":0,"gold_gain":0,"cards_transformed":["Strike_R"],"player_choice":"Transformed","damage_taken":0,"max_hp_gain":0,"max_hp_loss":0,"event_name":"Transmorgrifier","floor":21,"gold_loss":0,"cards_obtained":["Rupture"]}],"is_beta":false,"boss_relics":[{"not_picked":["Orrery","Runic Cube"],"picked":"Philosopher\u0027s Stone"}],"items_purged_floors":[7,13],"is_endless":false,"potions_floor_spawned":[1,4,16,18],"killed_by":"3 Cultists","ascension_level":0}