{"gold_per_floor":[118,118,131,150,150,176,226,252,252,252],"floor_reached":10,"playtime":329,"items_purged":[],"score":87,"play_id":"ca2797bd-75ff-42c2-8463-6efb85e97cb9","local_time":"20181206155814","is_ascension_mode":true,"campfire_choices":[],"neow_cost":"NONE","seed_source_timestamp":1833548525410792,"circlet_count":0,"master_deck":["Strike_R","Strike_R","Strike_R","Strike_R","Strike_R","Defend_R","Defend_R","Defend_R","Defend_R","Bash","Twin Strike","Iron Wave","Spot Weakness","Perfected Strike","Uppercut"],"relics":["Burning Blood","Juzu Bracelet","Frozen Egg 2","SsserpentHead","Shuriken","Bottled Flame","Centennial Puzzle"],"potions_floor_usage":[10],"damage_taken":[{"damage":1,"enemies":"Cultist","floor":1,"turns":4},{"damage":13,"enemies":"Jaw Worm","floor":3,"turns":4},{"damage":0,"enemies":"2 Louse","floor":4,"turns":3},{"damage":35,"enemies":"Gremlin Nob","floor":6,"turns":5},{"damage":44,"enemies":"Lagavulin","floor":8,"turns":8},{"damage":14,"enemies":"Red Slaver","floor":10,"turns":1}],"seed_played":"-7040978952147750566","potions_obtained":[{"floor":1,"key":"Dexterity Potion"},{"floor":3,"key":"PowerPotion"},{"floor":8,"key":"SteroidPotion"}],"is_trial":false,"path_per_floor":["M","T","M","M","?","E","$","E","T","M"],"character_chosen":"IRONCLAD","items_purchased":[],"campfire_rested":0,"item_purchase_floors":[],"current_hp_per_floor":[80,80,73,79,79,50,50,12,12,0],"gold":252,"neow_bonus":"RANDOM_COMMON_RELIC","is_prod":false,"is_daily":false,"chose_seed":false,"campfire_upgraded":0,"win_rate":0,"timestamp":1544129894,"path_taken":["M","?","M","M","?","E","?","E","T","M"],"build_version":"2018-11-15","purchased_purges":0,"victory":false,"max_hp_per_floor":[80,80,80,80,80,80,80,80,80,80],"card_choices":[{"not_picked":["Clash","Rupture"],"picked":"Twin Strike","floor":1},{"not_picked":["Perfected Strike","Shrug It Off"],"picked":"Iron Wave","floor":3},{"not_picked":["Rampage","Warcry"],"picked":"Spot Weakness","floor":4},{"not_picked":["Flex","Cleave"],"picked":"Perfected Strike","floor":6},{"not_picked":["Havoc","Sword Boomerang"],"picked":"Uppercut","floor":8}],"player_experience":135354,"relics_obtained":[{"floor":2,"key":"Frozen Egg 2"},{"floor":6,"key":"Shuriken"},{"floor":8,"key":"Bottled Flame"},{"floor":9,"key":"Centennial Puzzle"}],"event_choices":[{"damage_healed":0,"gold_gain":0,"player_choice":"Trade","damage_taken":0,"relics_obtained":["SsserpentHead"],"max_hp_gain":0,"max_hp_loss":0,"event_name":"FaceTrader","floor":5,"gold_loss":0}],"is_beta":false,"boss_relics":[],"items_purged_floors":[],"is_endless":false,"potions_floor_spawned":[1,3,8],"killed_by":"Red Slaver","ascension_level":3}