{"gold_per_floor":[10,24,24,24,24,24,35,35,108,143,143,143,159,192,192,269,269,287,298,136,149,20,20,31,47,72,99,117,145,145,162,162,238,238,249,39,54,54,1053,1088,152,152,152,168,182,211,211,231,231,231,231,231,231,41,67,67],"floor_reached":57,"playtime":3114,"items_purged":["Strike_R","Strike_R","Strike_R","Normality","Normality"],"score":2974,"play_id":"a638738d-95f3-438e-9188-cdf46fcb507c","local_time":"20190511113601","is_ascension_mode":true,"campfire_choices":[{"data":"Carnage","floor":6.0,"key":"SMITH"},{"data":"Bash","floor":8.0,"key":"SMITH"},{"data":"True Grit","floor":15.0,"key":"SMITH"},{"data":"Bloodletting","floor":23.0,"key":"SMITH"},{"data":"Seeing Red","floor":30.0,"key":"SMITH"},{"data":"Seeing Red","floor":32.0,"key":"SMITH"},{"floor":49.0,"key":"RECALL"},{"data":"Corruption","floor":53,"key":"SMITH"}],"neow_cost":"NO_GOLD","seed_source_timestamp":1386956414367871,"circlet_count":0,"master_deck":["AscendersBane","Defend_R","Defend_R","Defend_R","Bash+1","Carnage+1","True Grit+1","Shrug It Off","Seeing Red+1","Impervious","Intimidate+1","Second Wind","Bloodletting+1","Warcry","Clumsy","Seeing Red+1","Barricade","Evolve","Dual Wield","Dark Embrace","Corruption+1","Havoc","True Grit","Pain","Burning Pact","Feel No Pain"],"special_seed":0,"relics":["Burning Blood","Boot","Darkstone Periapt","Mummified Hand","Dead Branch","Cursed Key","War Paint","Matryoshka","Juzu Bracelet","Runic Dome","The Courier","Membership Card","Ginger","Pen Nib","PreservedInsect","Pear","Meat on the Bone","Kunai","Dream Catcher","Centennial Puzzle","Regal Pillow","Bag of Preparation","Torii"],"potions_floor_usage":[56],"damage_taken":[{"damage":3.0,"enemies":"2 Louse","floor":1.0,"turns":4.0},{"damage":2.0,"enemies":"Jaw Worm","floor":2.0,"turns":4.0},{"damage":0.0,"enemies":"Cultist","floor":7.0,"turns":2.0},{"damage":25.0,"enemies":"Lagavulin","floor":10.0,"turns":5.0},{"damage":13.0,"enemies":"Gremlin Gang","floor":13.0,"turns":5.0},{"damage":32.0,"enemies":"Gremlin Nob","floor":14.0,"turns":4.0},{"damage":17.0,"enemies":"The Guardian","floor":16.0,"turns":15.0},{"damage":0.0,"enemies":"3 Byrds","floor":18.0,"turns":8.0},{"damage":18.0,"enemies":"Spheric Guardian","floor":19.0,"turns":7.0},{"damage":0.0,"enemies":"Snake Plant","floor":21.0,"turns":4.0},{"damage":14.0,"enemies":"Snecko","floor":24.0,"turns":6.0},{"damage":10.0,"enemies":"3 Cultists","floor":25.0,"turns":6.0},{"damage":31.0,"enemies":"Book of Stabbing","floor":27.0,"turns":6.0},{"damage":0.0,"enemies":"Centurion and Healer","floor":28.0,"turns":7.0},{"damage":10.0,"enemies":"Gremlin Leader","floor":29.0,"turns":5.0},{"damage":23.0,"enemies":"Sentry and Sphere","floor":31.0,"turns":7.0},{"damage":5.0,"enemies":"Automaton","floor":33.0,"turns":10.0},{"damage":0.0,"enemies":"3 Shapes","floor":35.0,"turns":3.0},{"damage":8.0,"enemies":"3 Darklings","floor":37.0,"turns":6.0},{"damage":12.0,"enemies":"Nemesis","floor":40.0,"turns":7.0},{"damage":0.0,"enemies":"Spire Growth","floor":44.0,"turns":2.0},{"damage":10.0,"enemies":"Sphere and 2 Shapes","floor":45.0,"turns":4.0},{"damage":8.0,"enemies":"Giant Head","floor":46.0,"turns":2.0},{"damage":6.0,"enemies":"Writhing Mass","floor":48.0,"turns":3.0},{"damage":37.0,"enemies":"Time Eater","floor":50.0,"turns":8.0},{"damage":25,"enemies":"Awakened One","floor":51,"turns":8},{"damage":14,"enemies":"Shield and Spear","floor":55,"turns":8},{"damage":14,"enemies":"The Heart","floor":56,"turns":5}],"seed_played":"-4595796701066289706","potions_obtained":[{"floor":1.0,"key":"Swift Potion"},{"floor":14.0,"key":"Strength Potion"},{"floor":16.0,"key":"BloodPotion"},{"floor":18.0,"key":"AttackPotion"},{"floor":21.0,"key":"EntropicBrew"},{"floor":27.0,"key":"BloodPotion"},{"floor":33.0,"key":"Block Potion"},{"floor":37.0,"key":"EssenceOfSteel"},{"floor":46.0,"key":"Block Potion"},{"floor":47.0,"key":"PowerPotion"},{"floor":47.0,"key":"SkillPotion"}],"is_trial":false,"path_per_floor":["M","M","?","?","$","R","M","R","T","E","?","T","M","E","R","B",null,"M","M","$","M","$","R","M","M","T","E","M","E","R","M","R","B",null,"M","$","M","?","?","E","$","?","T","M","M","E","?","M","R","B","B",null,"R","$","E","B",null],"character_chosen":"IRONCLAD","items_purchased":["Second Wind","Warcry","Evolve","Membership Card","Dark Embrace","Corruption","Havoc","True Grit","Ginger","Pen Nib","PreservedInsect","Pear","Meat on the Bone","Kunai","Bag of Preparation","GamblersBrew"],"campfire_rested":0,"item_purchase_floors":[20,22,36,41,41,41,41,41,41,41,41,41,41,41,54,54],"current_hp_per_floor":[71,75,80,75,75,75,80,80,80,61,61,61,54,28,28,17,64,78,66,66,72,72,72,64,60,66,41,55,51,51,34,34,35,73,79,79,77,77,89,83,93,93,99,105,101,99,99,99,99,68,61,101,101,101,93,85],"gold":67,"neow_bonus":"REMOVE_TWO","is_prod":false,"is_daily":false,"chose_seed":false,"campfire_upgraded":7,"win_rate":0,"timestamp":1557545761,"path_taken":["M","M","?","?","?","R","?","R","T","E","?","?","?","E","R","BOSS","M","M","$","M","$","R","M","M","T","E","?","E","R","M","R","BOSS","M","$","M","?","?","E","$","?","T","M","M","E","?","M","R","BOSS","BOSS","R","$","E","BOSS"],"build_version":"2019-01-23","purchased_purges":5,"victory":true,"max_hp_per_floor":[75,75,80,80,80,80,80,80,80,80,80,80,80,80,80,80,80,80,80,80,80,80,80,80,80,86,86,86,86,86,86,86,86,86,86,86,86,86,98,98,108,108,114,114,114,114,114,114,114,114,114,114,114,114,114,114],"card_choices":[{"not_picked":["Sever Soul","Sword Boomerang"],"picked":"Carnage","floor":1.0},{"not_picked":["Anger","Pommel Strike"],"picked":"True Grit","floor":2.0},{"not_picked":["Iron Wave","Infernal Blade"],"picked":"Shrug It Off","floor":7.0},{"not_picked":["Sentinel","Disarm"],"picked":"Seeing Red","floor":10.0},{"not_picked":["Dual Wield","Warcry","Clothesline"],"picked":"SKIP","floor":13.0},{"not_picked":["Pommel Strike","Clash","Flex"],"picked":"SKIP","floor":14.0},{"not_picked":["Exhume","Demon Form"],"picked":"Impervious","floor":16.0},{"not_picked":["Shrug It Off","Flame Barrier","Anger+1"],"picked":"SKIP","floor":18.0},{"not_picked":["Anger","True Grit"],"picked":"Intimidate","floor":19.0},{"not_picked":["Iron Wave","Brutality"],"picked":"Bloodletting","floor":21.0},{"not_picked":["Flex","Reckless Charge","Hemokinesis+1"],"picked":"SKIP","floor":24.0},{"not_picked":["Flex","Reckless Charge","Hemokinesis+1"],"picked":"SKIP","floor":24.0},{"not_picked":["Bloodletting","Reckless Charge","Perfected Strike"],"picked":"SKIP","floor":25.0},{"not_picked":["Rupture","Combust","Sever Soul"],"picked":"SKIP","floor":27.0},{"not_picked":["Headbutt+1","Pommel Strike"],"picked":"Seeing Red","floor":28.0},{"not_picked":["Searing Blow","Hemokinesis","Rupture"],"picked":"SKIP","floor":29.0},{"not_picked":["Flex","Shrug It Off","Rampage"],"picked":"SKIP","floor":31.0},{"not_picked":["Demon Form","Impervious"],"picked":"Barricade","floor":33.0},{"not_picked":["Hemokinesis","Bloodletting","Dual Wield"],"picked":"SKIP","floor":35.0},{"not_picked":["Evolve","Warcry"],"picked":"Dual Wield","floor":37.0},{"not_picked":["Flex+1","Barricade","Cleave"],"picked":"SKIP","floor":40.0},{"not_picked":["Clothesline","Dropkick+1"],"picked":"Burning Pact","floor":44.0},{"not_picked":["Cleave","Perfected Strike","Anger"],"picked":"SKIP","floor":45.0},{"not_picked":["Sword Boomerang","Twin Strike"],"picked":"Feel No Pain","floor":46.0},{"not_picked":["Thunderclap","Wild Strike+1","Clash"],"picked":"SKIP","floor":48.0},{"not_picked":["Rage","True Grit","Bludgeon"],"picked":"SKIP","floor":55}],"player_experience":1923821,"relics_obtained":[{"floor":10.0,"key":"Darkstone Periapt"},{"floor":12.0,"key":"Mummified Hand"},{"floor":14.0,"key":"Dead Branch"},{"floor":26.0,"key":"War Paint"},{"floor":27.0,"key":"Matryoshka"},{"floor":29.0,"key":"Juzu Bracelet"},{"floor":40.0,"key":"The Courier"},{"floor":43.0,"key":"Dream Catcher"},{"floor":43.0,"key":"Centennial Puzzle"},{"floor":46.0,"key":"Regal Pillow"},{"floor":55,"key":"Torii"}],"event_choices":[{"damage_healed":0.0,"max_hp_gain":5.0,"max_hp_loss":0.0,"gold_gain":0.0,"event_name":"Big Fish","player_choice":"Donut","floor":3.0,"gold_loss":0.0,"damage_taken":0.0},{"damage_healed":0.0,"max_hp_gain":0.0,"max_hp_loss":0.0,"gold_gain":0.0,"event_name":"Scrap Ooze","player_choice":"Success","floor":4.0,"gold_loss":0.0,"damage_taken":5.0,"relics_obtained":["Boot"]},{"damage_healed":0.0,"max_hp_gain":0.0,"max_hp_loss":0.0,"gold_gain":0.0,"event_name":"Liars Game","player_choice":"Ignored","floor":11.0,"gold_loss":0.0,"damage_taken":0.0},{"cards_removed":["Defend_R"],"damage_healed":0.0,"max_hp_gain":0.0,"max_hp_loss":0.0,"gold_gain":0.0,"event_name":"Falling","player_choice":"Removed Skill","floor":38.0,"gold_loss":0.0,"damage_taken":0.0},{"damage_healed":0.0,"max_hp_gain":0.0,"max_hp_loss":0.0,"gold_gain":999.0,"event_name":"MindBloom","player_choice":"Gold","floor":39.0,"gold_loss":0.0,"damage_taken":0.0,"cards_obtained":["Normality","Normality"]},{"damage_healed":0.0,"max_hp_gain":0.0,"max_hp_loss":0.0,"gold_gain":0.0,"event_name":"Tomb of Lord Red Mask","player_choice":"Ignored","floor":42.0,"gold_loss":0.0,"damage_taken":0.0},{"damage_healed":0.0,"max_hp_gain":0.0,"max_hp_loss":0.0,"gold_gain":0.0,"event_name":"Lab","player_choice":"Got Potions","floor":47.0,"gold_loss":0.0,"damage_taken":0.0}],"is_beta":false,"boss_relics":[{"not_picked":["Fusion Hammer","Black Star"],"picked":"Cursed Key"},{"not_picked":["Black Blood","Astrolabe"],"picked":"Runic Dome"}],"items_purged_floors":[20,22,36,41,54],"is_endless":false,"potions_floor_spawned":[1,14,16,18,21,24,27,33,37,44,46,48],"ascension_level":20}