{"gold_per_floor":[364,439,614,627,472,472,329,329,329,141,141,62,62,87,87,185,185,205,205,185,201,216,216,246,260,330,330],"floor_reached":27,"playtime":1056,"items_purged":["Doubt"],"score":363,"play_id":"104bbf70-fe26-4ee7-8409-61e4974ccb79","local_time":"20190510194757","is_ascension_mode":true,"campfire_choices":[{"floor":6,"key":"REST"},{"data":"Zap","floor":8,"key":"SMITH"},{"data":"Apotheosis","floor":11,"key":"SMITH"},{"floor":15,"key":"REST"},{"floor":23,"key":"REST"}],"neow_cost":"PERCENT_DAMAGE","seed_source_timestamp":509180691554300,"circlet_count":0,"master_deck":["Strike_B","Strike_B","Strike_B","Strike_B","Defend_B","Defend_B","Defend_B","Defend_B","Zap+1","Dualcast","Cold Snap","Ball Lightning","Capacitor","Apotheosis+1","Loop","Reinforced Body","White Noise","Echo Form","Self Repair+1","Defragment","Capacitor+1","Capacitor","White Noise","Ball Lightning"],"relics":["Cracked Core","Juzu Bracelet","Dream Catcher","Mercury Hourglass","Runic Dome","Ornamental Fan","Frozen Egg 2"],"potions_floor_usage":[16,18,24],"damage_taken":[{"damage":2,"enemies":"Jaw Worm","floor":1,"turns":3},{"damage":2,"enemies":"Small Slimes","floor":4,"turns":3},{"damage":14,"enemies":"Lagavulin","floor":14,"turns":6},{"damage":0,"enemies":"The Guardian","floor":16,"turns":9},{"damage":4,"enemies":"3 Byrds","floor":18,"turns":3},{"damage":30,"enemies":"2 Thieves","floor":20,"turns":4},{"damage":5,"enemies":"Chosen and Byrds","floor":21,"turns":6},{"damage":30,"enemies":"Snake Plant","floor":22,"turns":5},{"damage":52,"enemies":"Slavers","floor":24,"turns":6},{"damage":22,"enemies":"3 Cultists","floor":25,"turns":5},{"damage":25,"enemies":"Shelled Parasite and Fungi","floor":27,"turns":2}],"seed_played":"-7684606975372828132","potions_obtained":[{"floor":4,"key":"Poison Potion"},{"floor":14,"key":"SkillPotion"},{"floor":21,"key":"Dexterity Potion"},{"floor":24,"key":"LiquidBronze"},{"floor":25,"key":"Ancient Potion"}],"is_trial":false,"path_per_floor":["M","?","?","M","$","R","$","R","T","$","R","$","?","E","R","B",null,"M","$","M","M","M","R","E","M","T","M"],"character_chosen":"DEFECT","items_purchased":["Capacitor","Juzu Bracelet","Apotheosis","Loop"],"campfire_rested":3,"item_purchase_floors":[5,7,10,12],"current_hp_per_floor":[48,37,37,35,35,57,57,57,57,57,57,57,75,61,75,75,75,71,71,51,56,46,68,36,24,24,0],"gold":330,"neow_bonus":"TWO_FIFTY_GOLD","is_prod":false,"is_daily":false,"chose_seed":false,"campfire_upgraded":2,"win_rate":0,"timestamp":1557514077,"path_taken":["M","?","?","M","?","R","?","R","T","$","R","$","?","E","R","BOSS","M","?","M","M","M","R","E","M","T","M"],"build_version":"2019-01-23","purchased_purges":1,"victory":false,"max_hp_per_floor":[75,75,75,75,75,75,75,75,75,75,75,75,75,75,75,75,75,75,75,75,75,75,75,75,75,75,75],"card_choices":[{"not_picked":["Double Energy","Reprogram"],"picked":"Cold Snap","floor":1},{"not_picked":["Barrage","Hologram"],"picked":"Ball Lightning","floor":4},{"not_picked":["Undo","Hyperbeam"],"picked":"Reinforced Body","floor":14},{"not_picked":["Steam","FTL"],"picked":"White Noise","floor":15},{"not_picked":["Fission","Hyperbeam"],"picked":"Echo Form","floor":16},{"not_picked":["Leap","Stack"],"picked":"Self Repair+1","floor":18},{"not_picked":["Darkness+1","Ball Lightning"],"picked":"Defragment","floor":20},{"not_picked":["Compile Driver+1","Doom and Gloom","Steam"],"picked":"SKIP","floor":21},{"not_picked":["Redo","Barrage+1"],"picked":"Capacitor+1","floor":22},{"not_picked":["Coolheaded","Compile Driver+1"],"picked":"Capacitor","floor":23},{"not_picked":["Heatsinks","Gash"],"picked":"White Noise","floor":24},{"not_picked":["Steam+1","Chaos"],"picked":"Ball Lightning","floor":25}],"player_experience":516264,"relics_obtained":[{"floor":9,"key":"Dream Catcher"},{"floor":14,"key":"Mercury Hourglass"},{"floor":24,"key":"Ornamental Fan"},{"floor":26,"key":"Frozen Egg 2"}],"event_choices":[{"damage_healed":0,"gold_gain":75,"player_choice":"Gather Gold","damage_taken":11,"max_hp_gain":0,"max_hp_loss":0,"event_name":"World of Goop","floor":2,"gold_loss":0},{"damage_healed":0,"gold_gain":175,"player_choice":"AGREE","damage_taken":0,"max_hp_gain":0,"max_hp_loss":0,"event_name":"Liars Game","floor":3,"gold_loss":0,"cards_obtained":["Doubt"]},{"damage_healed":18,"gold_gain":0,"player_choice":"Full Heal","damage_taken":0,"max_hp_gain":0,"max_hp_loss":0,"event_name":"Wheel of Change","floor":13,"gold_loss":0}],"is_beta":false,"boss_relics":[{"not_picked":["Eternal Feather","Tiny House"],"picked":"Runic Dome"}],"items_purged_floors":[5],"is_endless":false,"potions_floor_spawned":[4,14,21,24,25],"killed_by":"Shelled Parasite and Fungi","ascension_level":6}