{"gold_per_floor":[111,111,125,143,161,195,195,230,230,230,230,26,64,83,83,214,214,235,0,20,20,43,43],"floor_reached":23,"playtime":983,"items_purged":["Strike_B"],"score":253,"play_id":"1c179035-2771-4050-9229-94b6b27191d6","local_time":"20180803003655","is_ascension_mode":true,"campfire_choices":[{"data":"Go for the Eyes","floor":7,"key":"SMITH"},{"floor":10,"key":"REST"},{"data":"Zap","floor":15,"key":"SMITH"}],"neow_cost":"NONE","seed_source_timestamp":25283838354289,"circlet_count":0,"master_deck":["Strike_B","Strike_B","Strike_B","Defend_B","Defend_B","Defend_B","Defend_B","Zap+1","Dualcast","Darkness","Steam","Self Repair","Go for the Eyes+1","Loop","Capacitor","Leap","Capacitor","Seek","Undo","Coolheaded+1","Stack+1"],"relics":["Cracked Core","Orichalcum","Thread and Needle","Vajra","Smiling Mask","Strawberry","Golden Idol","Happy Flower","Bag of Preparation","Nuclear Battery"],"potions_floor_usage":[8,8,16,16],"damage_taken":[{"damage":3,"enemies":"2 Louse","floor":1,"turns":2},{"damage":9,"enemies":"Jaw Worm","floor":3,"turns":4},{"damage":0,"enemies":"Small Slimes","floor":4,"turns":3},{"damage":5,"enemies":"3 Louse","floor":5,"turns":4},{"damage":5,"enemies":"Lagavulin","floor":6,"turns":6},{"damage":36,"enemies":"Gremlin Nob","floor":8,"turns":6},{"damage":7,"enemies":"Lagavulin","floor":13,"turns":8},{"damage":0,"enemies":"2 Fungi Beasts","floor":14,"turns":4},{"damage":23,"enemies":"Slime Boss","floor":16,"turns":8},{"damage":34,"enemies":"3 Byrds","floor":18,"turns":8},{"damage":29,"enemies":"Chosen","floor":20,"turns":9},{"damage":15,"enemies":"Snecko","floor":22,"turns":8},{"damage":21,"enemies":"Slavers","floor":23,"turns":4}],"seed_played":"7475405644449222620","potions_obtained":[{"floor":1,"key":"Block Potion"},{"floor":5,"key":"Energy Potion"},{"floor":8,"key":"PowerPotion"},{"floor":13,"key":"LiquidBronze"},{"floor":14,"key":"Poison Potion"}],"is_trial":false,"path_per_floor":["M","?","M","M","M","E","R","E","T","R","?","$","E","M","R","B",null,"M","?","M","?","M"],"character_chosen":"DEFECT","items_purchased":["Happy Flower"],"campfire_rested":1,"item_purchase_floors":[12],"current_hp_per_floor":[72,47,38,38,40,42,42,13,20,44,44,44,44,51,51,35,76,49,49,27,27,19,0],"gold":43,"neow_bonus":"RANDOM_COMMON_RELIC","is_prod":false,"is_daily":false,"chose_seed":false,"campfire_upgraded":2,"win_rate":0,"timestamp":1533267415,"path_taken":["M","?","M","M","M","E","R","E","T","R","?","$","E","M","R","BOSS","M","?","M","?","?","E"],"build_version":"2018-07-12","purchased_purges":1,"victory":false,"max_hp_per_floor":[75,75,75,75,75,75,75,75,82,82,76,76,76,76,76,76,76,76,76,76,76,76,76],"card_choices":[{"not_picked":["Glacier","Sweeping Beam"],"picked":"Darkness","floor":1},{"not_picked":["Barrage","Steam","Scrape"],"picked":"SKIP","floor":3},{"not_picked":["Barrage","Scrape"],"picked":"Steam","floor":3},{"not_picked":["Sweeping Beam","Reprogram"],"picked":"Self Repair","floor":4},{"not_picked":["Compile Driver","Beam Cell"],"picked":"Go for the Eyes","floor":5},{"not_picked":["Force Field","Go for the Eyes"],"picked":"Loop","floor":6},{"not_picked":["Chill","Streamline"],"picked":"Capacitor","floor":8},{"not_picked":["Self Repair","Multi-Cast"],"picked":"Leap","floor":13},{"not_picked":["Beam Cell","Self Repair"],"picked":"Capacitor","floor":14},{"not_picked":["Multi-Cast","Reboot"],"picked":"Seek","floor":16},{"not_picked":["Go for the Eyes","Doom and Gloom"],"picked":"Undo","floor":18},{"not_picked":["Reinforced Body+1","Barrage+1"],"picked":"Coolheaded+1","floor":20},{"not_picked":["Cold Snap","Force Field+1"],"picked":"Stack+1","floor":22}],"player_experience":431339,"relics_obtained":[{"floor":6,"key":"Vajra"},{"floor":8,"key":"Smiling Mask"},{"floor":9,"key":"Strawberry"},{"floor":13,"key":"Bag of Preparation"}],"event_choices":[{"event_name":"Scrap Ooze","player_choice":"success","floor":2,"damage_taken":25},{"event_name":"Golden Idol","player_choice":"Lose Max HP","floor":11,"damage_taken":0},{"event_name":"Masked Bandits","player_choice":"Paid Bandits 235 gold","floor":19,"damage_taken":0},{"event_name":"Ghosts","player_choice":"Ignored","floor":21,"damage_taken":0}],"boss_relics":[{"not_picked":["Snecko Eye","Inserter"],"picked":"Nuclear Battery"}],"items_purged_floors":[12],"is_endless":false,"potions_floor_spawned":[1,5,8,13,14],"killed_by":"Slavers","ascension_level":4}