{"path_per_floor":["M","M","M","?","M","R","$","M","T","E","M","E","M","$","R","B",null,"M"],"character_chosen":"IRONCLAD","items_purchased":[],"gold_per_floor":[112,132,142,142,159,159,84,96,96,129,141,169,185,85,85,186,186,205],"floor_reached":19,"campfire_rested":0,"playtime":1134,"current_hp_per_floor":[80,80,80,73,67,67,67,71,71,75,69,49,52,52,52,29,87,80],"items_purged":["Defend_R","Strike_R"],"gold":175,"score":181,"play_id":"24b18283-a2fd-49fb-a4fa-c43f8d508481","is_prod":false,"is_daily":false,"is_ascension_mode":false,"campfire_upgraded":2,"path_taken":["M","?","M","?","M","R","$","M","T","E","M","E","M","$","R","BOSS","M","M"],"build_version":"2018-02-21-BETA2","purchased_purges":2,"victory":false,"master_deck":["Strike_R","Strike_R","Strike_R","Strike_R","Defend_R","Defend_R","Bash","Bloodletting","Perfected Strike","Searing Blow+2","Shrug It Off","Clash","Shrug It Off","True Grit","Fiend Fire","Thunderclap"],"max_hp_per_floor":[80,80,80,80,80,80,80,80,80,87,87,87,87,87,87,87,87,87],"relics":["Burning Blood","Anchor","Bag of Marbles","Strawberry","Prayer Wheel","Runic Cube"],"card_choices":[{"not_picked":["Wild Strike","True Grit"],"picked":"Bloodletting"},{"not_picked":["Power Through","Feel No Pain"],"picked":"Perfected Strike"},{"not_picked":["True Grit","Heavy Blade"],"picked":"Searing Blow"},{"not_picked":["Heavy Blade","Fire Breathing"],"picked":"Shrug It Off"},{"not_picked":["Sword Boomerang","Uppercut"],"picked":"Clash"},{"not_picked":["Twin Strike","Iron Wave"],"picked":"Shrug It Off"},{"not_picked":["Flex","Reckless Charge"],"picked":"True Grit"},{"not_picked":["Impervious","Barricade"],"picked":"Fiend Fire"},{"not_picked":["Heavy Blade","Clothesline"],"picked":"Thunderclap"}],"player_experience":116213,"potions_floor_usage":[11],"damage_taken":[{"damage":1,"enemies":"Cultist","floor":1,"turns":3},{"damage":0,"enemies":"2 Louse","floor":2,"turns":4},{"damage":1,"enemies":"Jaw Worm","floor":3,"turns":2},{"damage":12,"enemies":"Blue Slaver","floor":5,"turns":4},{"damage":2,"enemies":"Large Slime","floor":8,"turns":4},{"damage":9,"enemies":"3 Sentries","floor":10,"turns":6},{"damage":12,"enemies":"Exordium Thugs","floor":11,"turns":4},{"damage":26,"enemies":"Lagavulin","floor":12,"turns":5},{"damage":3,"enemies":"3 Louse","floor":13,"turns":2},{"damage":29,"enemies":"Slime Boss","floor":16,"turns":14},{"damage":13,"enemies":"Spheric Guardian","floor":18,"turns":3},{"damage":13,"enemies":"2 Thieves","floor":19,"turns":2}],"event_choices":[{"event_name":"Golden Wing","player_choice":"Card Removal","floor":4,"damage_taken":0}],"boss_relics":[{"not_picked":["Black Blood","Ectoplasm"],"picked":"Runic Cube"}],"potions_floor_spawned":[1,3,5,8,11],"seed_played":"-1792450537827972522","killed_by":"2 Thieves","ascension_level":0,"is_trial":false}