{"gold_per_floor":[112,62,81,81,81,115,20,53,79,79,97,126,126,146,146,248,248,265,265,265,265,291,291,303,13,13,13],"floor_reached":27,"playtime":3217,"items_purged":[],"score":277,"play_id":"0eaddfe3-a76a-4a6d-909a-40e8763896cb","local_time":"20190426010149","is_ascension_mode":false,"campfire_choices":[{"data":"Infinite Blades","floor":10,"key":"SMITH"},{"floor":15,"key":"REST"},{"floor":23,"key":"REST"}],"neow_cost":"NONE","seed_source_timestamp":3639136037882500,"circlet_count":0,"master_deck":["Defend_G","Defend_G+1","Defend_G+1","Defend_G","Survivor","Neutralize","Escape Plan","Dodge and Roll","Heel Hook","Infinite Blades+1","Prepared+1","Deadly Poison","Flying Knee","Well Laid Plans","Deadly Poison","Glass Knife","Dagger Spray","Deflect","Outmaneuver+1","Poisoned Stab","Finisher","Poisoned Stab+1","Bite","Bite","Bite","Bite","Bite","Slice","The Bomb","Poisoned Stab","Deadly Poison"],"relics":["Ring of the Snake","NeowsBlessing","Strawberry","Question Card","Omamori","Potion Belt","Orrery","Enchiridion","Boot","War Paint"],"potions_floor_usage":[16,16],"damage_taken":[{"damage":0,"enemies":"Jaw Worm","floor":1,"turns":1},{"damage":0,"enemies":"2 Louse","floor":3,"turns":1},{"damage":0,"enemies":"Lagavulin","floor":6,"turns":1},{"damage":15,"enemies":"3 Sentries","floor":8,"turns":11},{"damage":0,"enemies":"Cultist","floor":11,"turns":4},{"damage":27,"enemies":"Lagavulin","floor":12,"turns":7},{"damage":1,"enemies":"Blue Slaver","floor":14,"turns":3},{"damage":24,"enemies":"Slime Boss","floor":16,"turns":11},{"damage":25,"enemies":"2 Thieves","floor":18,"turns":5},{"damage":27,"enemies":"Shell Parasite","floor":24,"turns":5},{"damage":30,"enemies":"Sentry and Sphere","floor":27,"turns":4}],"seed_played":"-2056095233970301065","potions_obtained":[{"floor":11,"key":"SkillPotion"},{"floor":12,"key":"Dexterity Potion"}],"is_trial":false,"path_per_floor":["M","?","M","?","?","E","$","E","T","R","M","E","$","M","R","B",null,"M","?","?","?","T","R","M","$","T","M"],"character_chosen":"THE_SILENT","items_purchased":["Infinite Blades","Prepared","The Bomb","Poisoned Stab","Deadly Poison"],"campfire_rested":2,"item_purchase_floors":[7,7,25,25,25],"current_hp_per_floor":[70,70,70,56,56,63,63,48,48,48,48,21,21,20,43,19,77,52,36,22,22,22,39,16,16,16,0],"gold":13,"neow_bonus":"THREE_ENEMY_KILL","is_prod":false,"is_daily":false,"chose_seed":false,"campfire_upgraded":1,"win_rate":0.0,"timestamp":1556254909,"path_taken":["M","?","M","?","?","E","$","E","T","R","?","E","?","M","R","BOSS","M","?","?","?","?","R","M","$","T","M"],"build_version":"2019-01-23","purchased_purges":0,"victory":false,"max_hp_per_floor":[70,70,70,70,70,77,77,77,77,77,77,77,77,77,77,77,77,77,77,82,57,57,57,57,57,57,57],"card_choices":[{"not_picked":["Sucker Punch","Outmaneuver"],"picked":"Escape Plan","floor":1},{"not_picked":["Quick Slash","Sucker Punch"],"picked":"Dodge and Roll","floor":3},{"not_picked":["Quick Slash","Deflect"],"picked":"Heel Hook","floor":6},{"not_picked":["Dagger Spray","Infinite Blades"],"picked":"Deadly Poison","floor":8},{"not_picked":["Sucker Punch","Blur","Reflex"],"picked":"Flying Knee","floor":11},{"not_picked":["Reflex","Outmaneuver","Escape Plan"],"picked":"Well Laid Plans","floor":12},{"not_picked":["Acrobatics","Blur","Escape Plan"],"picked":"Deadly Poison","floor":14},{"not_picked":["Phantasmal Killer","Night Terror","Burst"],"picked":"Glass Knife","floor":16},{"not_picked":["Sucker Punch","Slice","Backstab"],"picked":"Dagger Spray","floor":17},{"not_picked":["Well Laid Plans","Dodge and Roll","Sucker Punch"],"picked":"Deflect","floor":17},{"not_picked":["Dodge and Roll","Well Laid Plans","Acrobatics"],"picked":"Outmaneuver","floor":17},{"not_picked":["Slice","PiercingWail","Outmaneuver"],"picked":"Poisoned Stab","floor":17},{"not_picked":["Die Die Die","Outmaneuver","Blade Dance"],"picked":"Finisher","floor":17},{"not_picked":["PiercingWail+1","Expertise","Deflect"],"picked":"Poisoned Stab+1","floor":18},{"not_picked":["Quick Slash","Deflect","Underhanded Strike"],"picked":"Slice","floor":24}],"player_experience":32426,"relics_obtained":[{"floor":6,"key":"Strawberry"},{"floor":8,"key":"Question Card"},{"floor":9,"key":"Omamori"},{"floor":12,"key":"Potion Belt"},{"floor":19,"key":"Enchiridion"},{"floor":22,"key":"Boot"},{"floor":26,"key":"War Paint"}],"event_choices":[{"cards_removed":["Defend_G"],"damage_healed":0,"gold_gain":0,"player_choice":"Card Removal","damage_taken":0,"max_hp_gain":0,"max_hp_loss":0,"event_name":"The Cleric","floor":2,"gold_loss":50},{"damage_healed":0,"gold_gain":0,"player_choice":"Entered Light","damage_taken":14,"max_hp_gain":0,"max_hp_loss":0,"event_name":"Shining Light","floor":4,"gold_loss":0,"cards_upgraded":["Defend_G","Defend_G"]},{"damage_healed":0,"gold_gain":0,"player_choice":"Ignored","damage_taken":0,"max_hp_gain":0,"max_hp_loss":0,"event_name":"Liars Game","floor":5,"gold_loss":0},{"damage_healed":0,"gold_gain":0,"player_choice":"Obtained Book","damage_taken":16,"max_hp_gain":0,"max_hp_loss":0,"event_name":"Cursed Tome","floor":19,"gold_loss":0},{"damage_healed":0,"gold_gain":0,"player_choice":"Shed Blood","damage_taken":19,"max_hp_gain":5,"max_hp_loss":0,"event_name":"Forgotten Altar","floor":20,"gold_loss":0},{"damage_healed":0,"gold_gain":0,"player_choice":"Became a vampire","damage_taken":0,"max_hp_gain":0,"max_hp_loss":25,"event_name":"Vampires","floor":21,"gold_loss":0,"cards_obtained":["Bite","Bite","Bite","Bite","Bite"]}],"is_beta":false,"boss_relics":[{"not_picked":["Ring of the Serpent","Ectoplasm"],"picked":"Orrery"}],"items_purged_floors":[],"is_endless":false,"potions_floor_spawned":[11,12],"killed_by":"Sentry and Sphere","ascension_level":0}