{"gold_per_floor":[19,19,29,204,154,188,15,15,42,42],"floor_reached":10,"playtime":296,"items_purged":["Defend_R"],"score":102,"play_id":"371b9f91-68c0-411d-83d6-c11ec7247bbf","local_time":"20190428123343","is_ascension_mode":true,"campfire_choices":[{"data":"Dual Wield","floor":8,"key":"SMITH"}],"neow_cost":"NO_GOLD","seed_source_timestamp":11717065598814,"circlet_count":0,"master_deck":["Strike_R","Strike_R","Strike_R","Strike_R","Defend_R","Defend_R","Defend_R","Bash","Dual Wield+1","Seeing Red","Trip"],"relics":["Burning Blood","Unceasing Top","Ancient Tea Set"],"potions_floor_usage":[6],"damage_taken":[{"damage":0,"enemies":"Small Slimes","floor":1,"turns":3},{"damage":14,"enemies":"Jaw Worm","floor":3,"turns":5},{"damage":50,"enemies":"3 Sentries","floor":6,"turns":10},{"damage":63,"enemies":"Lagavulin","floor":10,"turns":7}],"seed_played":"648816256620756750","potions_obtained":[{"floor":1,"key":"Fire Potion"}],"is_trial":false,"path_per_floor":["M","?","M","?","?","E","$","R","T","E"],"character_chosen":"IRONCLAD","items_purchased":["Trip"],"campfire_rested":0,"item_purchase_floors":[7],"current_hp_per_floor":[96,96,88,88,88,44,44,44,44,0],"gold":42,"neow_bonus":"TWENTY_PERCENT_HP_BONUS","is_prod":false,"is_daily":false,"chose_seed":false,"campfire_upgraded":1,"win_rate":0,"timestamp":1556472823,"path_taken":["M","?","M","?","?","E","$","R","T","E"],"build_version":"2019-01-23","purchased_purges":1,"victory":false,"max_hp_per_floor":[96,96,96,96,96,96,96,96,96,96],"card_choices":[{"not_picked":["Thunderclap","Pommel Strike"],"picked":"Dual Wield","floor":1},{"not_picked":["Hemokinesis","Armaments","Heavy Blade"],"picked":"SKIP","floor":3},{"not_picked":["Headbutt","Sentinel"],"picked":"Seeing Red","floor":6}],"player_experience":116526,"relics_obtained":[{"floor":6,"key":"Unceasing Top"},{"floor":9,"key":"Ancient Tea Set"}],"event_choices":[{"cards_removed":["Strike_R"],"damage_healed":0,"gold_gain":0,"player_choice":"Forget","damage_taken":0,"max_hp_gain":0,"max_hp_loss":0,"event_name":"Living Wall","floor":2,"gold_loss":0},{"damage_healed":0,"gold_gain":175,"player_choice":"AGREE","damage_taken":0,"max_hp_gain":0,"max_hp_loss":0,"event_name":"Liars Game","floor":4,"gold_loss":0,"cards_obtained":["Doubt"]},{"cards_removed":["Doubt"],"damage_healed":0,"gold_gain":0,"player_choice":"Card Removal","damage_taken":0,"max_hp_gain":0,"max_hp_loss":0,"event_name":"The Cleric","floor":5,"gold_loss":50}],"is_beta":false,"boss_relics":[],"items_purged_floors":[7],"is_endless":false,"potions_floor_spawned":[1],"killed_by":"Lagavulin","ascension_level":4}