{"gold_per_floor":[114,114,40,40,59,90,106,106,129,129,129,139,152,1,1,99,99,109,109,128,35,49,74,74,86,156,172,172,172],"floor_reached":29,"playtime":3135,"items_purged":[],"score":245,"play_id":"fa24a417-1e1d-472e-b692-7e1a2a26f678","local_time":"20190513194545","is_ascension_mode":false,"campfire_choices":[{"floor":11,"key":"REST"},{"floor":15,"key":"REST"}],"neow_cost":"NONE","seed_source_timestamp":689273659438700,"circlet_count":0,"master_deck":["Defend_G","Defend_G","Defend_G","Defend_G","Defend_G","Strike_G","Strike_G","Strike_G","Strike_G","Strike_G","Survivor","Neutralize+1","Caltrops","Footwork","Crippling Poison","Bullet Time+1","Cloak And Dagger","Noxious Fumes","Well Laid Plans","Burst","PiercingWail","Sucker Punch","Dodge and Roll","Dodge and Roll","PiercingWail+1","Poisoned Stab"],"relics":["Ring of the Snake","Oddly Smooth Stone","Strawberry","StoneCalendar","Lantern","Busted Crown","Toxic Egg 2","Paper Crane","Ornamental Fan"],"potions_floor_usage":[16,23,23,29],"damage_taken":[{"damage":2,"enemies":"Small Slimes","floor":1,"turns":5},{"damage":10,"enemies":"2 Louse","floor":5,"turns":4},{"damage":47,"enemies":"Gremlin Nob","floor":6,"turns":6},{"damage":0,"enemies":"Jaw Worm","floor":7,"turns":4},{"damage":11,"enemies":"Exordium Thugs","floor":12,"turns":7},{"damage":0,"enemies":"Red Slaver","floor":13,"turns":4},{"damage":17,"enemies":"The Guardian","floor":16,"turns":10},{"damage":15,"enemies":"Spheric Guardian","floor":18,"turns":6},{"damage":12,"enemies":"Chosen","floor":20,"turns":7},{"damage":13,"enemies":"Snecko","floor":22,"turns":7},{"damage":16,"enemies":"Book of Stabbing","floor":23,"turns":6},{"damage":12,"enemies":"3 Cultists","floor":25,"turns":7},{"damage":0,"enemies":"Centurion and Healer","floor":27,"turns":8},{"damage":22,"enemies":"Sentry and Sphere","floor":29,"turns":6}],"seed_played":"-1976557806786894184","potions_obtained":[{"floor":12,"key":"LiquidBronze"},{"floor":13,"key":"EssenceOfSteel"},{"floor":16,"key":"Explosive Potion"},{"floor":18,"key":"PowerPotion"},{"floor":20,"key":"FairyPotion"},{"floor":23,"key":"SteroidPotion"},{"floor":27,"key":"FearPotion"}],"is_trial":false,"path_per_floor":["M","?","$","?","M","E","M","?","T","T","R","M","M","$","R","B",null,"M","?","M","$","M","E","T","M","T","M","?","M"],"character_chosen":"THE_SILENT","items_purchased":["Footwork","Lantern","Sucker Punch","Dodge and Roll"],"campfire_rested":2,"item_purchase_floors":[3,14,21,21],"current_hp_per_floor":[68,68,68,68,58,11,11,34,41,41,64,53,53,53,76,59,77,62,62,50,50,37,21,21,9,9,9,9,0],"gold":172,"neow_bonus":"UPGRADE_CARD","is_prod":false,"is_daily":false,"chose_seed":false,"campfire_upgraded":0,"win_rate":0.0,"timestamp":1557791145,"path_taken":["M","?","$","?","M","E","M","?","T","?","R","M","M","$","R","BOSS","M","?","M","$","M","E","?","M","T","?","?","?"],"build_version":"2019-01-23","purchased_purges":0,"victory":false,"max_hp_per_floor":[70,70,70,70,70,70,70,70,77,77,77,77,77,77,77,77,77,77,77,77,77,77,77,77,77,77,77,77,77],"card_choices":[{"not_picked":["Prepared","Dagger Throw"],"picked":"Caltrops","floor":1},{"not_picked":["PiercingWail","Dodge and Roll"],"picked":"Crippling Poison","floor":5},{"not_picked":["Well Laid Plans","Backflip"],"picked":"Bullet Time","floor":6},{"not_picked":["Quick Slash","Backstab"],"picked":"Cloak And Dagger","floor":7},{"not_picked":["Skewer","Finisher"],"picked":"Noxious Fumes","floor":12},{"not_picked":["Reflex","Bane"],"picked":"Well Laid Plans","floor":13},{"not_picked":["Bullet Time","Malaise"],"picked":"Burst","floor":16},{"not_picked":[],"picked":"PiercingWail","floor":18},{"not_picked":["Blade Dance"],"picked":"SKIP","floor":20},{"not_picked":[],"picked":"Dodge and Roll","floor":22},{"not_picked":["Infinite Blades"],"picked":"SKIP","floor":23},{"not_picked":[],"picked":"PiercingWail+1","floor":25},{"not_picked":[],"picked":"Poisoned Stab","floor":27}],"player_experience":87177,"relics_obtained":[{"floor":6,"key":"Oddly Smooth Stone"},{"floor":9,"key":"Strawberry"},{"floor":10,"key":"StoneCalendar"},{"floor":23,"key":"Toxic Egg 2"},{"floor":24,"key":"Paper Crane"},{"floor":26,"key":"Ornamental Fan"}],"event_choices":[{"damage_healed":0,"gold_gain":0,"player_choice":"Ignored","damage_taken":0,"max_hp_gain":0,"max_hp_loss":0,"event_name":"Liars Game","floor":2,"gold_loss":0},{"damage_healed":0,"gold_gain":0,"player_choice":"Leave","damage_taken":0,"max_hp_gain":0,"max_hp_loss":0,"event_name":"The Cleric","floor":4,"gold_loss":0},{"damage_healed":23,"gold_gain":0,"player_choice":"Banana","damage_taken":0,"max_hp_gain":0,"max_hp_loss":0,"event_name":"Big Fish","floor":8,"gold_loss":0},{"damage_healed":0,"gold_gain":0,"player_choice":"Ignored","damage_taken":0,"max_hp_gain":0,"max_hp_loss":0,"event_name":"Ghosts","floor":19,"gold_loss":0},{"damage_healed":0,"gold_gain":0,"player_choice":"Forge","damage_taken":0,"max_hp_gain":0,"max_hp_loss":0,"event_name":"Accursed Blacksmith","floor":28,"gold_loss":0,"cards_upgraded":["Bullet Time"]}],"is_beta":false,"boss_relics":[{"not_picked":["Lizard Tail","Black Star"],"picked":"Busted Crown"}],"items_purged_floors":[],"is_endless":false,"potions_floor_spawned":[12,13,16,18,20,23,27],"killed_by":"Sentry and Sphere","ascension_level":0}