{"path_per_floor":["M","$","?","?","M","E","R","M","T","?","E","M","E","M","R","B",null,"M","?","?","$","?","M","E","R","T","R","M","E","M","M","R","B",null,"M","?","?","M","?","E","$","?","T","R","M","R","M","M","R","B"],"character_chosen":"IRONCLAD","items_purchased":["Shovel","Unceasing Top","Toxic Egg 2"],"gold_per_floor":[314,239,239,239,251,286,286,299,299,299,338,354,387,408,408,533,533,553,553,803,703,703,724,758,758,758,758,783,827,851,870,870,989,1027,1042,1042,1042,1061,1061,1100,113,113,113,113,133,133,157,172,172,172],"floor_reached":51,"campfire_rested":1,"playtime":2559,"current_hp_per_floor":[80,80,77,77,80,50,50,50,50,56,45,46,21,14,39,28,86,68,68,74,74,74,66,68,68,68,68,68,55,61,63,63,34,97,86,86,86,87,103,83,83,83,83,83,85,85,84,82,82,42],"items_purged":["Strike_R","Strike_R","Writhe"],"gold":172,"score":635,"play_id":"f89fc479-290c-4fde-9dbc-f9b96804e0ab","is_prod":false,"is_daily":false,"is_ascension_mode":false,"campfire_upgraded":5,"path_taken":["M","$","?","?","M","E","R","M","T","?","E","M","E","M","R","BOSS","M","?","?","$","?","M","E","R","T","R","M","E","M","M","R","BOSS","M","?","?","M","?","E","$","?","T","R","M","R","M","M","R","BOSS"],"build_version":"2018-02-16-BETA2","purchased_purges":3,"victory":true,"master_deck":["Strike_R","Strike_R","Strike_R","Defend_R","Defend_R","Defend_R","Bash","Rampage+1","Headbutt","Inflame+1","Injury","Battle Trance","Pummel","Offering","Blood for Blood","Fiend Fire+1","Battle Trance+1","Infernal Blade+1","Berserk+1","Pommel Strike","Cleave+1","Flex","Spot Weakness","Double Tap+1","Battle Trance","Shockwave+1","True Grit+1","Double Tap+1","Sword Boomerang+1","Seeing Red+1"],"max_hp_per_floor":[80,80,80,80,80,80,80,80,80,86,86,86,86,86,86,86,86,86,86,92,92,92,92,92,92,92,92,92,92,92,92,92,92,97,97,97,97,97,103,103,103,103,103,103,103,103,103,103,103,103],"relics":["Burning Blood","Old Coin","Darkstone Periapt","Gremlin Horn","Champion Belt","Golden Idol","Dead Branch","Peace Pipe","Sozu","Kunai","Prayer Wheel","Anchor","Tiny House","Toolbox","Shovel","Unceasing Top","Toxic Egg 2","Pantograph","Pen Nib","Happy Flower"],"card_choices":[{"not_picked":["Headbutt","Shrug It Off"],"picked":"Rampage"},{"not_picked":["Fire Breathing","Headbutt"],"picked":"Inflame"},{"not_picked":["Intimidate","Cleave"],"picked":"Battle Trance"},{"not_picked":["Corruption","Whirlwind"],"picked":"Pummel"},{"not_picked":["Burning Pact","Cleave"],"picked":"Offering"},{"not_picked":["Thunderclap","Clothesline"],"picked":"Blood for Blood"},{"not_picked":["Reaper","Feed"],"picked":"Fiend Fire"},{"not_picked":["Sentinel","Dropkick"],"picked":"Infernal Blade"},{"not_picked":["Wild Strike","Sword Boomerang"],"picked":"Berserk"},{"not_picked":["Sword Boomerang","Thunderclap"],"picked":"Pommel Strike"},{"not_picked":["Immolate","Heavy Blade"],"picked":"Cleave"},{"not_picked":["Intimidate","Disarm"],"picked":"Flex"},{"not_picked":["Flex","Disarm"],"picked":"Spot Weakness"},{"not_picked":["Dark Embrace","Feed"],"picked":"Double Tap"},{"not_picked":["Headbutt","Fire Breathing"],"picked":"Battle Trance"},{"not_picked":["True Grit","Warcry"],"picked":"Shockwave"},{"not_picked":["Havoc","Anger"],"picked":"True Grit"},{"not_picked":["Heavy Blade","Ghostly Armor"],"picked":"Double Tap"},{"not_picked":["Cleave","Wild Strike"],"picked":"Sword Boomerang"},{"not_picked":["Heavy Blade","Havoc"],"picked":"Seeing Red"}],"player_experience":98253,"potions_floor_usage":[16],"damage_taken":[{"damage":2,"enemies":"Small Slimes","floor":1,"turns":4},{"damage":1,"enemies":"Jaw Worm","floor":5,"turns":3},{"damage":36,"enemies":"Lagavulin","floor":6,"turns":6},{"damage":6,"enemies":"Cultist","floor":8,"turns":3},{"damage":17,"enemies":"3 Sentries","floor":11,"turns":7},{"damage":5,"enemies":"Looter","floor":12,"turns":2},{"damage":31,"enemies":"Lagavulin","floor":13,"turns":6},{"damage":13,"enemies":"Blue Slaver","floor":14,"turns":3},{"damage":29,"enemies":"Hexaghost","floor":16,"turns":6},{"damage":24,"enemies":"2 Thieves","floor":18,"turns":2},{"damage":14,"enemies":"Shell Parasite","floor":23,"turns":2},{"damage":4,"enemies":"Slavers","floor":24,"turns":2},{"damage":6,"enemies":"Centurion and Healer","floor":28,"turns":2},{"damage":19,"enemies":"Book of Stabbing","floor":29,"turns":3},{"damage":0,"enemies":"Snecko","floor":30,"turns":4},{"damage":4,"enemies":"3 Cultists","floor":31,"turns":2},{"damage":35,"enemies":"Collector","floor":33,"turns":4},{"damage":17,"enemies":"3 Darklings","floor":35,"turns":4},{"damage":5,"enemies":"Orb Walker","floor":38,"turns":2},{"damage":26,"enemies":"2 Orb Walkers","floor":40,"turns":5},{"damage":4,"enemies":"Flame Bruiser 2 Orb","floor":45,"turns":3},{"damage":7,"enemies":"3 Darklings","floor":47,"turns":2},{"damage":8,"enemies":"4 Shapes","floor":48,"turns":2},{"damage":77,"enemies":"Time Eater","floor":50,"turns":8}],"event_choices":[{"event_name":"Scrap Ooze","player_choice":"success","floor":3,"damage_taken":3},{"event_name":"Transmorgrifier","player_choice":"Transform","floor":4,"damage_taken":0},{"event_name":"Golden Idol","player_choice":"Take Wound","floor":10,"damage_taken":0},{"event_name":"The Library","player_choice":"Read","floor":19,"damage_taken":0},{"event_name":"Golden Shrine","player_choice":"Desecrate","floor":20,"damage_taken":0},{"event_name":"Purifier","player_choice":"One Purge","floor":22,"damage_taken":0},{"event_name":"The Woman in Blue","player_choice":"Bought 0 Potions","floor":36,"damage_taken":0},{"event_name":"Tomb of Lord Red Mask","player_choice":"Ignored","floor":37,"damage_taken":0},{"event_name":"Winding Halls","player_choice":"Writhe","floor":39,"damage_taken":0},{"event_name":"The Moai Head","player_choice":"Ignored","floor":42,"damage_taken":0}],"boss_relics":[{"not_picked":["Ectoplasm","Runic Cube"],"picked":"Sozu"},{"not_picked":["Runic Dome","Snecko Eye"],"picked":"Tiny House"}],"potions_floor_spawned":[6,12,14,16,29,30,33,35,38,45,48],"seed_played":"-3091059455372227480","ascension_level":0,"is_trial":false}