{"gold_per_floor":[20,39,59,20,36,68,68,68,68,68,118,132,458,458],"floor_reached":14,"playtime":459,"items_purged":[],"score":200,"play_id":"b63f0455-2be2-4a32-b855-3968c52edce4","local_time":"20190212005207","is_ascension_mode":true,"campfire_choices":[{"floor":8.0,"key":"REST"},{"data":"Body Slam","floor":10.0,"key":"SMITH"}],"neow_cost":"NO_GOLD","seed_source_timestamp":2366857224081275,"circlet_count":0,"master_deck":["AscendersBane","Strike_R","Strike_R","Strike_R","Strike_R","Strike_R","Defend_R","Defend_R","Defend_R","Defend_R","Bash","Shockwave","Body Slam+1","Evolve","Shrug It Off","Metallicize","Spot Weakness"],"special_seed":0,"relics":["Burning Blood","Turnip","Calipers","Mango","Old Coin"],"potions_floor_usage":[],"damage_taken":[{"damage":10.0,"enemies":"Small Slimes","floor":1.0,"turns":4.0},{"damage":9.0,"enemies":"Jaw Worm","floor":2.0,"turns":3.0},{"damage":0.0,"enemies":"Cultist","floor":3.0,"turns":4.0},{"damage":20.0,"enemies":"Red Slaver","floor":5.0,"turns":5.0},{"damage":48.0,"enemies":"Lagavulin","floor":6.0,"turns":10.0},{"damage":7.0,"enemies":"Large Slime","floor":12.0,"turns":8.0},{"damage":28.0,"enemies":"3 Sentries","floor":13.0,"turns":8.0},{"damage":24,"enemies":"Exordium Thugs","floor":14,"turns":5}],"seed_played":"2483738957703235587","potions_obtained":[{"floor":3.0,"key":"Explosive Potion"},{"floor":5.0,"key":"Fire Potion"},{"floor":6.0,"key":"Ancient Potion"},{"floor":13.0,"key":"AttackPotion"}],"is_trial":false,"path_per_floor":["M","M","M","$","M","E","?","R","T","R","?","M","E","M"],"character_chosen":"IRONCLAD","items_purchased":["Evolve"],"campfire_rested":1,"item_purchase_floors":[4],"current_hp_per_floor":[64,61,67,67,53,11,11,33,47,47,47,46,24,0],"gold":458,"neow_bonus":"ONE_RARE_RELIC","is_prod":false,"is_daily":false,"chose_seed":false,"campfire_upgraded":1,"win_rate":0,"timestamp":1549903927,"path_taken":["M","M","M","$","M","E","?","R","T","R","?","?","E","M"],"build_version":"2019-01-23","purchased_purges":0,"victory":false,"max_hp_per_floor":[75,75,75,75,75,75,75,75,89,89,89,89,89,89],"card_choices":[{"not_picked":["Shrug It Off","Armaments"],"picked":"Shockwave","floor":1.0},{"not_picked":["Clothesline","Havoc","Uppercut"],"picked":"SKIP","floor":2.0},{"not_picked":["Headbutt","Fire Breathing"],"picked":"Body Slam","floor":3.0},{"not_picked":["Warcry","Heavy Blade"],"picked":"Shrug It Off","floor":5.0},{"not_picked":["Double Tap","Corruption"],"picked":"Metallicize","floor":6.0},{"not_picked":["Warcry","Body Slam","Heavy Blade"],"picked":"SKIP","floor":12.0},{"not_picked":["Dual Wield","True Grit"],"picked":"Spot Weakness","floor":13.0}],"player_experience":882384,"relics_obtained":[{"floor":6.0,"key":"Calipers"},{"floor":9.0,"key":"Mango"},{"floor":13.0,"key":"Old Coin"}],"event_choices":[{"damage_healed":0.0,"max_hp_gain":0.0,"max_hp_loss":0.0,"gold_gain":0.0,"event_name":"Shining Light","player_choice":"Ignored","floor":7.0,"gold_loss":0.0,"damage_taken":0.0},{"damage_healed":0.0,"max_hp_gain":0.0,"max_hp_loss":0.0,"gold_gain":50.0,"event_name":"Golden Shrine","player_choice":"Pray","floor":11.0,"gold_loss":0.0,"damage_taken":0.0}],"is_beta":false,"boss_relics":[],"items_purged_floors":[],"is_endless":false,"potions_floor_spawned":[3,5,6,13],"killed_by":"Exordium Thugs","ascension_level":20}