{"gold_per_floor":[12,12,12,22,22,22,43,43,89,125,140,50,75,111,111,202,202,222,222,237,262,275,275,293,293,320,345,345,270,31,56,56,152,152,170,295,295,313,329,342,342,386,409,434,450,450,463,503,503,503,503,503,503,41,77,77],"floor_reached":57,"playtime":2809,"items_purged":["Doubt","Strike_R","Strike_R"],"score":2961,"play_id":"61f417e4-2286-4806-b976-e8fc68fabb5a","local_time":"20190511012514","is_ascension_mode":true,"campfire_choices":[{"data":"Body Slam","floor":6.0,"key":"SMITH"},{"data":"Bash","floor":8.0,"key":"SMITH"},{"data":"Bloodletting","floor":15.0,"key":"SMITH"},{"data":"Pommel Strike","floor":23.0,"key":"SMITH"},{"data":"Shrug It Off","floor":25.0,"key":"SMITH"},{"data":"Shockwave","floor":28.0,"key":"SMITH"},{"data":"True Grit","floor":32.0,"key":"SMITH"},{"data":"Impatience","floor":41.0,"key":"SMITH"},{"data":"Burning Pact","floor":46.0,"key":"SMITH"},{"floor":49.0,"key":"RECALL"},{"data":"Barricade","floor":53.0,"key":"SMITH"}],"neow_cost":"NO_GOLD","seed_source_timestamp":1350237111537305,"circlet_count":0,"master_deck":["AscendersBane","Defend_R","Defend_R","Defend_R","Defend_R+1","Bash+1","Body Slam+1","Battle Trance+1","Evolve","Impatience+1","Bloodletting+1","Shockwave+1","Juggernaut+1","Pommel Strike+1","Shrug It Off+1","True Grit+1","Feel No Pain","Barricade+1","Burning Pact+1","Shrug It Off","Second Wind","Regret"],"special_seed":0,"relics":["Burning Blood","Golden Idol","War Paint","Odd Mushroom","Bronze Scales","Cursed Key","Bag of Preparation","Mark of Pain","Mango","FossilizedHelix","Pocketwatch","Mummified Hand","Incense Burner"],"potions_floor_usage":[56,56],"damage_taken":[{"damage":0.0,"enemies":"Small Slimes","floor":1.0,"turns":4.0},{"damage":4.0,"enemies":"Jaw Worm","floor":4.0,"turns":5.0},{"damage":0.0,"enemies":"2 Louse","floor":7.0,"turns":3.0},{"damage":13.0,"enemies":"The Mushroom Lair","floor":10.0,"turns":6.0},{"damage":5.0,"enemies":"2 Fungi Beasts","floor":11.0,"turns":4.0},{"damage":9.0,"enemies":"Exordium Wildlife","floor":13.0,"turns":5.0},{"damage":18.0,"enemies":"Lagavulin","floor":14.0,"turns":7.0},{"damage":15.0,"enemies":"Hexaghost","floor":16.0,"turns":8.0},{"damage":1.0,"enemies":"3 Byrds","floor":18.0,"turns":3.0},{"damage":13.0,"enemies":"Spheric Guardian","floor":20.0,"turns":4.0},{"damage":30.0,"enemies":"3 Cultists","floor":21.0,"turns":5.0},{"damage":4.0,"enemies":"Chosen and Byrds","floor":22.0,"turns":6.0},{"damage":16.0,"enemies":"Centurion and Healer","floor":24.0,"turns":7.0},{"damage":3.0,"enemies":"3 Cultists","floor":27.0,"turns":5.0},{"damage":2.0,"enemies":"Snake Plant","floor":31.0,"turns":5.0},{"damage":22.0,"enemies":"Champ","floor":33.0,"turns":10.0},{"damage":14.0,"enemies":"3 Darklings","floor":35.0,"turns":3.0},{"damage":3.0,"enemies":"Mind Bloom Boss Battle","floor":36.0,"turns":4.0},{"damage":0.0,"enemies":"Orb Walker","floor":38.0,"turns":4.0},{"damage":2.0,"enemies":"Writhing Mass","floor":39.0,"turns":5.0},{"damage":9.0,"enemies":"Jaw Worm Horde","floor":40.0,"turns":5.0},{"damage":0.0,"enemies":"Nemesis","floor":42.0,"turns":5.0},{"damage":0.0,"enemies":"4 Shapes","floor":44.0,"turns":4.0},{"damage":0.0,"enemies":"Sphere and 2 Shapes","floor":45.0,"turns":4.0},{"damage":0.0,"enemies":"Jaw Worm Horde","floor":47.0,"turns":5.0},{"damage":18.0,"enemies":"Reptomancer","floor":48.0,"turns":5.0},{"damage":4.0,"enemies":"Time Eater","floor":50.0,"turns":6.0},{"damage":3.0,"enemies":"Donu and Deca","floor":51.0,"turns":4.0},{"damage":0.0,"enemies":"Shield and Spear","floor":55.0,"turns":3.0},{"damage":9,"enemies":"The Heart","floor":56,"turns":7}],"seed_played":"-2046269300593284902","potions_obtained":[{"floor":1.0,"key":"SkillPotion"},{"floor":7.0,"key":"SteroidPotion"},{"floor":14.0,"key":"Dexterity Potion"},{"floor":20.0,"key":"PowerPotion"},{"floor":22.0,"key":"Weak Potion"},{"floor":27.0,"key":"Dexterity Potion"},{"floor":33.0,"key":"PowerPotion"},{"floor":38.0,"key":"Strength Potion"},{"floor":39.0,"key":"PowerPotion"},{"floor":42.0,"key":"LiquidBronze"},{"floor":45.0,"key":"Energy Potion"}],"is_trial":false,"path_per_floor":["M","?","?","M","?","R","M","R","T","?","M","$","M","E","R","B",null,"M","?","M","M","M","R","M","R","T","M","R","$","$","M","R","B",null,"M","?","?","M","M","M","R","E","T","M","M","R","M","E","R","B","B",null,"R","$","E","B",null],"character_chosen":"IRONCLAD","items_purchased":["Impatience","True Grit","Feel No Pain","Mummified Hand","Dexterity Potion"],"campfire_rested":0,"item_purchase_floors":[12,30,30,54,54],"current_hp_per_floor":[74,74,67,69,68,68,68,68,68,61,62,62,59,47,47,38,61,66,66,59,35,37,37,27,27,27,30,30,30,30,34,34,18,56,48,65,65,71,75,72,72,78,78,82,82,82,82,70,70,72,75,80,80,80,82,79],"gold":77,"neow_bonus":"TRANSFORM_TWO_CARDS","is_prod":false,"is_daily":false,"chose_seed":false,"campfire_upgraded":10,"win_rate":0,"timestamp":1557509114,"path_taken":["M","?","?","M","?","R","M","R","T","?","M","$","M","E","R","BOSS","M","?","M","?","M","R","M","R","T","M","R","?","$","M","R","BOSS","M","?","?","?","M","M","R","E","T","M","?","R","?","E","R","BOSS","BOSS","R","$","E","BOSS"],"build_version":"2019-01-23","purchased_purges":3,"victory":true,"max_hp_per_floor":[75,75,75,75,68,68,68,68,68,68,68,68,68,68,68,68,68,68,68,68,68,68,68,68,68,68,68,68,68,68,68,68,68,68,68,82,82,82,82,82,82,82,82,82,82,82,82,82,82,82,82,82,82,82,82,82],"card_choices":[{"not_picked":["Warcry","Reckless Charge"],"picked":"Battle Trance","floor":1.0},{"not_picked":["Perfected Strike","Heavy Blade","Cleave"],"picked":"SKIP","floor":4.0},{"not_picked":["Warcry","Rage"],"picked":"Evolve","floor":7.0},{"not_picked":["Corruption","Iron Wave","Uppercut"],"picked":"SKIP","floor":11.0},{"not_picked":["Clash","Perfected Strike"],"picked":"Bloodletting","floor":13.0},{"not_picked":["Clash","Flame Barrier"],"picked":"Shockwave","floor":14.0},{"not_picked":["Limit Break","Reaper"],"picked":"Juggernaut","floor":16.0},{"not_picked":["Havoc","Uppercut","Infernal Blade"],"picked":"SKIP","floor":18.0},{"not_picked":["Clothesline","Iron Wave"],"picked":"Pommel Strike","floor":20.0},{"not_picked":["Anger","Pummel","Heavy Blade"],"picked":"SKIP","floor":21.0},{"not_picked":["Flame Barrier+1","Reckless Charge"],"picked":"Shrug It Off","floor":22.0},{"not_picked":["Thunderclap","Combust","Exhume"],"picked":"SKIP","floor":24.0},{"not_picked":["Hemokinesis","Body Slam","Iron Wave"],"picked":"SKIP","floor":27.0},{"not_picked":["Sword Boomerang","Flex","Sentinel"],"picked":"SKIP","floor":31.0},{"not_picked":["Brutality","Feed"],"picked":"Barricade","floor":33.0},{"not_picked":["Armaments","Thunderclap","Body Slam"],"picked":"SKIP","floor":35.0},{"not_picked":["Clash","Flex"],"picked":"Shrug It Off","floor":38.0},{"not_picked":["Clash","Bludgeon"],"picked":"Second Wind","floor":39.0},{"not_picked":["Wild Strike","Headbutt","Intimidate"],"picked":"SKIP","floor":40.0},{"not_picked":["Heavy Blade+1","Infernal Blade","True Grit"],"picked":"SKIP","floor":42.0},{"not_picked":["Clothesline","Intimidate+1","Dual Wield"],"picked":"SKIP","floor":44.0},{"not_picked":["Uppercut+1","Sword Boomerang","Anger"],"picked":"SKIP","floor":45.0},{"not_picked":["Cleave","Dual Wield","Rupture+1"],"picked":"SKIP","floor":47.0},{"not_picked":["Blood for Blood+1","Clash","Barricade"],"picked":"SKIP","floor":48.0},{"not_picked":["Perfected Strike","Anger","Heavy Blade"],"picked":"SKIP","floor":55.0}],"player_experience":1920127,"relics_obtained":[{"floor":9.0,"key":"War Paint"},{"floor":10.0,"key":"Odd Mushroom"},{"floor":14.0,"key":"Bronze Scales"},{"floor":26.0,"key":"Bag of Preparation"},{"floor":36.0,"key":"Mango"},{"floor":42.0,"key":"FossilizedHelix"},{"floor":48.0,"key":"Pocketwatch"},{"floor":55.0,"key":"Incense Burner"}],"event_choices":[{"damage_healed":0.0,"max_hp_gain":0.0,"max_hp_loss":0.0,"gold_gain":0.0,"event_name":"The Cleric","player_choice":"Leave","floor":2.0,"gold_loss":0.0,"damage_taken":0.0},{"cards_removed":["Brutality"],"damage_healed":0.0,"max_hp_gain":0.0,"max_hp_loss":0.0,"gold_gain":0.0,"event_name":"Golden Wing","player_choice":"Card Removal","floor":3.0,"gold_loss":0.0,"damage_taken":7.0},{"damage_healed":0.0,"max_hp_gain":0.0,"max_hp_loss":7.0,"gold_gain":0.0,"event_name":"Golden Idol","player_choice":"Lose Max HP","floor":5.0,"gold_loss":0.0,"damage_taken":0.0,"relics_obtained":["Golden Idol"]},{"damage_healed":0.0,"max_hp_gain":0.0,"max_hp_loss":0.0,"gold_gain":0.0,"event_name":"Mushrooms","player_choice":"Fought Mushrooms","floor":10.0,"gold_loss":0.0,"damage_taken":0.0},{"damage_healed":0.0,"max_hp_gain":0.0,"max_hp_loss":0.0,"gold_gain":0.0,"event_name":"Upgrade Shrine","player_choice":"Upgraded","floor":19.0,"gold_loss":0.0,"damage_taken":0.0,"cards_upgraded":["Juggernaut"]},{"damage_healed":0.0,"max_hp_gain":0.0,"max_hp_loss":0.0,"gold_gain":0.0,"event_name":"MindBloom","player_choice":"Fight","floor":36.0,"gold_loss":0.0,"damage_taken":0.0},{"damage_healed":0.0,"max_hp_gain":0.0,"max_hp_loss":0.0,"gold_gain":0.0,"cards_transformed":["Strike_R"],"event_name":"Transmorgrifier","player_choice":"Transformed","floor":37.0,"gold_loss":0.0,"damage_taken":0.0,"cards_obtained":["Burning Pact"]}],"is_beta":false,"boss_relics":[{"not_picked":["Fusion Hammer","Busted Crown"],"picked":"Cursed Key"},{"not_picked":["Velvet Choker","Coffee Dripper"],"picked":"Mark of Pain"}],"items_purged_floors":[29,30,54],"is_endless":false,"potions_floor_spawned":[1,7,13,14,20,22,27,33,38,39,42,45,47,55],"ascension_level":20}