{"gold_per_floor":[115,115,127,139,64,89,89,114,114,114,164,181,200,217,217,291,291,307,307,307,267],"floor_reached":21,"playtime":628,"items_purged":["Strike_G"],"score":378,"play_id":"1a9d20b8-aa03-4589-b020-38c628f8d9e7","local_time":"20190507225317","is_ascension_mode":true,"campfire_choices":[{"floor":7.0,"key":"REST"},{"floor":10.0,"key":"REST"},{"data":"Deadly Poison","floor":15.0,"key":"SMITH"}],"neow_cost":"NONE","seed_source_timestamp":202644121505874,"circlet_count":0,"master_deck":["AscendersBane","Defend_G","Defend_G","Defend_G","Defend_G","Defend_G","Strike_G","Strike_G","Strike_G","Strike_G","Survivor","Neutralize","Poisoned Stab+1","Dagger Throw","Deadly Poison+1","Escape Plan","Deadly Poison+1","Backstab","Predator","Night Terror+1","A Thousand Cuts"],"special_seed":0,"relics":["Ring of the Snake","Peace Pipe","Mummified Hand","Toxic Egg 2","Fusion Hammer"],"potions_floor_usage":[21],"damage_taken":[{"damage":6.0,"enemies":"Small Slimes","floor":1.0,"turns":8.0},{"damage":0.0,"enemies":"2 Louse","floor":3.0,"turns":3.0},{"damage":0.0,"enemies":"Cultist","floor":4.0,"turns":3.0},{"damage":27.0,"enemies":"Lagavulin","floor":6.0,"turns":8.0},{"damage":33.0,"enemies":"Gremlin Nob","floor":8.0,"turns":4.0},{"damage":0.0,"enemies":"Large Slime","floor":12.0,"turns":5.0},{"damage":8.0,"enemies":"Red Slaver","floor":13.0,"turns":4.0},{"damage":0.0,"enemies":"Blue Slaver","floor":14.0,"turns":2.0},{"damage":22.0,"enemies":"Slime Boss","floor":16.0,"turns":10.0},{"damage":30.0,"enemies":"Shell Parasite","floor":18.0,"turns":6.0},{"damage":8.0,"enemies":"Colosseum Slavers","floor":19.0,"turns":5.0},{"damage":12,"enemies":"2 Thieves","floor":21,"turns":1}],"seed_played":"5373990290614548075","potions_obtained":[{"floor":0.0,"key":"EntropicBrew"},{"floor":0.0,"key":"GhostInAJar"},{"floor":4.0,"key":"Energy Potion"},{"floor":8.0,"key":"FearPotion"},{"floor":18.0,"key":"SkillPotion"}],"is_trial":false,"path_per_floor":["M","?","M","M","$","E","R","E","T","R","?","M","M","M","R","B",null,"M","?","?","M"],"character_chosen":"THE_SILENT","items_purchased":[],"campfire_rested":2,"item_purchase_floors":[],"current_hp_per_floor":[53,53,53,53,53,26,45,12,12,31,31,31,23,23,23,1,50,20,12,12,0],"gold":267,"neow_bonus":"THREE_SMALL_POTIONS","is_prod":false,"is_daily":false,"chose_seed":false,"campfire_upgraded":1,"win_rate":0,"timestamp":1557280397,"path_taken":["M","?","M","M","$","E","R","E","T","R","?","M","?","M","R","BOSS","M","?","?","M"],"build_version":"2019-01-23","purchased_purges":1,"victory":false,"max_hp_per_floor":[66,66,66,66,66,66,66,66,66,66,66,66,66,66,66,66,66,66,66,66,66],"card_choices":[{"not_picked":["Backflip","Skewer"],"picked":"Poisoned Stab","floor":1.0},{"not_picked":["Heel Hook","Sucker Punch"],"picked":"Dagger Throw","floor":3.0},{"not_picked":["Quick Slash","Outmaneuver","Backflip"],"picked":"SKIP","floor":4.0},{"not_picked":["Quick Slash","Outmaneuver","Backflip"],"picked":"SKIP","floor":4.0},{"not_picked":["Escape Plan","Finisher"],"picked":"Deadly Poison","floor":6.0},{"not_picked":["Choke","Predator"],"picked":"Escape Plan","floor":8.0},{"not_picked":["Concentrate+1","Dagger Throw"],"picked":"Deadly Poison+1","floor":12.0},{"not_picked":["Deadly Poison+1","PiercingWail+1"],"picked":"Backstab","floor":13.0},{"not_picked":["Quick Slash","Poisoned Stab"],"picked":"Predator","floor":14.0},{"not_picked":["Unload","Glass Knife"],"picked":"Night Terror+1","floor":16.0},{"not_picked":["Deadly Poison+1","Bane+1","Underhanded Strike+1"],"picked":"SKIP","floor":18.0}],"player_experience":2283967,"relics_obtained":[{"floor":6.0,"key":"Peace Pipe"},{"floor":8.0,"key":"Mummified Hand"},{"floor":9.0,"key":"Toxic Egg 2"}],"event_choices":[{"damage_healed":0.0,"max_hp_gain":0.0,"max_hp_loss":0.0,"gold_gain":0.0,"event_name":"Living Wall","player_choice":"Grow","floor":2.0,"gold_loss":0.0,"damage_taken":0.0,"cards_upgraded":["Poisoned Stab"]},{"damage_healed":0.0,"max_hp_gain":0.0,"max_hp_loss":0.0,"gold_gain":50.0,"event_name":"Golden Shrine","player_choice":"Pray","floor":11.0,"gold_loss":0.0,"damage_taken":0.0},{"damage_healed":0.0,"max_hp_gain":0.0,"max_hp_loss":0.0,"gold_gain":0.0,"event_name":"Colosseum","player_choice":"Fight","floor":19.0,"gold_loss":0.0,"damage_taken":0.0},{"damage_healed":0.0,"max_hp_gain":0.0,"max_hp_loss":0.0,"gold_gain":0.0,"event_name":"Colosseum","player_choice":"Fled From Nobs","floor":19.0,"gold_loss":0.0,"damage_taken":0.0},{"damage_healed":0.0,"max_hp_gain":0.0,"max_hp_loss":0.0,"gold_gain":0.0,"event_name":"Match and Keep!","player_choice":"1 cards matched","floor":20.0,"gold_loss":0.0,"damage_taken":0.0,"cards_obtained":["A Thousand Cuts"]}],"is_beta":false,"boss_relics":[{"not_picked":["Orrery","Calling Bell"],"picked":"Fusion Hammer"}],"items_purged_floors":[5],"is_endless":false,"potions_floor_spawned":[3,4,8,13,18],"killed_by":"2 Thieves","ascension_level":20}