{"gold_per_floor":[116,116,41,216,233,265,265,299,299,299,332,44,64,82,82,182,182,202,220,220,220,220,234,234,265,265,297,308,322,131,145,145,243,243,260,276,27,27,27,54,68,68,91,106,159,184,204,7,7,7],"floor_reached":50,"playtime":7173,"items_purged":["Regret","Doubt"],"score":582,"play_id":"add47707-f29a-4204-8f98-f5403de6243e","local_time":"20190502225220","is_ascension_mode":true,"campfire_choices":[{"data":"Accuracy","floor":7.0,"key":"SMITH"},{"floor":10.0,"key":"REST"},{"floor":15.0,"key":"REST"},{"data":"RitualDagger","floor":24.0,"key":"SMITH"},{"floor":32.0,"key":"REST"},{"floor":42.0,"key":"RECALL"},{"floor":49,"key":"REST"}],"neow_cost":"NONE","seed_source_timestamp":0,"circlet_count":0,"master_deck":["Defend_G+1","Defend_G+1","Defend_G+1","Defend_G+1","Strike_G+1","Strike_G+1","Strike_G+1","Survivor","Neutralize","Dagger Throw","Blade Dance","Accuracy+1","A Thousand Cuts","Envenom","The Bomb","Bane","Blur","Burst","Acrobatics+1","Slice+1","Bullet Time+1","Well Laid Plans","Dagger Spray","RitualDagger+1","Deflect+1","Crippling Poison+1","Escape Plan","Blade Dance+1","Dagger Throw+1","Deflect+1","After Image","Riddle With Holes+1","Madness","Madness","Acrobatics","Blade Dance+1","Terror+1","Accuracy","Secret Weapon"],"special_seed":0,"relics":["Sozu","Kunai","PreservedInsect","Bottled Flame","Ninja Scroll","Astrolabe","Meat on the Bone","Mummified Hand","Boot","Frozen Eye","Fusion Hammer","Gremlin Horn","Letter Opener","Ancient Tea Set","Snake Skull","Potion Belt"],"potions_floor_usage":[],"damage_taken":[{"damage":0.0,"enemies":"2 Louse","floor":1.0,"turns":2.0},{"damage":0.0,"enemies":"Jaw Worm","floor":5.0,"turns":2.0},{"damage":11.0,"enemies":"Lagavulin","floor":6.0,"turns":12.0},{"damage":39.0,"enemies":"Gremlin Nob","floor":8.0,"turns":5.0},{"damage":15.0,"enemies":"3 Sentries","floor":11.0,"turns":6.0},{"damage":0.0,"enemies":"Cultist","floor":13.0,"turns":2.0},{"damage":9.0,"enemies":"Red Slaver","floor":14.0,"turns":4.0},{"damage":22.0,"enemies":"Slime Boss","floor":16.0,"turns":9.0},{"damage":0.0,"enemies":"Chosen","floor":18.0,"turns":4.0},{"damage":4.0,"enemies":"Spheric Guardian","floor":19.0,"turns":3.0},{"damage":0.0,"enemies":"Cultist and Chosen","floor":23.0,"turns":3.0},{"damage":14.0,"enemies":"Book of Stabbing","floor":25.0,"turns":5.0},{"damage":34.0,"enemies":"Gremlin Leader","floor":27.0,"turns":7.0},{"damage":0.0,"enemies":"Snake Plant","floor":28.0,"turns":3.0},{"damage":11.0,"enemies":"Snecko","floor":29.0,"turns":4.0},{"damage":11.0,"enemies":"Cultist and Chosen","floor":31.0,"turns":5.0},{"damage":20.0,"enemies":"Automaton","floor":33.0,"turns":9.0},{"damage":6.0,"enemies":"3 Shapes","floor":35.0,"turns":4.0},{"damage":4.0,"enemies":"3 Darklings","floor":36.0,"turns":4.0},{"damage":2.0,"enemies":"Giant Head","floor":40.0,"turns":7.0},{"damage":20.0,"enemies":"Sphere and 2 Shapes","floor":41.0,"turns":4.0},{"damage":11.0,"enemies":"Jaw Worm Horde","floor":44.0,"turns":3.0},{"damage":0.0,"enemies":"3 Darklings","floor":47.0,"turns":3.0},{"damage":71,"enemies":"Time Eater","floor":50,"turns":10}],"seed_played":"-7998965296911630129","potions_obtained":[],"is_trial":false,"path_per_floor":["M","?","$","?","M","E","R","E","T","R","E","$","M","M","R","B",null,"M","M","?","?","?","M","R","E","T","E","M","M","$","M","R","B",null,"M","M","$","?","?","E","M","R","T","M","T","T","M","$","R","B"],"character_chosen":"THE_SILENT","items_purchased":["The Bomb","Frozen Eye","Gremlin Horn","Secret Weapon"],"campfire_rested":4,"item_purchase_floors":[12,30,37,48],"current_hp_per_floor":[70,70,70,70,70,59,59,20,20,41,26,26,26,17,38,16,70,70,66,66,66,60,60,60,46,46,24,36,37,37,38,59,39,70,64,60,60,60,51,49,41,41,41,42,42,42,42,42,63,0],"gold":7,"neow_bonus":"BOSS_RELIC","is_prod":false,"is_daily":false,"chose_seed":false,"campfire_upgraded":2,"win_rate":0,"timestamp":1556851940,"path_taken":["M","?","$","?","?","E","R","E","T","R","E","?","?","?","R","BOSS","M","M","?","?","?","M","R","E","T","E","M","M","$","?","R","BOSS","M","M","$","?","?","E","M","R","T","M","?","?","M","$","R","BOSS"],"build_version":"2019-01-23","purchased_purges":2,"victory":false,"max_hp_per_floor":[70,70,70,70,70,70,70,70,70,70,70,70,70,70,70,70,70,70,70,70,70,70,70,70,70,70,70,70,70,70,70,70,70,70,70,70,70,70,70,70,70,70,70,70,70,70,70,70,70,70],"card_choices":[{"not_picked":["Distraction","Cloak And Dagger"],"picked":"Dagger Throw","floor":1.0},{"not_picked":["Crippling Poison","Flying Knee"],"picked":"Blade Dance","floor":5.0},{"not_picked":["Predator","Choke"],"picked":"Accuracy","floor":6.0},{"not_picked":["Distraction","PiercingWail"],"picked":"A Thousand Cuts","floor":8.0},{"not_picked":["Catalyst","Masterful Stab"],"picked":"Envenom","floor":11.0},{"not_picked":["Sucker Punch","Calculated Gamble"],"picked":"Bane","floor":13.0},{"not_picked":["Backflip","Backstab"],"picked":"Blur","floor":14.0},{"not_picked":["Bullet Time","Corpse Explosion"],"picked":"Burst","floor":16.0},{"not_picked":["Sucker Punch","Dodge and Roll+1"],"picked":"Well Laid Plans","floor":18.0},{"not_picked":["Outmaneuver","Deadly Poison"],"picked":"Dagger Spray","floor":19.0},{"not_picked":["Dagger Throw","Acrobatics"],"picked":"Deflect+1","floor":23.0},{"not_picked":["Venomology","Noxious Fumes"],"picked":"Crippling Poison+1","floor":25.0},{"not_picked":["Backflip","Underhanded Strike+1"],"picked":"Escape Plan","floor":27.0},{"not_picked":["Leg Sweep","Masterful Stab"],"picked":"Blade Dance+1","floor":28.0},{"not_picked":["Expertise","Backflip"],"picked":"Dagger Throw+1","floor":29.0},{"not_picked":["Poisoned Stab+1","Escape Plan"],"picked":"Deflect+1","floor":31.0},{"not_picked":["Venomology","Tools of the Trade"],"picked":"After Image","floor":33.0},{"not_picked":["Backflip+1","Poisoned Stab+1"],"picked":"Riddle With Holes+1","floor":35.0},{"not_picked":["Predator","Reflex+1"],"picked":"Blade Dance","floor":36.0},{"not_picked":["Wraith Form v2","Underhanded Strike"],"picked":"Acrobatics","floor":40.0},{"not_picked":["Bane","Acrobatics"],"picked":"Blade Dance+1","floor":41.0},{"not_picked":["Acrobatics","Flying Knee"],"picked":"Terror+1","floor":44.0},{"not_picked":["Calculated Gamble+1","Choke+1"],"picked":"Accuracy","floor":47.0}],"player_experience":64829,"relics_obtained":[{"floor":6.0,"key":"PreservedInsect"},{"floor":8.0,"key":"Bottled Flame"},{"floor":11.0,"key":"Ninja Scroll"},{"floor":25.0,"key":"Meat on the Bone"},{"floor":26.0,"key":"Mummified Hand"},{"floor":27.0,"key":"Boot"},{"floor":40.0,"key":"Letter Opener"},{"floor":43.0,"key":"Ancient Tea Set"},{"floor":45.0,"key":"Snake Skull"},{"floor":46.0,"key":"Potion Belt"}],"event_choices":[{"damage_healed":0.0,"max_hp_gain":0.0,"max_hp_loss":0.0,"gold_gain":0.0,"event_name":"Big Fish","player_choice":"Box","floor":2.0,"gold_loss":0.0,"damage_taken":0.0,"relics_obtained":["Kunai"],"cards_obtained":["Regret"]},{"damage_healed":0.0,"max_hp_gain":0.0,"max_hp_loss":0.0,"gold_gain":175.0,"event_name":"Liars Game","player_choice":"AGREE","floor":4.0,"gold_loss":0.0,"damage_taken":0.0,"cards_obtained":["Doubt"]},{"damage_healed":0.0,"max_hp_gain":0.0,"max_hp_loss":0.0,"gold_gain":0.0,"event_name":"Vampires","player_choice":"Ignored","floor":20.0,"gold_loss":0.0,"damage_taken":0.0},{"damage_healed":0.0,"max_hp_gain":0.0,"max_hp_loss":0.0,"gold_gain":0.0,"event_name":"Back to Basics","player_choice":"Simplicity","floor":21.0,"gold_loss":0.0,"damage_taken":0.0,"cards_upgraded":["Defend_G","Defend_G","Defend_G","Defend_G","Strike_G","Strike_G","Strike_G"]},{"damage_healed":0.0,"max_hp_gain":0.0,"max_hp_loss":0.0,"gold_gain":0.0,"event_name":"Nest","player_choice":"Joined the Cult","floor":22.0,"gold_loss":0.0,"damage_taken":6.0,"cards_obtained":["RitualDagger"]},{"cards_removed":["Blade Dance"],"damage_healed":0.0,"max_hp_gain":0.0,"max_hp_loss":0.0,"gold_gain":0.0,"event_name":"Falling","player_choice":"Removed Skill","floor":38.0,"gold_loss":0.0,"damage_taken":0.0},{"damage_healed":0.0,"max_hp_gain":0.0,"max_hp_loss":0.0,"gold_gain":0.0,"event_name":"Winding Halls","player_choice":"Embrace Madness","floor":39.0,"gold_loss":0.0,"damage_taken":9.0,"cards_obtained":["Madness","Madness"]}],"is_beta":false,"boss_relics":[{"not_picked":["Busted Crown","Runic Dome"],"picked":"Astrolabe"},{"not_picked":["White Beast Statue","Cursed Key"],"picked":"Fusion Hammer"}],"items_purged_floors":[3,12],"is_endless":false,"potions_floor_spawned":[1,11,14,16,18,23,25,28,36,44,47],"killed_by":"Time Eater","ascension_level":1}