{"gold_per_floor":[115,115,115,290,240,275,275,308,361,361,361,37,70,81,81,81],"floor_reached":16,"playtime":460,"items_purged":[],"score":238,"play_id":"e328a921-5064-41b3-b103-07d4da1767f7","local_time":"20181222171443","is_ascension_mode":true,"campfire_choices":[{"data":"Shockwave","floor":7,"key":"SMITH"},{"data":"Limit Break","floor":11,"key":"SMITH"},{"data":"Double Tap","floor":15,"key":"SMITH"}],"neow_cost":"NONE","seed_source_timestamp":107124986557957,"circlet_count":0,"master_deck":["Strike_R","Strike_R","Strike_R","Strike_R","Strike_R","Defend_R","Defend_R","Defend_R+1","Defend_R","Bash+1","Shockwave+1","Double Tap+1","Limit Break+1","Corruption","Barricade"],"relics":["Burning Blood","NeowsBlessing","Ornamental Fan","Pen Nib","Bottled Flame","Orichalcum","Dodecahedron","Incense Burner","Juzu Bracelet"],"potions_floor_usage":[16,16],"damage_taken":[{"damage":0,"enemies":"Jaw Worm","floor":1,"turns":1},{"damage":0,"enemies":"Lagavulin","floor":6,"turns":1},{"damage":0,"enemies":"3 Sentries","floor":8,"turns":2},{"damage":8,"enemies":"Gremlin Nob","floor":13,"turns":4},{"damage":0,"enemies":"Small Slimes","floor":14,"turns":4},{"damage":74,"enemies":"Hexaghost","floor":16,"turns":14}],"seed_played":"-6949451137438236252","potions_obtained":[{"floor":8,"key":"AttackPotion"},{"floor":13,"key":"SmokeBomb"},{"floor":14,"key":"GamblersBrew"}],"is_trial":false,"path_per_floor":["M","?","?","?","?","E","R","E","T","T","R","$","E","M","R","B"],"character_chosen":"IRONCLAD","items_purchased":["Incense Burner","Corruption"],"campfire_rested":0,"item_purchase_floors":[12,12],"current_hp_per_floor":[78,62,55,55,55,61,61,67,67,67,67,67,65,71,71,0],"gold":81,"neow_bonus":"THREE_ENEMY_KILL","is_prod":false,"is_daily":false,"chose_seed":false,"campfire_upgraded":3,"win_rate":0,"timestamp":1545516883,"path_taken":["M","?","?","?","?","E","R","E","T","?","R","?","E","M","R","BOSS"],"build_version":"2018-12-20","purchased_purges":0,"victory":false,"max_hp_per_floor":[80,80,80,80,80,80,80,80,80,80,80,80,80,80,80,80],"card_choices":[{"not_picked":["Armaments","Intimidate"],"picked":"Shockwave","floor":1},{"not_picked":["Warcry","Barricade"],"picked":"Double Tap","floor":6},{"not_picked":["Shrug It Off","Wild Strike"],"picked":"Limit Break","floor":8},{"not_picked":["Cleave","Perfected Strike"],"picked":"Barricade","floor":13},{"not_picked":["Rampage","Clash","Cleave"],"picked":"SKIP","floor":14}],"player_experience":184368,"relics_obtained":[{"floor":6,"key":"Pen Nib"},{"floor":8,"key":"Bottled Flame"},{"floor":9,"key":"Orichalcum"},{"floor":10,"key":"Dodecahedron"},{"floor":13,"key":"Juzu Bracelet"}],"event_choices":[{"damage_healed":0,"gold_gain":0,"player_choice":"Entered Light","damage_taken":16,"max_hp_gain":0,"max_hp_loss":0,"event_name":"Shining Light","floor":2,"gold_loss":0,"cards_upgraded":["Bash","Defend_R"]},{"damage_healed":0,"gold_gain":0,"player_choice":"Success","damage_taken":7,"relics_obtained":["Ornamental Fan"],"max_hp_gain":0,"max_hp_loss":0,"event_name":"Scrap Ooze","floor":3,"gold_loss":0},{"damage_healed":0,"gold_gain":175,"player_choice":"AGREE","damage_taken":0,"max_hp_gain":0,"max_hp_loss":0,"event_name":"Liars Game","floor":4,"gold_loss":0,"cards_obtained":["Doubt"]},{"cards_removed":["Doubt"],"damage_healed":0,"gold_gain":0,"player_choice":"Card Removal","damage_taken":0,"max_hp_gain":0,"max_hp_loss":0,"event_name":"The Cleric","floor":5,"gold_loss":50}],"is_beta":false,"boss_relics":[],"items_purged_floors":[],"is_endless":false,"potions_floor_spawned":[8,13,14],"killed_by":"Hexaghost","ascension_level":9}