{"gold_per_floor":[109,128,145,17,17,52,66,66,90,116,116,116,148,163,163,240,240,211,411,421,431,431],"floor_reached":22,"playtime":806,"items_purged":["Strike_B"],"score":412,"play_id":"9894e104-ee1b-4cba-a252-59375f732d1f","local_time":"20190510130528","is_ascension_mode":true,"campfire_choices":[{"data":"Self Repair","floor":8.0,"key":"SMITH"},{"floor":15.0,"key":"REST"}],"neow_cost":"NONE","seed_source_timestamp":426376597633024,"circlet_count":0,"master_deck":["AscendersBane","Strike_B","Strike_B","Strike_B","Defend_B","Defend_B","Defend_B","Defend_B","Zap+1","Dualcast","Conserve Battery","Ball Lightning","Compile Driver","Ball Lightning","Self Repair+1","Creative AI","Buffer","Reinforced Body"],"special_seed":0,"relics":["Cracked Core","Boot","Oddly Smooth Stone","Smiling Mask","Anchor","Busted Crown"],"potions_floor_usage":[],"damage_taken":[{"damage":0.0,"enemies":"Cultist","floor":1.0,"turns":3.0},{"damage":2.0,"enemies":"Jaw Worm","floor":2.0,"turns":4.0},{"damage":1.0,"enemies":"2 Louse","floor":3.0,"turns":3.0},{"damage":10.0,"enemies":"3 Sentries","floor":6.0,"turns":4.0},{"damage":18.0,"enemies":"Gremlin Gang","floor":7.0,"turns":3.0},{"damage":8.0,"enemies":"Lagavulin","floor":10.0,"turns":5.0},{"damage":11.0,"enemies":"Gremlin Nob","floor":13.0,"turns":3.0},{"damage":22.0,"enemies":"Large Slime","floor":14.0,"turns":5.0},{"damage":32.0,"enemies":"Slime Boss","floor":16.0,"turns":9.0},{"damage":17.0,"enemies":"2 Thieves","floor":18.0,"turns":4.0},{"damage":26,"enemies":"Shell Parasite","floor":20,"turns":7},{"damage":27,"enemies":"Centurion and Healer","floor":21,"turns":11},{"damage":24,"enemies":"Snake Plant","floor":22,"turns":4}],"seed_played":"-4997305836636165921","potions_obtained":[{"floor":3.0,"key":"AttackPotion"},{"floor":7.0,"key":"AttackPotion"},{"floor":10.0,"key":"Strength Potion"},{"floor":12.0,"key":"SteroidPotion"},{"floor":12.0,"key":"Dexterity Potion"},{"floor":14.0,"key":"FocusPotion"},{"floor":16.0,"key":"SkillPotion"}],"is_trial":false,"path_per_floor":["M","M","M","$","$","E","M","R","T","E","?","?","E","M","R","B",null,"M","?","M","M","M"],"character_chosen":"DEFECT","items_purchased":["Ball Lightning"],"campfire_rested":1,"item_purchase_floors":[4],"current_hp_per_floor":[64,62,61,61,61,51,33,33,33,35,35,35,34,22,43,21,59,52,52,36,19,0],"gold":431,"neow_bonus":"UPGRADE_CARD","is_prod":false,"is_daily":false,"chose_seed":false,"campfire_upgraded":1,"win_rate":0,"timestamp":1557504328,"path_taken":["M","M","M","?","$","E","M","R","T","E","?","?","E","?","R","BOSS","M","?","M","?","M"],"build_version":"2019-01-23","purchased_purges":1,"victory":false,"max_hp_per_floor":[71,71,71,71,71,71,71,71,71,71,71,71,71,71,71,71,71,71,71,71,71,71],"card_choices":[{"not_picked":["Beam Cell","Gash"],"picked":"Conserve Battery","floor":1.0},{"not_picked":["Sweeping Beam","Steam"],"picked":"Ball Lightning","floor":2.0},{"not_picked":["Heatsinks","BootSequence"],"picked":"Compile Driver","floor":3.0},{"not_picked":["Sunder","Steam","Stack"],"picked":"SKIP","floor":6.0},{"not_picked":["BootSequence","Cold Snap"],"picked":"Self Repair","floor":7.0},{"not_picked":["Heatsinks","Coolheaded"],"picked":"Creative AI","floor":10.0},{"not_picked":["Steam","Aggregate","Gash"],"picked":"SKIP","floor":13.0},{"not_picked":["Go for the Eyes","Aggregate","Streamline"],"picked":"SKIP","floor":14.0},{"not_picked":["Thunder Strike","Meteor Strike"],"picked":"Buffer","floor":16.0},{"not_picked":["Rebound+1"],"picked":"SKIP","floor":18.0},{"not_picked":["Redo"],"picked":"SKIP","floor":20},{"not_picked":[],"picked":"Reinforced Body","floor":21}],"player_experience":2302505,"relics_obtained":[{"floor":6.0,"key":"Boot"},{"floor":9.0,"key":"Oddly Smooth Stone"},{"floor":10.0,"key":"Smiling Mask"},{"floor":13.0,"key":"Anchor"}],"event_choices":[{"damage_healed":0.0,"max_hp_gain":0.0,"max_hp_loss":0.0,"gold_gain":0.0,"event_name":"Shining Light","player_choice":"Ignored","floor":11.0,"gold_loss":0.0,"damage_taken":0.0},{"damage_healed":0.0,"max_hp_gain":0.0,"max_hp_loss":0.0,"gold_gain":0.0,"event_name":"Lab","player_choice":"Got Potions","floor":12.0,"gold_loss":0.0,"damage_taken":0.0},{"damage_healed":0.0,"max_hp_gain":0.0,"max_hp_loss":0.0,"gold_gain":250.0,"event_name":"The Joust","player_choice":"Bet on Owner","floor":19.0,"gold_loss":50.0,"damage_taken":0.0}],"is_beta":false,"boss_relics":[{"not_picked":["Tiny House","Eternal Feather"],"picked":"Busted Crown"}],"items_purged_floors":[4],"is_endless":false,"potions_floor_spawned":[3,7,10,14,16,21],"killed_by":"Snake Plant","ascension_level":20}