{"gold_per_floor":[213,213,233,233,233,233,251,251,276,308,31,31,41,54,54,133,133,149,168,168,184,30,30],"floor_reached":23,"playtime":962,"items_purged":["Strike_R","Strike_R"],"score":382,"play_id":"38bd506c-3b57-47fe-9822-0dc2e1238c96","local_time":"20190327101038","is_ascension_mode":true,"campfire_choices":[{"data":"Entrench","floor":6.0,"key":"SMITH"},{"data":"Immolate","floor":12.0,"key":"SMITH"},{"data":"Chrysalis","floor":15.0,"key":"SMITH"}],"neow_cost":"NONE","seed_source_timestamp":0,"circlet_count":0,"master_deck":["AscendersBane","Defend_R","Defend_R","Defend_R","Defend_R","Bash","Entrench+1","Body Slam+1","Immolate+1","True Grit","Master of Strategy+1","Dropkick+1","Impervious+1","Dropkick+1"],"special_seed":0,"relics":["Burning Blood","Pen Nib","Meat on the Bone","Astrolabe"],"potions_floor_usage":[23],"damage_taken":[{"damage":13.0,"enemies":"Cultist","floor":1.0,"turns":5.0},{"damage":2.0,"enemies":"2 Louse","floor":3.0,"turns":4.0},{"damage":9.0,"enemies":"Small Slimes","floor":7.0,"turns":5.0},{"damage":8.0,"enemies":"Gremlin Nob","floor":10.0,"turns":3.0},{"damage":6.0,"enemies":"Blue Slaver","floor":13.0,"turns":3.0},{"damage":9.0,"enemies":"Red Slaver","floor":14.0,"turns":3.0},{"damage":50.0,"enemies":"Slime Boss","floor":16.0,"turns":11.0},{"damage":0.0,"enemies":"3 Byrds","floor":18.0,"turns":4.0},{"damage":10.0,"enemies":"Chosen","floor":19.0,"turns":6.0},{"damage":5.0,"enemies":"3 Cultists","floor":21.0,"turns":3.0},{"damage":0,"enemies":"Book of Stabbing","floor":23,"turns":2}],"seed_played":"79328188571533115","potions_obtained":[{"floor":3.0,"key":"Explosive Potion"},{"floor":7.0,"key":"Fire Potion"},{"floor":10.0,"key":"Regen Potion"},{"floor":18.0,"key":"Explosive Potion"}],"is_trial":false,"path_per_floor":["M","?","M","?","$","R","M","?","T","E","$","R","M","M","R","B",null,"M","M","?","M","$","E"],"character_chosen":"IRONCLAD","items_purchased":["Chrysalis","Swift Potion"],"campfire_rested":0,"item_purchase_floors":[11,22],"current_hp_per_floor":[61,61,65,65,65,65,62,62,62,60,60,60,60,57,57,37,66,72,68,68,69,69,69],"gold":30,"neow_bonus":"HUNDRED_GOLD","is_prod":false,"is_daily":false,"chose_seed":false,"campfire_upgraded":3,"win_rate":0,"timestamp":1553652638,"path_taken":["M","?","?","?","$","R","?","?","T","E","$","R","M","M","R","BOSS","M","M","?","M","$","E"],"build_version":"2019-01-23","purchased_purges":2,"victory":false,"max_hp_per_floor":[75,75,75,75,75,75,75,75,75,75,75,75,75,75,75,75,75,75,75,75,75,75,75],"card_choices":[{"not_picked":["Thunderclap","Uppercut"],"picked":"Entrench","floor":1.0},{"not_picked":["Battle Trance","Heavy Blade"],"picked":"Body Slam","floor":3.0},{"not_picked":["Flame Barrier","Shrug It Off"],"picked":"Burning Pact","floor":7.0},{"not_picked":["Rupture","Rampage","Headbutt"],"picked":"SKIP","floor":10.0},{"not_picked":["Corruption","Body Slam","Cleave"],"picked":"SKIP","floor":13.0},{"not_picked":["Dropkick","Havoc"],"picked":"True Grit","floor":14.0},{"not_picked":["Body Slam","Heavy Blade","Searing Blow+1"],"picked":"SKIP","floor":18.0},{"not_picked":["True Grit","Body Slam","Thunderclap"],"picked":"SKIP","floor":19.0},{"not_picked":["Pommel Strike","Ghostly Armor+1","Body Slam"],"picked":"SKIP","floor":21.0}],"player_experience":1388490,"relics_obtained":[{"floor":9.0,"key":"Pen Nib"},{"floor":10.0,"key":"Meat on the Bone"}],"event_choices":[{"cards_removed":["Strike_R"],"damage_healed":0.0,"max_hp_gain":0.0,"max_hp_loss":0.0,"gold_gain":0.0,"event_name":"Bonfire Elementals","player_choice":"Offered Basic","floor":2.0,"gold_loss":0.0,"damage_taken":0.0},{"damage_healed":0.0,"max_hp_gain":0.0,"max_hp_loss":0.0,"gold_gain":0.0,"event_name":"Upgrade Shrine","player_choice":"Upgraded","floor":4.0,"gold_loss":0.0,"damage_taken":0.0,"cards_upgraded":["Body Slam"]},{"damage_healed":0.0,"max_hp_gain":0.0,"max_hp_loss":0.0,"gold_gain":0.0,"cards_transformed":["Burning Pact"],"event_name":"Living Wall","player_choice":"Change","floor":8.0,"gold_loss":0.0,"damage_taken":0.0,"cards_obtained":["Immolate"]},{"damage_healed":0.0,"max_hp_gain":0.0,"max_hp_loss":0.0,"gold_gain":0.0,"event_name":"Duplicator","player_choice":"Copied","floor":20.0,"gold_loss":0.0,"damage_taken":0.0,"cards_obtained":["Dropkick"]}],"is_beta":false,"boss_relics":[{"not_picked":["Black Blood","Ectoplasm"],"picked":"Astrolabe"}],"items_purged_floors":[11,22],"is_endless":false,"potions_floor_spawned":[3,7,10,18],"killed_by":"Book of Stabbing","ascension_level":20}