{"path_per_floor":["M","?","M","M","M","R","M","R","T","E","M","?","R","M","R","B",null,"M","?","M","M","$","R"],"character_chosen":"IRONCLAD","items_purchased":["Happy Flower","Bandage Up"],"gold_per_floor":[116,116,136,155,173,173,192,192,219,246,256,256,256,270,270,365,395,405,405,416,428,182,182],"floor_reached":24,"campfire_rested":1,"playtime":1088,"current_hp_per_floor":[52,52,57,57,38,38,35,35,35,15,21,21,49,54,54,56,101,97,49,55,47,47,47],"items_purged":[],"gold":182,"score":225,"play_id":"25b98bea-7a6c-4e69-8d4d-6ad68ae5da86","is_prod":false,"is_daily":false,"is_ascension_mode":false,"campfire_upgraded":4,"path_taken":["M","?","M","M","M","R","?","R","T","E","M","?","R","M","R","BOSS","M","?","M","M","$","R","E"],"build_version":"2018-02-16-BETA2","purchased_purges":1,"victory":false,"master_deck":["Strike_R+1","Strike_R","Strike_R","Strike_R","Strike_R","Defend_R","Defend_R","Defend_R","Bash+1","Perfected Strike+1","Perfected Strike+1","Warcry","Battle Trance","Headbutt","Flex","Limit Break","Warcry","Headbutt","Dark Shackles","Jack Of All Trades+1","Purity","Purity","Purity","Shrug It Off","Thunderclap","Bandage Up"],"max_hp_per_floor":[96,96,96,96,96,96,96,96,96,96,96,96,96,96,96,96,101,101,101,101,101,101,101],"relics":["Burning Blood","Pen Nib","Bag of Marbles","Tiny House","Happy Flower"],"card_choices":[{"not_picked":["Fire Breathing","Body Slam"],"picked":"Perfected Strike"},{"not_picked":["Clothesline","Heavy Blade"],"picked":"Perfected Strike"},{"not_picked":["Clash","Spot Weakness"],"picked":"Warcry"},{"not_picked":["True Grit","Cleave"],"picked":"Battle Trance"},{"not_picked":["Clash","Flex"],"picked":"Headbutt"},{"not_picked":["Havoc","Heavy Blade"],"picked":"Flex"},{"not_picked":["Exhume","Demon Form"],"picked":"Limit Break"},{"not_picked":["True Grit","Thunderclap"],"picked":"Warcry"},{"not_picked":["Fire Breathing","Havoc"],"picked":"Headbutt"},{"not_picked":["Rupture","Carnage"],"picked":"Shrug It Off"},{"not_picked":["Clash","Entrench"],"picked":"Thunderclap"}],"player_experience":100812,"potions_floor_usage":[24],"damage_taken":[{"damage":2,"enemies":"Small Slimes","floor":1,"turns":5},{"damage":1,"enemies":"Cultist","floor":3,"turns":3},{"damage":6,"enemies":"Jaw Worm","floor":4,"turns":3},{"damage":25,"enemies":"Exordium Thugs","floor":5,"turns":5},{"damage":9,"enemies":"Blue Slaver","floor":7,"turns":3},{"damage":26,"enemies":"Lagavulin","floor":10,"turns":5},{"damage":0,"enemies":"Exordium Wildlife","floor":11,"turns":2},{"damage":1,"enemies":"Exordium Thugs","floor":14,"turns":3},{"damage":4,"enemies":"Slime Boss","floor":16,"turns":4},{"damage":10,"enemies":"Spheric Guardian","floor":18,"turns":3},{"damage":0,"enemies":"Chosen","floor":20,"turns":3},{"damage":18,"enemies":"Centurion and Healer","floor":21,"turns":7},{"damage":51,"enemies":"Gremlin Leader","floor":24,"turns":7}],"event_choices":[{"event_name":"Wheel of Change","player_choice":"Card Removal","floor":2,"damage_taken":0},{"event_name":"Liars Game","player_choice":"disagreed","floor":12,"damage_taken":0},{"event_name":"Knowing Skull","player_choice":"CARD CARD CARD CARD CARD ","floor":19,"damage_taken":0}],"boss_relics":[{"not_picked":["Runic Pyramid","Runic Dome"],"picked":"Tiny House"}],"potions_floor_spawned":[1,4,5,21],"seed_played":"-3940762419849692005","killed_by":"Gremlin Leader","ascension_level":0,"is_trial":false}