{"gold_per_floor":[364,382,301,301,318,318,353,364,364,376,376,407,407,427,427,530,530,547,547,557,577,577,577],"floor_reached":23,"playtime":1510,"items_purged":[],"score":233,"play_id":"be713ca4-3de3-4ea4-a144-af3a1196cb9c","local_time":"20190510220915","is_ascension_mode":true,"campfire_choices":[{"data":"Zap","floor":6.0,"key":"SMITH"},{"data":"Sunder","floor":11.0,"key":"SMITH"},{"floor":13.0,"key":"REST"},{"data":"Defragment","floor":15.0,"key":"SMITH"}],"neow_cost":"PERCENT_DAMAGE","seed_source_timestamp":1079116058605941,"circlet_count":0,"master_deck":["Strike_B+1","Strike_B+1","Defend_B","Defend_B","Defend_B","Defend_B","Zap+1","Dualcast","Conserve Battery","Compile Driver","Finesse","Sunder+1","Defragment+1","Leap","Hologram","Creative AI+1","Barrage","Machine Learning","Chill"],"special_seed":0,"relics":["Cracked Core","Bag of Marbles","Whetstone","Kunai","Busted Crown"],"potions_floor_usage":[],"damage_taken":[{"damage":7.0,"enemies":"Jaw Worm","floor":1.0,"turns":3.0},{"damage":0.0,"enemies":"Cultist","floor":2.0,"turns":3.0},{"damage":0.0,"enemies":"Small Slimes","floor":5.0,"turns":3.0},{"damage":16.0,"enemies":"Lagavulin","floor":7.0,"turns":6.0},{"damage":0.0,"enemies":"Red Slaver","floor":8.0,"turns":3.0},{"damage":0.0,"enemies":"Looter","floor":10.0,"turns":3.0},{"damage":14.0,"enemies":"3 Sentries","floor":12.0,"turns":5.0},{"damage":11.0,"enemies":"Gremlin Gang","floor":14.0,"turns":5.0},{"damage":5.0,"enemies":"The Guardian","floor":16.0,"turns":10.0},{"damage":28.0,"enemies":"Spheric Guardian","floor":18.0,"turns":6.0},{"damage":3.0,"enemies":"Chosen","floor":20.0,"turns":6.0},{"damage":12.0,"enemies":"Centurion and Healer","floor":21.0,"turns":7.0},{"damage":43,"enemies":"Gremlin Leader","floor":23,"turns":8}],"seed_played":"6669610201266577318","potions_obtained":[{"floor":1.0,"key":"Poison Potion"},{"floor":7.0,"key":"FearPotion"},{"floor":12.0,"key":"Dexterity Potion"},{"floor":14.0,"key":"Dexterity Potion"},{"floor":16.0,"key":"EssenceOfSteel"},{"floor":20.0,"key":"AttackPotion"}],"is_trial":false,"path_per_floor":["M","M","$","?","M","R","E","M","T","M","R","E","R","M","R","B",null,"M","?","M","M","?","E"],"character_chosen":"DEFECT","items_purchased":["Finesse"],"campfire_rested":1,"item_purchase_floors":[3],"current_hp_per_floor":[47,47,47,47,47,47,31,31,31,31,31,17,39,28,28,23,75,47,47,44,32,32,0],"gold":577,"neow_bonus":"TWO_FIFTY_GOLD","is_prod":false,"is_daily":false,"chose_seed":false,"campfire_upgraded":3,"win_rate":0,"timestamp":1557540555,"path_taken":["M","M","$","?","M","R","E","?","T","M","R","E","R","M","R","BOSS","M","?","?","M","?","E"],"build_version":"2019-01-23","purchased_purges":0,"victory":false,"max_hp_per_floor":[75,75,75,75,75,75,75,75,75,75,75,75,75,75,75,75,75,75,75,75,75,75,75],"card_choices":[{"not_picked":["Reprogram","Gash"],"picked":"Conserve Battery","floor":1.0},{"not_picked":["Redo","Gash"],"picked":"Compile Driver","floor":2.0},{"not_picked":["Turbo","Consume","Gash"],"picked":"SKIP","floor":5.0},{"not_picked":["Melter","Steam Power","Streamline"],"picked":"SKIP","floor":7.0},{"not_picked":["Darkness","Fission"],"picked":"Sunder","floor":8.0},{"not_picked":["Skim","Aggregate"],"picked":"Defragment","floor":10.0},{"not_picked":["Streamline","Redo"],"picked":"Leap","floor":12.0},{"not_picked":["Heatsinks","Sunder"],"picked":"Hologram","floor":14.0},{"not_picked":["Machine Learning","Thunder Strike"],"picked":"Creative AI","floor":16.0},{"not_picked":[],"picked":"Barrage","floor":18.0},{"not_picked":["Skim"],"picked":"SKIP","floor":20.0},{"not_picked":[],"picked":"Chill","floor":21.0}],"player_experience":233800,"relics_obtained":[{"floor":7.0,"key":"Bag of Marbles"},{"floor":9.0,"key":"Whetstone"},{"floor":12.0,"key":"Kunai"}],"event_choices":[{"cards_removed":["Strike_B"],"damage_healed":0.0,"max_hp_gain":0.0,"max_hp_loss":0.0,"gold_gain":0.0,"event_name":"Bonfire Elementals","player_choice":"Offered Basic","floor":4.0,"gold_loss":0.0,"damage_taken":0.0},{"damage_healed":0.0,"max_hp_gain":0.0,"max_hp_loss":0.0,"gold_gain":0.0,"cards_transformed":["Strike_B"],"event_name":"Transmorgrifier","player_choice":"Transformed","floor":19.0,"gold_loss":0.0,"damage_taken":0.0,"cards_obtained":["Machine Learning"]},{"damage_healed":0.0,"max_hp_gain":0.0,"max_hp_loss":0.0,"gold_gain":0.0,"event_name":"Upgrade Shrine","player_choice":"Upgraded","floor":22.0,"gold_loss":0.0,"damage_taken":0.0,"cards_upgraded":["Creative AI"]}],"is_beta":false,"boss_relics":[{"not_picked":["Cursed Key","Snecko Eye"],"picked":"Busted Crown"}],"items_purged_floors":[],"is_endless":false,"potions_floor_spawned":[1,7,12,14,16,20],"killed_by":"Gremlin Leader","ascension_level":3}