{"path_per_floor":["M","M","M","?","M","E","$","M","T","$","R","?","M","E","R","B",null,"M","?","?","M","M","$"],"character_chosen":"DEFECT","items_purchased":["Beam Cell","War Paint"],"gold_per_floor":[110,123,135,135,151,181,79,90,90,90,90,90,103,135,135,235,235,217,367,367,385,398,150,150],"floor_reached":24,"campfire_rested":1,"playtime":969,"item_purchase_floors":[7,23],"current_hp_per_floor":[73,73,69,62,58,35,35,35,35,35,35,35,35,20,42,32,75,55,55,55,44,42,42,0],"items_purged":["Strike_B","Strike_B"],"gold":150,"score":229,"play_id":"804f8fe9-510d-4aa5-8cc9-47f348f8dc2b","local_time":"20180607061045","is_prod":false,"is_daily":false,"chose_seed":false,"is_ascension_mode":true,"campfire_upgraded":1,"win_rate":0,"timestamp":1528369845,"campfire_choices":[{"data":"Zap","floor":11,"key":"SMITH"},{"floor":15,"key":"REST"}],"path_taken":["M","M","M","?","M","E","?","M","T","$","R","?","M","E","R","BOSS","M","?","?","?","M","$","E"],"build_version":"2018-06-06","seed_source_timestamp":508794265852759,"purchased_purges":2,"victory":false,"master_deck":["Strike_B","Strike_B","Defend_B","Defend_B+1","Zap+1","Dualcast","Go for the Eyes","Auto Shields","Beam Cell","Ball Lightning","Beam Cell","Gash","Turbo+1","Thunder Strike","Beam Cell","Chill+1","Sunder"],"max_hp_per_floor":[75,75,75,75,75,75,75,75,75,75,75,75,75,75,75,75,75,75,75,75,75,75,75,75],"relics":["Cracked Core","Lantern","Darkstone Periapt","Meat on the Bone","Inserter","War Paint"],"card_choices":[{"not_picked":["Barrage","Sweeping Beam"],"picked":"Go for the Eyes","floor":0},{"not_picked":["Stack","Steam","Leap"],"picked":"SKIP","floor":1},{"not_picked":["Sweeping Beam","Self Repair"],"picked":"Auto Shields","floor":2},{"not_picked":["Darkness","Redo"],"picked":"Beam Cell","floor":3},{"not_picked":["Sweeping Beam","Compile Driver","Redo"],"picked":"SKIP","floor":5},{"not_picked":["Storm","Undo"],"picked":"Ball Lightning","floor":6},{"not_picked":["Hologram","Darkness"],"picked":"Gash","floor":8},{"not_picked":["Fusion","Fission","Barrage"],"picked":"SKIP","floor":13},{"not_picked":["Reinforced Body","Ball Lightning"],"picked":"Turbo","floor":14},{"not_picked":["Reboot","Creative AI"],"picked":"Thunder Strike","floor":16},{"not_picked":["Recycle","Compile Driver"],"picked":"Beam Cell","floor":18},{"not_picked":["Recycle","Streamline"],"picked":"Chill+1","floor":21},{"not_picked":["Conserve Battery","Skim"],"picked":"Sunder","floor":22}],"player_experience":201686,"potions_floor_usage":[16,18,21,24],"damage_taken":[{"damage":2,"enemies":"2 Louse","floor":1,"turns":3},{"damage":0,"enemies":"Small Slimes","floor":2,"turns":3},{"damage":4,"enemies":"Cultist","floor":3,"turns":3},{"damage":4,"enemies":"3 Louse","floor":5,"turns":3},{"damage":23,"enemies":"Gremlin Nob","floor":6,"turns":4},{"damage":0,"enemies":"Large Slime","floor":8,"turns":4},{"damage":0,"enemies":"Exordium Wildlife","floor":13,"turns":3},{"damage":15,"enemies":"Lagavulin","floor":14,"turns":4},{"damage":22,"enemies":"Slime Boss","floor":16,"turns":11},{"damage":20,"enemies":"2 Thieves","floor":18,"turns":4},{"damage":23,"enemies":"3 Byrds","floor":21,"turns":3},{"damage":14,"enemies":"Centurion and Healer","floor":22,"turns":8},{"damage":44,"enemies":"Slavers","floor":24,"turns":3}],"relics_obtained":[{"floor":6,"key":"Lantern"},{"floor":9,"key":"Darkstone Periapt"},{"floor":14,"key":"Meat on the Bone"}],"event_choices":[{"event_name":"Golden Wing","player_choice":"Card Removal","floor":4,"damage_taken":0},{"event_name":"Living Wall","player_choice":"Forget","floor":12,"damage_taken":0},{"event_name":"Nest","player_choice":"Stole From Cult","floor":19,"damage_taken":0},{"event_name":"Ghosts","player_choice":"Ignored","floor":20,"damage_taken":0}],"boss_relics":[{"not_picked":["Ectoplasm","Cursed Key"],"picked":"Inserter"}],"items_purged_floors":[7,23],"potions_floor_spawned":[3,5,13,18],"seed_played":"-6414225990418718479","killed_by":"Slavers","ascension_level":2,"potions_obtained":[{"floor":3,"key":"SkillPotion"},{"floor":5,"key":"LiquidBronze"},{"floor":13,"key":"Swift Potion"},{"floor":18,"key":"SneckoOil"}],"is_trial":false}