{"gold_per_floor":[214,214,214,233,253,253,279,42,68,95,108,158,158],"floor_reached":13,"playtime":472,"items_purged":["Strike_G"],"score":186,"play_id":"e2da3440-bb22-42e2-bf81-2312a0a14020","local_time":"20190513115454","is_ascension_mode":true,"campfire_choices":[{"data":"Neutralize","floor":6,"key":"SMITH"}],"neow_cost":"NONE","seed_source_timestamp":85885545117155,"circlet_count":0,"master_deck":["AscendersBane","Defend_G","Defend_G","Defend_G","Defend_G","Defend_G","Strike_G","Strike_G","Strike_G","Strike_G","Survivor","Neutralize+1","Dagger Spray","Terror","Dagger Spray","Poisoned Stab","Masterful Stab","Deadly Poison"],"relics":["Ring of the Snake","Lantern","Snake Skull","Centennial Puzzle","Happy Flower","Boot"],"potions_floor_usage":[7,7],"damage_taken":[{"damage":3,"enemies":"Jaw Worm","floor":1,"turns":6},{"damage":5,"enemies":"Small Slimes","floor":4,"turns":4},{"damage":1,"enemies":"Cultist","floor":5,"turns":3},{"damage":12,"enemies":"3 Sentries","floor":7,"turns":5},{"damage":30,"enemies":"Gremlin Nob","floor":10,"turns":4},{"damage":0,"enemies":"Large Slime","floor":11,"turns":4},{"damage":7,"enemies":"3 Louse","floor":13,"turns":1}],"seed_played":"-718704513349643344","potions_obtained":[{"floor":1,"key":"SkillPotion"},{"floor":4,"key":"Explosive Potion"},{"floor":11,"key":"Ancient Potion"}],"is_trial":false,"path_per_floor":["M","?","?","M","M","R","E","$","T","E","M","?","M"],"character_chosen":"THE_SILENT","items_purchased":["Centennial Puzzle"],"campfire_rested":0,"item_purchase_floors":[8],"current_hp_per_floor":[56,45,50,45,44,44,32,32,32,2,2,2,0],"gold":158,"neow_bonus":"HUNDRED_GOLD","is_prod":false,"is_daily":false,"chose_seed":false,"campfire_upgraded":1,"win_rate":0,"timestamp":1557759294,"path_taken":["M","?","?","M","M","R","E","$","T","E","M","?","?"],"build_version":"2019-01-23","purchased_purges":1,"victory":false,"max_hp_per_floor":[66,66,71,71,71,71,71,71,71,71,71,71,71],"card_choices":[{"not_picked":["Deadly Poison","Deflect"],"picked":"Dagger Spray","floor":1},{"not_picked":["Deflect","Sucker Punch"],"picked":"Terror","floor":4},{"not_picked":["Cloak And Dagger","Bane"],"picked":"Dagger Spray","floor":5},{"not_picked":["Outmaneuver","Terror"],"picked":"Poisoned Stab","floor":7},{"not_picked":["Underhanded Strike","Expertise"],"picked":"Masterful Stab","floor":10},{"not_picked":["Blade Dance","Slice"],"picked":"Deadly Poison","floor":11}],"player_experience":2320261,"relics_obtained":[{"floor":7,"key":"Snake Skull"},{"floor":9,"key":"Happy Flower"},{"floor":10,"key":"Boot"}],"event_choices":[{"damage_healed":0,"gold_gain":0,"player_choice":"Success","damage_taken":11,"relics_obtained":["Lantern"],"max_hp_gain":0,"max_hp_loss":0,"event_name":"Scrap Ooze","floor":2,"gold_loss":0},{"damage_healed":0,"gold_gain":0,"player_choice":"Donut","damage_taken":0,"max_hp_gain":5,"max_hp_loss":0,"event_name":"Big Fish","floor":3,"gold_loss":0},{"damage_healed":0,"gold_gain":50,"player_choice":"Pray","damage_taken":0,"max_hp_gain":0,"max_hp_loss":0,"event_name":"Golden Shrine","floor":12,"gold_loss":0}],"is_beta":false,"boss_relics":[],"items_purged_floors":[8],"is_endless":false,"potions_floor_spawned":[1,4,11],"killed_by":"3 Louse","ascension_level":20}