{"gold_per_floor":[17,34,34,34,48,48,60,70,70,70,70,100,100,23,23,95,95,115,127,127,127,52,52,66,78,78,92,17,33,53,81,81,156,156,178,2,2,48,61,88,105,118,118,151,169,197,197,229,229,229,229,229,229,97,124,124],"floor_reached":56,"playtime":2845,"items_purged":["Strike_R"],"score":2028,"play_id":"509547f1-92df-481b-8f7e-f4a8edc4433d","local_time":"20190514213835","is_ascension_mode":true,"campfire_choices":[{"data":"Uppercut","floor":6.0,"key":"SMITH"},{"data":"Demon Form","floor":11.0,"key":"SMITH"},{"data":"Dual Wield","floor":15.0,"key":"SMITH"},{"data":"Demon Form","floor":23.0,"key":"SMITH"},{"data":"Limit Break","floor":32.0,"key":"SMITH"},{"data":"1","floor":47.0,"key":"LIFT"},{"floor":49.0,"key":"RECALL"},{"data":"2","floor":53,"key":"LIFT"}],"neow_cost":"NO_GOLD","seed_source_timestamp":1685848777186907,"circlet_count":0,"master_deck":["AscendersBane","Defend_R","Defend_R","Defend_R","Bash","Exhume","Demon Form+1","Body Slam+1","Uppercut+1","Dual Wield+1","Entrench","Demon Form+1","Second Wind","Immolate","True Grit","Impervious","Entrench","Limit Break+1","Evolve","Reaper","Heavy Blade","Apotheosis","Burning Pact","Shrug It Off+1","Reaper","Pommel Strike"],"special_seed":0,"relics":["Burning Blood","Red Skull","Pen Nib","Snecko Eye","Nilry\u0027s Codex","Orichalcum","Letter Opener","Calling Bell","MawBank","Dodecahedron","Girya","Ginger","Shuriken","Mercury Hourglass","Toxic Egg 2","Bag of Marbles","Gambling Chip"],"potions_floor_usage":[56,56],"damage_taken":[{"damage":15.0,"enemies":"Small Slimes","floor":1.0,"turns":4.0},{"damage":7.0,"enemies":"Cultist","floor":2.0,"turns":4.0},{"damage":4.0,"enemies":"2 Louse","floor":5.0,"turns":3.0},{"damage":0.0,"enemies":"Exordium Thugs","floor":7.0,"turns":3.0},{"damage":20.0,"enemies":"Large Slime","floor":8.0,"turns":7.0},{"damage":15.0,"enemies":"Lagavulin","floor":12.0,"turns":5.0},{"damage":32.0,"enemies":"The Guardian","floor":16.0,"turns":8.0},{"damage":1.0,"enemies":"3 Byrds","floor":18.0,"turns":2.0},{"damage":3.0,"enemies":"Spheric Guardian","floor":19.0,"turns":3.0},{"damage":0.0,"enemies":"Snecko","floor":24.0,"turns":3.0},{"damage":29.0,"enemies":"Sentry and Sphere","floor":25.0,"turns":6.0},{"damage":9.0,"enemies":"Centurion and Healer","floor":27.0,"turns":3.0},{"damage":9.0,"enemies":"3 Cultists","floor":29.0,"turns":4.0},{"damage":2.0,"enemies":"Snake Plant","floor":30.0,"turns":4.0},{"damage":4.0,"enemies":"Book of Stabbing","floor":31.0,"turns":4.0},{"damage":8.0,"enemies":"Champ","floor":33.0,"turns":8.0},{"damage":40.0,"enemies":"3 Shapes","floor":35.0,"turns":8.0},{"damage":36.0,"enemies":"2 Orb Walkers","floor":38.0,"turns":4.0},{"damage":63.0,"enemies":"3 Darklings","floor":39.0,"turns":6.0},{"damage":0.0,"enemies":"Giant Head","floor":40.0,"turns":7.0},{"damage":122.0,"enemies":"Jaw Worm Horde","floor":41.0,"turns":7.0},{"damage":40.0,"enemies":"Maw","floor":42.0,"turns":8.0},{"damage":46.0,"enemies":"Reptomancer","floor":44.0,"turns":7.0},{"damage":5.0,"enemies":"Transient","floor":45.0,"turns":6.0},{"damage":63.0,"enemies":"Giant Head","floor":46.0,"turns":9.0},{"damage":24.0,"enemies":"Nemesis","floor":48.0,"turns":5.0},{"damage":79.0,"enemies":"Time Eater","floor":50.0,"turns":11.0},{"damage":91.0,"enemies":"Donu and Deca","floor":51.0,"turns":7.0},{"damage":31,"enemies":"Shield and Spear","floor":55,"turns":6},{"damage":86,"enemies":"The Heart","floor":56,"turns":3}],"seed_played":"4470784626199967274","potions_obtained":[{"floor":1.0,"key":"SkillPotion"},{"floor":12.0,"key":"Swift Potion"},{"floor":16.0,"key":"PowerPotion"},{"floor":18.0,"key":"Dexterity Potion"},{"floor":19.0,"key":"SpeedPotion"},{"floor":27.0,"key":"Block Potion"},{"floor":30.0,"key":"Block Potion"},{"floor":38.0,"key":"Strength Potion"},{"floor":41.0,"key":"BloodPotion"},{"floor":44.0,"key":"Energy Potion"},{"floor":45.0,"key":"GamblersBrew"}],"is_trial":false,"path_per_floor":["M","M","?","$","M","R","M","M","T","?","R","E","?","$","R","B",null,"M","M","?","?","?","R","M","M","T","M","$","M","M","E","R","B",null,"M","$","?","?","M","E","M","M","T","E","M","E","R","E","R","B","B",null,"R","$","E","B"],"character_chosen":"IRONCLAD","items_purchased":["Second Wind","Evolve","Apotheosis","Swift Potion"],"campfire_rested":0,"item_purchase_floors":[14,28,36,54],"current_hp_per_floor":[59,58,58,58,60,60,66,52,52,52,52,43,36,36,36,10,59,64,67,46,46,46,46,52,29,29,26,26,23,27,29,29,27,63,75,75,75,74,75,75,69,75,75,75,75,75,75,75,75,75,75,75,75,75,75,0],"gold":124,"neow_bonus":"TRANSFORM_TWO_CARDS","is_prod":false,"is_daily":false,"chose_seed":false,"campfire_upgraded":5,"win_rate":0,"timestamp":1557841115,"path_taken":["M","M","?","?","?","R","M","M","T","?","R","E","?","$","R","BOSS","M","M","?","?","?","R","M","M","T","M","?","?","M","E","R","BOSS","M","?","?","?","M","E","M","?","T","E","M","E","R","E","R","BOSS","BOSS","R","$","E","BOSS"],"build_version":"2019-01-23","purchased_purges":1,"victory":false,"max_hp_per_floor":[75,75,75,75,75,75,75,75,75,75,75,75,75,75,75,75,75,75,75,75,75,75,75,75,75,75,75,75,75,75,75,75,75,75,75,75,75,75,75,75,75,75,75,75,75,75,75,75,75,75,75,75,75,75,75,75],"card_choices":[{"not_picked":["Wild Strike","Clothesline"],"picked":"Body Slam","floor":1.0},{"not_picked":["Clothesline","Clash","Cleave"],"picked":"SKIP","floor":2.0},{"not_picked":["Flame Barrier","Iron Wave"],"picked":"Uppercut","floor":5.0},{"not_picked":["Exhume","Battle Trance"],"picked":"Dual Wield","floor":7.0},{"not_picked":["Hemokinesis","Ghostly Armor"],"picked":"Entrench","floor":8.0},{"not_picked":["Armaments","Blood for Blood"],"picked":"Demon Form","floor":12.0},{"not_picked":["Fiend Fire","Feed"],"picked":"Immolate","floor":16.0},{"not_picked":["True Grit","Flex","Clash"],"picked":"SKIP","floor":18.0},{"not_picked":["Flex","Clash"],"picked":"True Grit","floor":18.0},{"not_picked":["Thunderclap","Havoc","Flex"],"picked":"SKIP","floor":19.0},{"not_picked":["Body Slam","Twin Strike"],"picked":"Entrench","floor":24.0},{"not_picked":["Pommel Strike","Flex"],"picked":"Limit Break","floor":25.0},{"not_picked":["Shrug It Off","Dropkick","Clothesline"],"picked":"SKIP","floor":27.0},{"not_picked":["Searing Blow","Headbutt","Infernal Blade"],"picked":"SKIP","floor":29.0},{"not_picked":["Body Slam","Clash","Iron Wave"],"picked":"SKIP","floor":30.0},{"not_picked":["Second Wind","Evolve","Perfected Strike"],"picked":"SKIP","floor":31.0},{"not_picked":["Offering","Impervious"],"picked":"Reaper","floor":33.0},{"not_picked":["Flex","Anger"],"picked":"Heavy Blade","floor":35.0},{"not_picked":["Headbutt","Heavy Blade"],"picked":"Burning Pact","floor":38.0},{"not_picked":["Searing Blow+1","Cleave","Body Slam"],"picked":"SKIP","floor":39.0},{"not_picked":["Wild Strike","Flex","Berserk"],"picked":"SKIP","floor":40.0},{"not_picked":["Havoc","Shrug It Off+1","Combust+1"],"picked":"SKIP","floor":41.0},{"not_picked":["Havoc","Combust+1"],"picked":"Shrug It Off+1","floor":41.0},{"not_picked":["Pummel+1","Clothesline","Thunderclap+1"],"picked":"SKIP","floor":42.0},{"not_picked":["Pommel Strike","Anger"],"picked":"Reaper","floor":44.0},{"not_picked":["Rupture","Pummel"],"picked":"Pommel Strike","floor":45.0},{"not_picked":["Carnage","Warcry","Anger"],"picked":"SKIP","floor":46.0},{"not_picked":["Uppercut","Combust","Sever Soul"],"picked":"SKIP","floor":48.0},{"not_picked":["Armaments+1","Pommel Strike","Wild Strike"],"picked":"SKIP","floor":55}],"player_experience":1967844,"relics_obtained":[{"floor":9.0,"key":"Red Skull"},{"floor":12.0,"key":"Pen Nib"},{"floor":20.0,"key":"Nilry\u0027s Codex"},{"floor":26.0,"key":"Orichalcum"},{"floor":31.0,"key":"Letter Opener"},{"floor":34.0,"key":"MawBank"},{"floor":34.0,"key":"Dodecahedron"},{"floor":34.0,"key":"Girya"},{"floor":38.0,"key":"Ginger"},{"floor":40.0,"key":"Shuriken"},{"floor":44.0,"key":"Mercury Hourglass"},{"floor":46.0,"key":"Toxic Egg 2"},{"floor":48.0,"key":"Bag of Marbles"},{"floor":55,"key":"Gambling Chip"}],"event_choices":[{"damage_healed":0.0,"max_hp_gain":0.0,"max_hp_loss":0.0,"gold_gain":0.0,"event_name":"Upgrade Shrine","player_choice":"Upgraded","floor":3.0,"gold_loss":0.0,"damage_taken":0.0,"cards_upgraded":["Body Slam"]},{"damage_healed":0.0,"max_hp_gain":0.0,"max_hp_loss":0.0,"gold_gain":0.0,"event_name":"Dead Adventurer","player_choice":"Searched \u00270\u0027 times","floor":10.0,"gold_loss":0.0,"damage_taken":0.0},{"cards_removed":["Strike_R"],"damage_healed":0.0,"max_hp_gain":0.0,"max_hp_loss":0.0,"gold_gain":0.0,"event_name":"Golden Wing","player_choice":"Card Removal","floor":13.0,"gold_loss":0.0,"damage_taken":7.0},{"damage_healed":0.0,"max_hp_gain":0.0,"max_hp_loss":0.0,"gold_gain":0.0,"event_name":"Cursed Tome","player_choice":"Obtained Book","floor":20.0,"gold_loss":0.0,"damage_taken":21.0},{"damage_healed":0.0,"max_hp_gain":0.0,"max_hp_loss":0.0,"gold_gain":0.0,"event_name":"The Library","player_choice":"Read","floor":21.0,"gold_loss":0.0,"damage_taken":0.0,"cards_obtained":["Impervious"]},{"cards_removed":["Strike_R"],"damage_healed":0.0,"max_hp_gain":0.0,"max_hp_loss":0.0,"gold_gain":0.0,"event_name":"Beggar","player_choice":"Gave Gold","floor":22.0,"gold_loss":75.0,"damage_taken":0.0},{"cards_removed":["Strike_R"],"damage_healed":0.0,"max_hp_gain":0.0,"max_hp_loss":0.0,"gold_gain":0.0,"event_name":"Falling","player_choice":"Removed Attack","floor":37.0,"gold_loss":0.0,"damage_taken":0.0},{"damage_healed":0.0,"max_hp_gain":0.0,"max_hp_loss":0.0,"gold_gain":0.0,"event_name":"Mysterious Sphere","player_choice":"Fight","floor":38.0,"gold_loss":0.0,"damage_taken":0.0}],"is_beta":false,"boss_relics":[{"not_picked":["Busted Crown","Black Blood"],"picked":"Snecko Eye"},{"not_picked":["Black Star","Fusion Hammer"],"picked":"Calling Bell"}],"items_purged_floors":[54],"is_endless":false,"potions_floor_spawned":[1,12,16,18,19,27,29,30,38,41,44,45,48],"killed_by":"The Heart","ascension_level":20}