{"gold_per_floor":[115,128,142,142,156,182,182,216,216,216,226,226,236,43,43,122,122,133,144,144,161,161],"floor_reached":22,"playtime":695,"items_purged":[],"score":347,"play_id":"5af66c4a-2cc2-4397-8df7-04054c413305","local_time":"20181015121100","is_ascension_mode":true,"campfire_choices":[{"floor":7.0,"key":"REST"},{"data":"Zap","floor":10.0,"key":"SMITH"},{"data":"Coolheaded","floor":12.0,"key":"SMITH"},{"data":"Ball Lightning","floor":15.0,"key":"SMITH"}],"neow_cost":"","seed_source_timestamp":99752928764029,"circlet_count":0,"master_deck":["Strike_B","Strike_B","Strike_B","Strike_B","Defend_B","Defend_B","Defend_B","Defend_B","Zap+1","Dualcast","AscendersBane","Rebound","Genetic Algorithm","Ball Lightning+1","Melter","Echo Form","Coolheaded+1","Rip and Tear","Creative AI","Consume","Ball Lightning","Decay"],"special_seed":0,"relics":["Cracked Core","Blue Candle","Happy Flower","Orichalcum","Medical Kit","Busted Crown"],"potions_floor_usage":[19],"damage_taken":[{"damage":7.0,"enemies":"Jaw Worm","floor":1.0,"turns":3.0},{"damage":0.0,"enemies":"Small Slimes","floor":2.0,"turns":2.0},{"damage":0.0,"enemies":"2 Louse","floor":3.0,"turns":2.0},{"damage":8.0,"enemies":"Blue Slaver","floor":5.0,"turns":3.0},{"damage":24.0,"enemies":"Gremlin Nob","floor":6.0,"turns":4.0},{"damage":10.0,"enemies":"Lagavulin","floor":8.0,"turns":6.0},{"damage":2.0,"enemies":"3 Louse","floor":11.0,"turns":2.0},{"damage":10.0,"enemies":"Exordium Wildlife","floor":13.0,"turns":3.0},{"damage":14,"enemies":"Hexaghost","floor":16,"turns":8},{"damage":5,"enemies":"Spheric Guardian","floor":18,"turns":3},{"damage":0,"enemies":"3 Byrds","floor":19,"turns":4},{"damage":48,"enemies":"Slaver and Parasite","floor":21,"turns":5},{"damage":9,"enemies":"Chosen and Byrds","floor":22,"turns":3}],"seed_played":"-1373575867887304615","potions_obtained":[{"floor":1.0,"key":"Dexterity Potion"},{"floor":2.0,"key":"EssenceOfSteel"}],"is_trial":false,"path_per_floor":["M","M","M","?","M","E","R","E","T","R","M","R","M","$","R","B",null,"M","M","?","M"],"character_chosen":"DEFECT","items_purchased":["Medical Kit"],"campfire_rested":1,"item_purchase_floors":[14],"current_hp_per_floor":[57,57,57,62,54,30,52,42,42,42,40,40,30,30,30,16,61,56,56,56,8,0],"gold":161,"neow_bonus":"","is_prod":false,"is_daily":false,"chose_seed":false,"campfire_upgraded":3,"win_rate":0,"timestamp":1539616260,"path_taken":["M","M","M","?","M","E","R","E","T","R","M","R","M","$","R","BOSS","M","M","?","M","M"],"build_version":"2018-07-12","purchased_purges":0,"victory":false,"max_hp_per_floor":[71,71,71,76,76,76,76,76,76,76,76,76,76,76,76,76,76,76,76,76,76,76],"card_choices":[{"not_picked":["Storm","Heatsinks"],"picked":"Rebound","floor":1.0},{"not_picked":["Double Energy","Beam Cell"],"picked":"Genetic Algorithm","floor":2.0},{"not_picked":["Consume","Stack"],"picked":"Ball Lightning","floor":3.0},{"not_picked":["Barrage","Sweeping Beam"],"picked":"Melter","floor":5.0},{"not_picked":["Hello World","Recycle"],"picked":"Echo Form","floor":6.0},{"not_picked":["Blizzard","Fusion","Beam Cell"],"picked":"SKIP","floor":8.0},{"not_picked":["Tempest","Sweeping Beam"],"picked":"Coolheaded","floor":11.0},{"not_picked":["Stack","Coolheaded"],"picked":"Rip and Tear","floor":13.0},{"not_picked":["Amplify","Multi-Cast"],"picked":"Creative AI","floor":16},{"not_picked":[],"picked":"Consume","floor":18},{"not_picked":[],"picked":"Ball Lightning","floor":19},{"not_picked":["Gash"],"picked":"SKIP","floor":21}],"player_experience":963206,"relics_obtained":[{"floor":6.0,"key":"Blue Candle"},{"floor":8.0,"key":"Happy Flower"},{"floor":9.0,"key":"Orichalcum"}],"event_choices":[{"event_name":"Big Fish","player_choice":"Donut","floor":4.0,"damage_taken":0.0},{"event_name":"Forgotten Altar","player_choice":"Smashed Altar","floor":20,"damage_taken":0}],"boss_relics":[{"not_picked":["White Beast Statue","Coffee Dripper"],"picked":"Busted Crown"}],"items_purged_floors":[],"is_endless":false,"potions_floor_spawned":[1,2,6,11,18],"killed_by":"Chosen and Byrds","ascension_level":15}