{"gold_per_floor":[111,91,111,121,138,170,170,197,269,282,282,20,32,58,58,137,137,152,172,19,37,50,50,85,97,109,121],"floor_reached":27,"playtime":1113,"items_purged":[],"score":560,"play_id":"d38a3f53-dfb9-4e5d-9228-22184a6d0d66","local_time":"20190507142445","is_ascension_mode":true,"campfire_choices":[{"data":"Feed","floor":7.0,"key":"SMITH"},{"floor":11.0,"key":"REST"},{"floor":15,"key":"REST"},{"floor":23,"key":"REST"},{"floor":25,"key":"REST"}],"neow_cost":"PERCENT_DAMAGE","seed_source_timestamp":171611324470002,"circlet_count":0,"master_deck":["AscendersBane","Strike_R","Strike_R","Strike_R","Strike_R+1","Strike_R","Defend_R","Defend_R","Defend_R","Defend_R","Bash","Armaments","Feed+1","Metallicize","Clothesline","Headbutt","Demon Form","Whirlwind+1","Exhume+1","Reaper","Demon Form","Dual Wield+1","Shrug It Off+1"],"special_seed":0,"relics":["Burning Blood","Juzu Bracelet","Du-Vu Doll","Blue Candle","Toxic Egg 2","Whetstone","Snecko Eye","MawBank","Regal Pillow"],"potions_floor_usage":[14,16,18,24],"damage_taken":[{"damage":12.0,"enemies":"Small Slimes","floor":1.0,"turns":6.0},{"damage":1.0,"enemies":"Cultist","floor":3.0,"turns":3.0},{"damage":2.0,"enemies":"Jaw Worm","floor":4.0,"turns":4.0},{"damage":16.0,"enemies":"Looter","floor":5.0,"turns":4.0},{"damage":32.0,"enemies":"Gremlin Nob","floor":6.0,"turns":4.0},{"damage":21.0,"enemies":"3 Sentries","floor":8.0,"turns":14.0},{"damage":14.0,"enemies":"Exordium Wildlife","floor":10.0,"turns":5.0},{"damage":10.0,"enemies":"Lots of Slimes","floor":13.0,"turns":6.0},{"damage":44,"enemies":"Gremlin Nob","floor":14,"turns":5},{"damage":28,"enemies":"Slime Boss","floor":16,"turns":8},{"damage":38,"enemies":"2 Thieves","floor":18,"turns":4},{"damage":25,"enemies":"Spheric Guardian","floor":19,"turns":4},{"damage":18,"enemies":"3 Cultists","floor":21,"turns":4},{"damage":73,"enemies":"Shelled Parasite and Fungi","floor":22,"turns":5},{"damage":59,"enemies":"Slavers","floor":24,"turns":5},{"damage":68,"enemies":"Book of Stabbing","floor":27,"turns":6}],"seed_played":"2918465662377950048","potions_obtained":[{"floor":1.0,"key":"SkillPotion"},{"floor":2.0,"key":"Poison Potion"},{"floor":6.0,"key":"Block Potion"},{"floor":8.0,"key":"EssenceOfSteel"},{"floor":10.0,"key":"PowerPotion"},{"floor":14,"key":"Energy Potion"},{"floor":18,"key":"Explosive Potion"},{"floor":22,"key":"Explosive Potion"}],"is_trial":false,"path_per_floor":["M","?","M","M","M","E","R","E","T","M","R","$","M","E","R","B",null,"M","M","$","M","M","R","E","R","T","E"],"character_chosen":"IRONCLAD","items_purchased":["Toxic Egg 2","Demon Form"],"campfire_rested":4,"item_purchase_floors":[12,20],"current_hp_per_floor":[58,58,63,67,61,35,35,24,24,20,50,50,50,12,43,25,88,68,58,58,71,9,42,21,57,57,0],"gold":121,"neow_bonus":"TWENTY_PERCENT_HP_BONUS","is_prod":false,"is_daily":false,"chose_seed":false,"campfire_upgraded":1,"win_rate":0,"timestamp":1557249885,"path_taken":["M","?","M","M","M","E","R","E","T","M","R","$","M","E","R","BOSS","M","M","$","M","M","R","E","R","T","E"],"build_version":"2019-01-23","purchased_purges":0,"victory":false,"max_hp_per_floor":[89,89,89,89,93,93,93,97,97,101,101,101,105,105,105,109,109,109,109,109,113,113,113,121,121,121,121],"card_choices":[{"not_picked":["Warcry","Rupture","Flex"],"picked":"SKIP","floor":1.0},{"not_picked":["Flex","Headbutt"],"picked":"Armaments","floor":3.0},{"not_picked":["Headbutt","Heavy Blade"],"picked":"Feed","floor":4.0},{"not_picked":["Wild Strike","Pommel Strike"],"picked":"Metallicize","floor":5.0},{"not_picked":["Burning Pact","Havoc"],"picked":"Clothesline","floor":6.0},{"not_picked":["Body Slam","Uppercut"],"picked":"Headbutt","floor":8.0},{"not_picked":["Body Slam","Havoc"],"picked":"Demon Form","floor":10.0},{"not_picked":["Anger","Ghostly Armor+1"],"picked":"Whirlwind","floor":13.0},{"not_picked":["Anger","Pummel"],"picked":"Exhume+1","floor":14},{"not_picked":["Limit Break+1","Impervious+1"],"picked":"Reaper","floor":16},{"not_picked":["Wild Strike","Combust","Cleave+1"],"picked":"SKIP","floor":18},{"not_picked":["Pummel","Blood for Blood","Twin Strike"],"picked":"SKIP","floor":19},{"not_picked":["Warcry+1","Iron Wave"],"picked":"Dual Wield+1","floor":21},{"not_picked":["Perfected Strike","Twin Strike"],"picked":"Shrug It Off+1","floor":22},{"not_picked":["Flex+1","Carnage","Thunderclap"],"picked":"SKIP","floor":24},{"not_picked":["Flex+1","Carnage","Thunderclap"],"picked":"SKIP","floor":24}],"player_experience":2273429,"relics_obtained":[{"floor":6.0,"key":"Juzu Bracelet"},{"floor":8.0,"key":"Du-Vu Doll"},{"floor":9.0,"key":"Blue Candle"},{"floor":14,"key":"Whetstone"},{"floor":24,"key":"MawBank"},{"floor":26,"key":"Regal Pillow"}],"event_choices":[{"damage_healed":0.0,"max_hp_gain":0.0,"max_hp_loss":0.0,"gold_gain":0.0,"event_name":"The Woman in Blue","player_choice":"Bought 1 Potion","floor":2.0,"gold_loss":0.0,"damage_taken":0.0}],"is_beta":false,"boss_relics":[{"not_picked":["Astrolabe","Lizard Tail"],"picked":"Snecko Eye"}],"items_purged_floors":[],"is_endless":false,"potions_floor_spawned":[1,6,8,10,14,18,22],"killed_by":"Book of Stabbing","ascension_level":20}