{"gold_per_floor":[119,119,138,63,76,110,120,120,120,45,45,63,63,80,80,153,153,173,72,85,105,30,30,30,30,56,56,75,85,85],"floor_reached":30,"playtime":880,"items_purged":["Strike_R"],"score":464,"play_id":"60c883ba-af9e-48b9-b1f8-0e0b61fb1d77","local_time":"20190422200208","is_ascension_mode":true,"campfire_choices":[{"data":"Flex","floor":8.0,"key":"SMITH"},{"data":"Pommel Strike","floor":11.0,"key":"SMITH"},{"data":"Burning Pact","floor":13.0,"key":"SMITH"},{"data":"Limit Break","floor":15.0,"key":"SMITH"},{"data":"Fiend Fire","floor":23.0,"key":"SMITH"},{"data":"Sword Boomerang","floor":25.0,"key":"SMITH"},{"data":"Inflame","floor":27.0,"key":"SMITH"}],"neow_cost":"NONE","seed_source_timestamp":121077339456803,"circlet_count":0,"master_deck":["AscendersBane","Strike_R","Strike_R","Strike_R","Defend_R","Defend_R","Defend_R","Defend_R","Bash","Shockwave+1","Flex+1","Limit Break+1","Pummel","Sword Boomerang+1","Pommel Strike+1","Burning Pact+1","Evolve","Fiend Fire+1","Inflame+1","Shrug It Off","Ghostly","Ghostly","Ghostly","Warcry+1","Bloodletting"],"special_seed":0,"relics":["Burning Blood","NeowsBlessing","Shuriken","Orrery","Letter Opener","Bag of Marbles"],"potions_floor_usage":[],"damage_taken":[{"damage":0.0,"enemies":"Small Slimes","floor":1.0,"turns":1.0},{"damage":0.0,"enemies":"Cultist","floor":3.0,"turns":1.0},{"damage":0.0,"enemies":"2 Louse","floor":5.0,"turns":1.0},{"damage":55.0,"enemies":"3 Sentries","floor":6.0,"turns":11.0},{"damage":15.0,"enemies":"Red Slaver","floor":7.0,"turns":4.0},{"damage":5.0,"enemies":"2 Fungi Beasts","floor":12.0,"turns":4.0},{"damage":17.0,"enemies":"Exordium Thugs","floor":14.0,"turns":4.0},{"damage":20.0,"enemies":"Hexaghost","floor":16.0,"turns":6.0},{"damage":5.0,"enemies":"3 Byrds","floor":18.0,"turns":4.0},{"damage":11.0,"enemies":"Spheric Guardian","floor":20.0,"turns":3.0},{"damage":34.0,"enemies":"Centurion and Healer","floor":21.0,"turns":6.0},{"damage":18.0,"enemies":"Cultist and Chosen","floor":28.0,"turns":7.0},{"damage":13.0,"enemies":"Snecko","floor":29.0,"turns":5.0},{"damage":9,"enemies":"Centurion and Healer","floor":30,"turns":2}],"seed_played":"355876125782841135","potions_obtained":[{"floor":7.0,"key":"Explosive Potion"},{"floor":12.0,"key":"Regen Potion"},{"floor":16.0,"key":"Fire Potion"}],"is_trial":false,"path_per_floor":["M","?","M","$","M","E","M","R","T","?","R","M","R","M","R","B",null,"M","?","M","M","$","R","?","R","T","R","M","M","M"],"character_chosen":"IRONCLAD","items_purchased":["Limit Break"],"campfire_rested":0,"item_purchase_floors":[4],"current_hp_per_floor":[74,74,75,75,75,26,17,17,17,17,17,18,18,7,7,7,58,59,59,54,26,26,26,26,26,26,26,14,7,0],"gold":85,"neow_bonus":"THREE_ENEMY_KILL","is_prod":false,"is_daily":false,"chose_seed":false,"campfire_upgraded":7,"win_rate":0,"timestamp":1555934528,"path_taken":["M","?","?","?","?","E","M","R","T","?","R","M","R","M","R","BOSS","M","?","M","?","$","R","?","R","T","R","M","M","M"],"build_version":"2019-01-23","purchased_purges":1,"victory":false,"max_hp_per_floor":[75,75,75,75,75,75,75,75,75,75,75,75,75,75,75,75,75,75,75,75,75,75,75,37,37,37,37,37,37,37],"card_choices":[{"not_picked":["Sword Boomerang","Pummel"],"picked":"Shockwave","floor":1.0},{"not_picked":["Headbutt","Cleave"],"picked":"Flex","floor":3.0},{"not_picked":["Thunderclap","Shrug It Off"],"picked":"Pummel","floor":5.0},{"not_picked":["Seeing Red","Rampage"],"picked":"Sword Boomerang","floor":6.0},{"not_picked":["Intimidate","Entrench"],"picked":"Pommel Strike","floor":7.0},{"not_picked":["Thunderclap","Hemokinesis"],"picked":"Burning Pact","floor":12.0},{"not_picked":["Pummel","Entrench"],"picked":"Evolve","floor":14.0},{"not_picked":["Bludgeon","Immolate"],"picked":"Fiend Fire","floor":16.0},{"not_picked":["Shrug It Off","Reckless Charge"],"picked":"Inflame","floor":17.0},{"not_picked":["Sword Boomerang","Double Tap"],"picked":"Shrug It Off","floor":17.0},{"not_picked":["Fire Breathing","Iron Wave","Thunderclap"],"picked":"SKIP","floor":18.0},{"not_picked":["Carnage","Sever Soul","Heavy Blade"],"picked":"SKIP","floor":20.0},{"not_picked":["Armaments","Shrug It Off","Cleave+1"],"picked":"SKIP","floor":21.0},{"not_picked":["Heavy Blade","Armaments"],"picked":"Warcry+1","floor":28.0},{"not_picked":["Heavy Blade","Anger+1"],"picked":"Bloodletting","floor":29.0}],"player_experience":1737102,"relics_obtained":[{"floor":6.0,"key":"Shuriken"},{"floor":26.0,"key":"Bag of Marbles"}],"event_choices":[{"damage_healed":0.0,"max_hp_gain":0.0,"max_hp_loss":0.0,"gold_gain":0.0,"event_name":"Upgrade Shrine","player_choice":"Upgraded","floor":2.0,"gold_loss":0.0,"damage_taken":0.0,"cards_upgraded":["Shockwave"]},{"cards_removed":["Strike_R"],"damage_healed":0.0,"max_hp_gain":0.0,"max_hp_loss":0.0,"gold_gain":0.0,"event_name":"The Cleric","player_choice":"Card Removal","floor":10.0,"gold_loss":75.0,"damage_taken":0.0},{"damage_healed":0.0,"max_hp_gain":0.0,"max_hp_loss":0.0,"gold_gain":0.0,"event_name":"WeMeetAgain","player_choice":"Paid Gold","floor":19.0,"gold_loss":101.0,"damage_taken":0.0,"relics_obtained":["Letter Opener"]},{"damage_healed":0.0,"max_hp_gain":0.0,"max_hp_loss":38.0,"gold_gain":0.0,"event_name":"Ghosts","player_choice":"Became a Ghost","floor":24.0,"gold_loss":0.0,"damage_taken":0.0,"cards_obtained":["Ghostly","Ghostly","Ghostly"]}],"is_beta":false,"boss_relics":[{"not_picked":["Philosopher\u0027s Stone","Ectoplasm"],"picked":"Orrery"}],"items_purged_floors":[22],"is_endless":false,"potions_floor_spawned":[7,12,16],"killed_by":"Centurion and Healer","ascension_level":20}