{"gold_per_floor":[113,113,133,208,43,43,73,85,85,50,75,75,92,123,123,201,201,215,113,163,163,163,163,196,206,206,219,254,254,279,299,299,375,375,390,390,390,404,404,129,129,146,169,269,49,49],"floor_reached":46,"playtime":4005,"items_purged":["Strike_B","White Noise","Redo"],"score":984,"play_id":"2ab53154-af06-44a4-a3ff-6ff3763be5e8","local_time":"20190516111109","is_ascension_mode":true,"campfire_choices":[{"data":"Zap","floor":6,"key":"SMITH"},{"data":"Doom and Gloom","floor":12,"key":"SMITH"},{"data":"Creative AI","floor":15,"key":"SMITH"},{"data":"Biased Cognition","floor":23,"key":"SMITH"},{"data":"Electrodynamics","floor":29,"key":"SMITH"},{"data":"Static Discharge","floor":32,"key":"SMITH"},{"floor":41,"key":"RECALL"}],"neow_cost":"NONE","seed_source_timestamp":27510609234906,"circlet_count":0,"master_deck":["AscendersBane","Zap+1","Dualcast","Compile Driver","Doom and Gloom+1","Hologram","FTL","Loop","Creative AI+1","Electrodynamics+1","Undo","Biased Cognition+1","Glacier","Barrage+1","Cold Snap+1","Coolheaded","Chill","Force Field","Steam+1","Static Discharge+1","Amplify","Panacea","Hologram","Coolheaded","Undo","Parasite","Coolheaded","Biased Cognition+1"],"relics":["Cracked Core","War Paint","Question Card","Molten Egg 2","Bird Faced Urn","Smiling Mask","Pandora\u0027s Box","Du-Vu Doll","Gremlin Horn","Anchor","Shuriken","Cursed Key","Happy Flower","Unceasing Top","DollysMirror"],"potions_floor_usage":[11,24,33,46],"damage_taken":[{"damage":7,"enemies":"2 Louse","floor":1,"turns":2},{"damage":0,"enemies":"Cultist","floor":3,"turns":3},{"damage":14,"enemies":"Lagavulin","floor":7,"turns":5},{"damage":9,"enemies":"Jaw Worm","floor":8,"turns":2},{"damage":6,"enemies":"Gremlin Nob","floor":11,"turns":3},{"damage":5,"enemies":"3 Louse","floor":13,"turns":2},{"damage":15,"enemies":"Lagavulin","floor":14,"turns":5},{"damage":35,"enemies":"Hexaghost","floor":16,"turns":9},{"damage":3,"enemies":"Chosen","floor":18,"turns":6},{"damage":20,"enemies":"Book of Stabbing","floor":24,"turns":4},{"damage":22,"enemies":"Shell Parasite","floor":25,"turns":25},{"damage":0,"enemies":"3 Cultists","floor":27,"turns":4},{"damage":3,"enemies":"Gremlin Leader","floor":28,"turns":7},{"damage":24,"enemies":"Book of Stabbing","floor":30,"turns":4},{"damage":14,"enemies":"Snake Plant","floor":31,"turns":3},{"damage":61,"enemies":"Collector","floor":33,"turns":7},{"damage":1,"enemies":"3 Shapes","floor":35,"turns":4},{"damage":0,"enemies":"3 Darklings","floor":38,"turns":4},{"damage":1,"enemies":"Maw","floor":42,"turns":8},{"damage":0,"enemies":"Mind Bloom Boss Battle","floor":44,"turns":9},{"damage":103,"enemies":"Nemesis","floor":46,"turns":11}],"seed_played":"3307514896316562392","potions_obtained":[{"floor":7,"key":"FearPotion"},{"floor":13,"key":"GamblersBrew"},{"floor":24,"key":"FocusPotion"},{"floor":25,"key":"Ancient Potion"},{"floor":38,"key":"Dexterity Potion"},{"floor":42,"key":"AttackPotion"}],"is_trial":false,"path_per_floor":["M","?","M","?","$","R","E","M","T","?","E","R","M","E","R","B",null,"M","$","?","?","?","R","E","M","T","M","E","R","E","M","R","B",null,"M","?","?","M","?","$","R","M","T","?","$","E"],"character_chosen":"DEFECT","items_purchased":["Doom and Gloom","Fire Potion","Coolheaded","Coolheaded","Happy Flower","DollysMirror"],"campfire_rested":0,"item_purchase_floors":[5,5,19,40,40,45],"current_hp_per_floor":[57,57,57,46,46,46,32,23,23,40,34,34,29,16,16,9,56,61,61,61,61,41,41,25,76,76,76,76,76,56,48,48,7,59,70,70,60,74,74,74,74,76,76,76,76,0],"gold":49,"neow_bonus":"RANDOM_COMMON_RELIC","is_prod":false,"is_daily":false,"chose_seed":false,"campfire_upgraded":6,"win_rate":0,"timestamp":1558019469,"path_taken":["M","?","?","?","$","R","E","M","T","?","E","R","M","E","R","BOSS","M","$","?","?","?","R","E","M","T","M","E","R","E","M","R","BOSS","M","?","?","M","?","$","R","?","T","?","?","E"],"build_version":"2019-01-23","purchased_purges":3,"victory":false,"max_hp_per_floor":[71,71,71,71,71,71,71,71,71,71,71,71,71,71,71,71,71,71,71,71,71,76,76,76,76,76,76,76,76,76,76,76,76,76,76,76,76,76,76,76,76,76,76,76,76,76],"card_choices":[{"not_picked":["Hologram","Barrage"],"picked":"Compile Driver","floor":1},{"not_picked":["Rebound","Barrage"],"picked":"Gash","floor":3},{"not_picked":["Steam","Redo"],"picked":"Hologram","floor":7},{"not_picked":["Rebound","Turbo","Storm"],"picked":"FTL","floor":8},{"not_picked":["Fission","Gash+1","Barrage+1"],"picked":"Redo","floor":11},{"not_picked":["Go for the Eyes+1","Leap","Beam Cell+1"],"picked":"Loop","floor":13},{"not_picked":["Skim","Streamline+1","Redo"],"picked":"Creative AI","floor":14},{"not_picked":["Rainbow","All For One+1","Amplify"],"picked":"Electrodynamics","floor":16},{"not_picked":["Turbo","Steam","Consume"],"picked":"Cold Snap+1","floor":18},{"not_picked":["Coolheaded","Multi-Cast","Chaos"],"picked":"Force Field","floor":24},{"not_picked":["Barrage+1","Ball Lightning+1","Stack","Sweeping Beam+1"],"picked":"SKIP","floor":25},{"not_picked":["Turbo","Chaos","Redo","Reboot"],"picked":"SKIP","floor":27},{"not_picked":["Go for the Eyes+1","Double Energy+1","Loop","Steam Power"],"picked":"SKIP","floor":28},{"not_picked":["Sunder+1","Turbo","Hello World"],"picked":"Steam+1","floor":30},{"not_picked":["BootSequence","Steam+1","Ball Lightning+1"],"picked":"Static Discharge","floor":31},{"not_picked":["Rainbow","Multi-Cast","Fission"],"picked":"Amplify","floor":33},{"not_picked":["Doom and Gloom+1","Cold Snap+1","Stack","Auto Shields+1"],"picked":"SKIP","floor":35},{"not_picked":["Swift Strike+1","Chrysalis","Deep Breath"],"picked":"Panacea","floor":37},{"not_picked":["Fusion","Aggregate","Ball Lightning+1"],"picked":"Hologram","floor":38},{"not_picked":["Cold Snap+1","Beam Cell+1","Stack"],"picked":"Undo","floor":42},{"not_picked":["Rebound+1","Fission","Reinforced Body"],"picked":"Coolheaded","floor":44}],"player_experience":1313609,"relics_obtained":[{"floor":7,"key":"Question Card"},{"floor":9,"key":"Molten Egg 2"},{"floor":11,"key":"Bird Faced Urn"},{"floor":14,"key":"Smiling Mask"},{"floor":24,"key":"Du-Vu Doll"},{"floor":26,"key":"Gremlin Horn"},{"floor":28,"key":"Anchor"},{"floor":30,"key":"Shuriken"},{"floor":44,"key":"Unceasing Top"}],"event_choices":[{"cards_removed":["Strike_B"],"damage_healed":0,"gold_gain":0,"player_choice":"Purged","damage_taken":0,"max_hp_gain":0,"max_hp_loss":0,"event_name":"Purifier","floor":2,"gold_loss":0},{"damage_healed":0,"gold_gain":75,"player_choice":"Gather Gold","damage_taken":11,"max_hp_gain":0,"max_hp_loss":0,"event_name":"World of Goop","floor":4,"gold_loss":0},{"damage_healed":17,"gold_gain":0,"player_choice":"Healed","damage_taken":0,"max_hp_gain":0,"max_hp_loss":0,"event_name":"The Cleric","floor":10,"gold_loss":35},{"damage_healed":0,"gold_gain":50,"player_choice":"Stole From Cult","damage_taken":0,"max_hp_gain":0,"max_hp_loss":0,"event_name":"Nest","floor":20,"gold_loss":0},{"damage_healed":0,"gold_gain":0,"player_choice":"Read","damage_taken":0,"max_hp_gain":0,"max_hp_loss":0,"event_name":"The Library","floor":21,"gold_loss":0,"cards_obtained":["Chill"]},{"damage_healed":0,"gold_gain":0,"player_choice":"Shed Blood","damage_taken":25,"max_hp_gain":5,"max_hp_loss":0,"event_name":"Forgotten Altar","floor":22,"gold_loss":0},{"cards_removed":["Gash"],"damage_healed":0,"gold_gain":0,"player_choice":"Removed Attack","damage_taken":0,"max_hp_gain":0,"max_hp_loss":0,"event_name":"Falling","floor":36,"gold_loss":0},{"damage_healed":0,"gold_gain":0,"player_choice":"Memory 3","damage_taken":10,"max_hp_gain":0,"max_hp_loss":0,"event_name":"SensoryStone","floor":37,"gold_loss":0},{"cards_removed":["Rip and Tear"],"damage_healed":0,"gold_gain":0,"player_choice":"Card Removal","damage_taken":0,"max_hp_gain":0,"max_hp_loss":0,"event_name":"Wheel of Change","floor":39,"gold_loss":0},{"damage_healed":0,"gold_gain":0,"player_choice":"Fight","damage_taken":0,"max_hp_gain":0,"max_hp_loss":0,"event_name":"MindBloom","floor":44,"gold_loss":0}],"is_beta":false,"boss_relics":[{"not_picked":["Inserter","FrozenCore"],"picked":"Pandora\u0027s Box"},{"not_picked":["Empty Cage","Orrery"],"picked":"Cursed Key"}],"items_purged_floors":[5,19,40],"is_endless":false,"potions_floor_spawned":[7,13,16,24,25,30,38,42],"killed_by":"Nemesis","ascension_level":20}