{"gold_per_floor":[363,363,363,70,94,94,138,24,48,69,69,108,183,183],"floor_reached":14,"playtime":397,"items_purged":["Strike_R"],"score":192,"play_id":"0d102424-39d1-4534-b885-bb349e78b083","local_time":"20190307201643","is_ascension_mode":true,"campfire_choices":[{"data":"Feel No Pain","floor":6.0,"key":"SMITH"},{"data":"Flex","floor":11.0,"key":"SMITH"}],"neow_cost":"TEN_PERCENT_HP_LOSS","seed_source_timestamp":551829944232419,"circlet_count":0,"master_deck":["AscendersBane","Strike_R+1","Strike_R","Strike_R","Strike_R+1","Defend_R","Defend_R","Defend_R+1","Defend_R+1","Bash","Burning Pact","Feel No Pain+1","Shockwave","Flex+1"],"special_seed":0,"relics":["Burning Blood","Golden Idol","ClockworkSouvenir","Juzu Bracelet","War Paint","Question Card"],"potions_floor_usage":[],"damage_taken":[{"damage":16.0,"enemies":"Jaw Worm","floor":1.0,"turns":4.0},{"damage":1.0,"enemies":"2 Louse","floor":5.0,"turns":3.0},{"damage":20.0,"enemies":"Lagavulin","floor":7.0,"turns":7.0},{"damage":2.0,"enemies":"Small Slimes","floor":10.0,"turns":5.0},{"damage":19.0,"enemies":"3 Sentries","floor":12.0,"turns":10.0},{"damage":12,"enemies":"Exordium Wildlife","floor":14,"turns":1}],"seed_played":"3301912561991409044","potions_obtained":[{"floor":1.0,"key":"AttackPotion"},{"floor":5.0,"key":"PowerPotion"}],"is_trial":false,"path_per_floor":["M","?","?","$","M","R","E","$","T","M","R","E","?","M"],"character_chosen":"IRONCLAD","items_purchased":["ClockworkSouvenir","Feel No Pain","Shockwave"],"campfire_rested":0,"item_purchase_floors":[4,4,8],"current_hp_per_floor":[58,38,38,38,43,43,29,29,29,33,33,20,9,0],"gold":183,"neow_bonus":"TWO_FIFTY_GOLD","is_prod":false,"is_daily":false,"chose_seed":false,"campfire_upgraded":2,"win_rate":0,"timestamp":1551961003,"path_taken":["M","?","?","$","M","R","E","$","T","M","R","E","?","M"],"build_version":"2019-01-23","purchased_purges":1,"victory":false,"max_hp_per_floor":[68,68,62,62,62,62,62,62,62,62,62,62,62,62],"card_choices":[{"not_picked":["Uppercut","Sever Soul"],"picked":"Burning Pact","floor":1.0},{"not_picked":["Clash","Perfected Strike","Heavy Blade"],"picked":"SKIP","floor":5.0},{"not_picked":["Heavy Blade","Headbutt","Blood for Blood"],"picked":"SKIP","floor":7.0},{"not_picked":["Twin Strike","True Grit"],"picked":"Flex","floor":10.0},{"not_picked":["Dual Wield","Spot Weakness","Warcry"],"picked":"SKIP","floor":12.0}],"player_experience":1181621,"relics_obtained":[{"floor":7.0,"key":"Juzu Bracelet"},{"floor":9.0,"key":"War Paint"},{"floor":12.0,"key":"Question Card"}],"event_choices":[{"damage_healed":0.0,"max_hp_gain":0.0,"max_hp_loss":0.0,"gold_gain":0.0,"event_name":"Shining Light","player_choice":"Entered Light","floor":2.0,"gold_loss":0.0,"damage_taken":20.0,"cards_upgraded":["Strike_R","Strike_R"]},{"damage_healed":0.0,"max_hp_gain":0.0,"max_hp_loss":6.0,"gold_gain":0.0,"event_name":"Golden Idol","player_choice":"Lose Max HP","floor":3.0,"gold_loss":0.0,"damage_taken":0.0,"relics_obtained":["Golden Idol"]},{"damage_healed":0,"gold_gain":75,"player_choice":"Gather Gold","damage_taken":11,"max_hp_gain":0,"max_hp_loss":0,"event_name":"World of Goop","floor":13,"gold_loss":0}],"is_beta":false,"boss_relics":[],"items_purged_floors":[8],"is_endless":false,"potions_floor_spawned":[1,5],"killed_by":"Exordium Wildlife","ascension_level":20}