{"gold_per_floor":[114,124,138,138,138,138,220,220,266,280,292,320,350,370,370,370],"floor_reached":16,"playtime":745,"items_purged":[],"score":204,"play_id":"751fcf15-b6ba-47b6-a764-677baad31b1f","local_time":"20190426212140","is_ascension_mode":true,"campfire_choices":[{"data":"Armaments","floor":6,"key":"SMITH"},{"data":"Twin Strike","floor":8,"key":"SMITH"},{"floor":15,"key":"REST"}],"neow_cost":"CURSE","seed_source_timestamp":882174864991600,"circlet_count":0,"master_deck":["AscendersBane","Strike_R","Strike_R","Strike_R","Strike_R","Defend_R","Defend_R","Defend_R","Defend_R","Bash","Twin Strike+1","Armaments+1","Metallicize","Limit Break","Whirlwind","Ghostly Armor","Shockwave"],"relics":["Burning Blood","Unceasing Top","Bottled Flame","Centennial Puzzle","Meat on the Bone","Shuriken"],"potions_floor_usage":[12,16,16],"damage_taken":[{"damage":7,"enemies":"Cultist","floor":1,"turns":4},{"damage":9,"enemies":"2 Louse","floor":2,"turns":3},{"damage":0,"enemies":"Small Slimes","floor":3,"turns":3},{"damage":8,"enemies":"Blue Slaver","floor":10,"turns":4},{"damage":3,"enemies":"Exordium Wildlife","floor":11,"turns":5},{"damage":21,"enemies":"Lagavulin","floor":12,"turns":6},{"damage":2,"enemies":"2 Fungi Beasts","floor":14,"turns":4},{"damage":80,"enemies":"Slime Boss","floor":16,"turns":9}],"seed_played":"7492112378100014211","potions_obtained":[{"floor":1,"key":"AttackPotion"},{"floor":11,"key":"Dexterity Potion"},{"floor":14,"key":"Weak Potion"}],"is_trial":false,"path_per_floor":["M","M","M","?","?","R","T","R","T","M","M","E","?","M","R","B"],"character_chosen":"IRONCLAD","items_purchased":[],"campfire_rested":1,"item_purchase_floors":[],"current_hp_per_floor":[67,64,70,70,63,63,63,63,63,61,64,49,49,53,75,0],"gold":370,"neow_bonus":"ONE_RARE_RELIC","is_prod":false,"is_daily":false,"chose_seed":false,"campfire_upgraded":2,"win_rate":0,"timestamp":1556310100,"path_taken":["M","?","M","?","?","R","?","R","T","M","?","E","?","M","R","BOSS"],"build_version":"2019-01-23","purchased_purges":0,"victory":false,"max_hp_per_floor":[75,75,75,75,75,75,75,75,75,75,75,75,75,75,75,75],"card_choices":[{"not_picked":["Power Through","Sword Boomerang"],"picked":"Twin Strike","floor":1},{"not_picked":["Iron Wave","Body Slam"],"picked":"Armaments","floor":2},{"not_picked":["Clash","Twin Strike"],"picked":"Metallicize","floor":3},{"not_picked":["Sentinel","Intimidate"],"picked":"Limit Break","floor":10},{"not_picked":["Metallicize","Twin Strike"],"picked":"Whirlwind","floor":11},{"not_picked":["Cleave","Pommel Strike"],"picked":"Ghostly Armor","floor":12},{"not_picked":["Sword Boomerang","Cleave"],"picked":"Shockwave","floor":14}],"player_experience":417501,"relics_obtained":[{"floor":7,"key":"Bottled Flame"},{"floor":9,"key":"Centennial Puzzle"},{"floor":12,"key":"Meat on the Bone"}],"event_choices":[{"cards_removed":["Clumsy"],"damage_healed":0,"gold_gain":0,"player_choice":"Forget","damage_taken":0,"max_hp_gain":0,"max_hp_loss":0,"event_name":"Living Wall","floor":4,"gold_loss":0},{"cards_removed":["Strike_R"],"damage_healed":0,"gold_gain":0,"player_choice":"Card Removal","damage_taken":7,"max_hp_gain":0,"max_hp_loss":0,"event_name":"Golden Wing","floor":5,"gold_loss":0},{"damage_healed":0,"gold_gain":30,"player_choice":"Searched \u00272\u0027 times","damage_taken":0,"relics_obtained":["Shuriken"],"max_hp_gain":0,"max_hp_loss":0,"event_name":"Dead Adventurer","floor":13,"gold_loss":0}],"is_beta":false,"boss_relics":[],"items_purged_floors":[],"is_endless":false,"potions_floor_spawned":[1,11,14],"killed_by":"Slime Boss","ascension_level":20}