{"gold_per_floor":[112,131,206,206,218,244,244,270,270,270,285,295,295,324,324,425,475,490,509,529,529],"floor_reached":21,"playtime":743,"items_purged":[],"score":231,"play_id":"8414e33c-448e-4af5-ba06-8b70452db21e","local_time":"20190426233009","is_ascension_mode":true,"campfire_choices":[{"data":"Clash","floor":7,"key":"SMITH"},{"floor":10,"key":"REST"},{"data":"Spot Weakness","floor":13,"key":"SMITH"},{"data":"Disarm","floor":15,"key":"SMITH"}],"neow_cost":"NONE","seed_source_timestamp":310739033346778,"circlet_count":0,"master_deck":["Strike_R","Strike_R","Strike_R","Strike_R","Strike_R","Defend_R","Defend_R+1","Defend_R","Defend_R","Bash+1","Headbutt","Clash+1","Thunderclap","Disarm+1","Spot Weakness+1","Spot Weakness","Sword Boomerang","Inflame"],"relics":["Burning Blood","Meat on the Bone","Dodecahedron","Kunai","Anchor","Tiny House"],"potions_floor_usage":[16],"damage_taken":[{"damage":7,"enemies":"Small Slimes","floor":1,"turns":3},{"damage":13,"enemies":"Jaw Worm","floor":2,"turns":4},{"damage":0,"enemies":"Cultist","floor":5,"turns":4},{"damage":40,"enemies":"Lagavulin","floor":6,"turns":5},{"damage":30,"enemies":"3 Sentries","floor":8,"turns":8},{"damage":2,"enemies":"Large Slime","floor":11,"turns":5},{"damage":6,"enemies":"Looter","floor":12,"turns":2},{"damage":31,"enemies":"Lagavulin","floor":14,"turns":6},{"damage":1,"enemies":"Hexaghost","floor":16,"turns":8},{"damage":28,"enemies":"Spheric Guardian","floor":18,"turns":4},{"damage":9,"enemies":"Shell Parasite","floor":19,"turns":4},{"damage":41,"enemies":"Snake Plant","floor":20,"turns":5},{"damage":49,"enemies":"Centurion and Healer","floor":21,"turns":5}],"seed_played":"2038548886399473036","potions_obtained":[{"floor":2,"key":"Energy Potion"},{"floor":8,"key":"PowerPotion"},{"floor":11,"key":"Ancient Potion"},{"floor":17,"key":"GamblersBrew"}],"is_trial":false,"path_per_floor":["M","M","?","?","M","E","R","E","T","R","M","M","R","E","R","B",null,"M","M","M","M"],"character_chosen":"IRONCLAD","items_purchased":[],"campfire_rested":1,"item_purchase_floors":[],"current_hp_per_floor":[79,72,61,61,67,33,33,21,21,45,49,49,49,36,36,53,85,63,60,37,0],"gold":529,"neow_bonus":"THREE_CARDS","is_prod":false,"is_daily":false,"chose_seed":false,"campfire_upgraded":3,"win_rate":0,"timestamp":1556339409,"path_taken":["M","M","?","?","M","E","R","E","T","R","M","M","R","E","R","BOSS","M","M","?","M"],"build_version":"2019-01-23","purchased_purges":0,"victory":false,"max_hp_per_floor":[80,80,80,80,80,80,80,80,80,80,80,80,80,80,80,80,85,85,85,85,85],"card_choices":[{"not_picked":["Pommel Strike","Combust"],"picked":"Headbutt","floor":0},{"not_picked":["Perfected Strike","Cleave"],"picked":"Clash","floor":1},{"not_picked":["Combust","Headbutt","Pommel Strike"],"picked":"SKIP","floor":2},{"not_picked":["Battle Trance","True Grit","Limit Break"],"picked":"SKIP","floor":5},{"not_picked":["Cleave","Pommel Strike","Ghostly Armor"],"picked":"SKIP","floor":6},{"not_picked":["Bludgeon","Power Through"],"picked":"Thunderclap","floor":8},{"not_picked":["Rage","Battle Trance"],"picked":"Disarm","floor":11},{"not_picked":["Clothesline","Shrug It Off"],"picked":"Spot Weakness","floor":12},{"not_picked":["Anger","Body Slam"],"picked":"Spot Weakness","floor":14},{"not_picked":["Carnage","Pummel"],"picked":"Sword Boomerang","floor":17},{"not_picked":["Sentinel","Twin Strike","Iron Wave+1"],"picked":"SKIP","floor":18},{"not_picked":["Entrench","Flex"],"picked":"Inflame","floor":19},{"not_picked":["Iron Wave","Armaments","Thunderclap"],"picked":"SKIP","floor":20}],"player_experience":109883,"relics_obtained":[{"floor":6,"key":"Meat on the Bone"},{"floor":8,"key":"Dodecahedron"},{"floor":9,"key":"Kunai"},{"floor":14,"key":"Anchor"}],"event_choices":[{"damage_healed":0,"gold_gain":75,"player_choice":"Gather Gold","damage_taken":11,"max_hp_gain":0,"max_hp_loss":0,"event_name":"World of Goop","floor":3,"gold_loss":0},{"damage_healed":0,"gold_gain":0,"player_choice":"Forge","damage_taken":0,"max_hp_gain":0,"max_hp_loss":0,"event_name":"Accursed Blacksmith","floor":4,"gold_loss":0,"cards_upgraded":["Bash"]}],"is_beta":false,"boss_relics":[{"not_picked":["Ectoplasm","Snecko Eye"],"picked":"Tiny House"}],"items_purged_floors":[],"is_endless":false,"potions_floor_spawned":[2,8,11],"killed_by":"Centurion and Healer","ascension_level":3}