{"gold_per_floor":[109,109,109,127,138,163,182,182,235,260,272,284,324,351,363,473,485,510,536,548,575,587,599,626,553,588,613,625,637,649,695,707,816,828,858,549,549,559,153,180,180,200,223,249,249,296,308,0,0,0],"floor_reached":50,"playtime":3738,"items_purged":["Injury"],"score":1006,"play_id":"b8d3dd15-4401-492d-b2b1-b7a157094e14","local_time":"20190515124642","is_ascension_mode":true,"campfire_choices":[{"floor":8,"key":"REST"},{"floor":11,"key":"REST"},{"data":"Zap","floor":15,"key":"SMITH"},{"floor":23,"key":"REST"},{"floor":28,"key":"REST"},{"floor":32,"key":"REST"},{"floor":41,"key":"REST"},{"floor":45,"key":"REST"},{"floor":49,"key":"REST"}],"neow_cost":"TEN_PERCENT_HP_LOSS","seed_source_timestamp":913234186089700,"circlet_count":0,"master_deck":["AscendersBane","Strike_B","Strike_B","Strike_B","Defend_B","Defend_B","Defend_B","Defend_B","Zap+1","Dualcast","Hologram","Steam","White Noise","Go for the Eyes","Compile Driver","Ball Lightning","Redo","White Noise","Conserve Battery","Echo Form","White Noise","Undo","Conserve Battery","Capacitor","BootSequence","Reinforced Body+1","Biased Cognition","Sunder+1","Doubt","Skim"],"relics":["Cracked Core","Turnip","Mercury Hourglass","Centennial Puzzle","MawBank","Pantograph","Cursed Key","Juzu Bracelet","Strawberry","Nilry\u0027s Codex","Oddly Smooth Stone","Nuclear Battery","Kunai","Incense Burner","Blood Vial","Letter Opener","Unceasing Top","Bag of Preparation","PreservedInsect","Calipers","Red Mask"],"potions_floor_usage":[10,19,27,27,46,46],"damage_taken":[{"damage":1,"enemies":"2 Louse","floor":1,"turns":3},{"damage":0,"enemies":"Jaw Worm","floor":4,"turns":3},{"damage":0,"enemies":"Cultist","floor":5,"turns":4},{"damage":26,"enemies":"3 Sentries","floor":6,"turns":10},{"damage":10,"enemies":"Gremlin Gang","floor":7,"turns":4},{"damage":13,"enemies":"Lagavulin","floor":10,"turns":8},{"damage":25,"enemies":"3 Sentries","floor":13,"turns":5},{"damage":7,"enemies":"Lots of Slimes","floor":14,"turns":3},{"damage":8,"enemies":"The Guardian","floor":16,"turns":9},{"damage":24,"enemies":"3 Byrds","floor":18,"turns":5},{"damage":0,"enemies":"Chosen","floor":19,"turns":4},{"damage":22,"enemies":"Snecko","floor":21,"turns":6},{"damage":23,"enemies":"Cultist and Chosen","floor":24,"turns":5},{"damage":16,"enemies":"Centurion and Healer","floor":27,"turns":8},{"damage":25,"enemies":"Gremlin Leader","floor":31,"turns":7},{"damage":0,"enemies":"Champ","floor":33,"turns":13},{"damage":5,"enemies":"Orb Walker","floor":35,"turns":3},{"damage":53,"enemies":"3 Darklings","floor":38,"turns":5},{"damage":0,"enemies":"Nemesis","floor":40,"turns":11},{"damage":0,"enemies":"Maw","floor":42,"turns":10},{"damage":19,"enemies":"Reptomancer","floor":44,"turns":5},{"damage":30,"enemies":"2 Orb Walkers","floor":46,"turns":5},{"damage":0,"enemies":"Spire Growth","floor":47,"turns":5},{"damage":67,"enemies":"Donu and Deca","floor":50,"turns":6}],"seed_played":"3132543645337841529","potions_obtained":[{"floor":4,"key":"SpeedPotion"},{"floor":7,"key":"EssenceOfSteel"},{"floor":10,"key":"SkillPotion"},{"floor":14,"key":"Fire Potion"},{"floor":19,"key":"LiquidBronze"},{"floor":27,"key":"Fire Potion"},{"floor":40,"key":"Block Potion"},{"floor":42,"key":"Dexterity Potion"}],"is_trial":false,"path_per_floor":["M","?","?","M","M","E","M","R","T","E","R","?","E","M","R","B",null,"M","M","$","M","?","R","M","?","T","M","R","$","?","E","R","B",null,"M","$","?","M","$","E","R","M","T","E","R","?","M","?","R","B"],"character_chosen":"DEFECT","items_purchased":["Kunai","Blood Vial","Letter Opener"],"campfire_rested":8,"item_purchase_floors":[36,39,39],"current_hp_per_floor":[67,67,67,67,67,41,31,51,51,38,58,58,33,26,26,43,62,38,38,38,16,38,58,35,35,42,26,48,48,32,7,29,54,70,65,65,65,12,12,14,36,38,38,21,43,15,17,17,39,0],"gold":0,"neow_bonus":"ONE_RARE_RELIC","is_prod":false,"is_daily":false,"chose_seed":false,"campfire_upgraded":1,"win_rate":0,"timestamp":1557920802,"path_taken":["M","?","?","M","M","E","M","R","T","E","R","?","E","?","R","BOSS","M","?","$","?","?","R","M","?","T","M","R","?","?","E","R","BOSS","M","$","?","M","$","E","R","M","T","E","R","?","M","?","R","BOSS"],"build_version":"2019-01-23","purchased_purges":1,"victory":false,"max_hp_per_floor":[68,68,68,68,68,68,68,68,68,68,68,68,68,68,68,68,68,68,68,68,68,68,68,68,68,75,75,75,75,75,75,75,75,75,75,75,75,75,75,75,75,75,75,75,75,75,75,75,75,75],"card_choices":[{"not_picked":["Stack","Streamline"],"picked":"Hologram","floor":1},{"not_picked":["Tempest","FTL"],"picked":"White Noise","floor":4},{"not_picked":["Sweeping Beam","Blizzard"],"picked":"Go for the Eyes","floor":5},{"not_picked":["Streamline","Gash","Go for the Eyes"],"picked":"SKIP","floor":6},{"not_picked":["Gash","Sweeping Beam"],"picked":"Compile Driver","floor":7},{"not_picked":["Compile Driver","Hyperbeam"],"picked":"Ball Lightning","floor":10},{"not_picked":["Sweeping Beam","Go for the Eyes"],"picked":"White Noise","floor":13},{"not_picked":["Hologram","Darkness"],"picked":"Conserve Battery","floor":14},{"not_picked":["All For One","Hyperbeam"],"picked":"Echo Form","floor":16},{"not_picked":["Rebound+1","Leap"],"picked":"White Noise","floor":18},{"not_picked":["Auto Shields","Recycle"],"picked":"Undo","floor":19},{"not_picked":["Scrape","Turbo"],"picked":"Conserve Battery","floor":21},{"not_picked":["Compile Driver","Coolheaded"],"picked":"Capacitor","floor":24},{"not_picked":["Leap","Stack"],"picked":"BootSequence","floor":27},{"not_picked":["Ball Lightning","All For One"],"picked":"Reinforced Body+1","floor":31},{"not_picked":["Multi-Cast","Seek"],"picked":"Biased Cognition","floor":33},{"not_picked":["Leap","Redo","Chill"],"picked":"SKIP","floor":35},{"not_picked":["Streamline","Darkness+1","Storm"],"picked":"SKIP","floor":38},{"not_picked":["Steam+1","Tempest"],"picked":"Sunder+1","floor":40},{"not_picked":["Darkness","Aggregate","Doom and Gloom+1"],"picked":"SKIP","floor":42},{"not_picked":["BootSequence+1","Melter","Heatsinks"],"picked":"SKIP","floor":44},{"not_picked":["Turbo","Capacitor"],"picked":"Skim","floor":47}],"player_experience":556428,"relics_obtained":[{"floor":6,"key":"Mercury Hourglass"},{"floor":9,"key":"Centennial Puzzle"},{"floor":10,"key":"MawBank"},{"floor":13,"key":"Pantograph"},{"floor":26,"key":"Strawberry"},{"floor":30,"key":"Nilry\u0027s Codex"},{"floor":31,"key":"Oddly Smooth Stone"},{"floor":40,"key":"Unceasing Top"},{"floor":43,"key":"Bag of Preparation"},{"floor":44,"key":"PreservedInsect"},{"floor":46,"key":"Calipers"}],"event_choices":[{"damage_healed":0,"gold_gain":0,"cards_transformed":["Strike_B"],"player_choice":"Change","damage_taken":0,"max_hp_gain":0,"max_hp_loss":0,"event_name":"Living Wall","floor":2,"gold_loss":0,"cards_obtained":["Steam"]},{"damage_healed":0,"gold_gain":0,"player_choice":"Leave","damage_taken":0,"max_hp_gain":0,"max_hp_loss":0,"event_name":"The Cleric","floor":3,"gold_loss":0},{"damage_healed":0,"gold_gain":0,"player_choice":"1 cards matched","damage_taken":0,"max_hp_gain":0,"max_hp_loss":0,"event_name":"Match and Keep!","floor":12,"gold_loss":0,"cards_obtained":["Redo"]},{"damage_healed":22,"gold_gain":0,"player_choice":"Heal","damage_taken":0,"max_hp_gain":0,"max_hp_loss":0,"event_name":"The Library","floor":22,"gold_loss":0},{"damage_healed":0,"gold_gain":0,"player_choice":"Obtained Relic","damage_taken":0,"relics_obtained":["Juzu Bracelet"],"max_hp_gain":0,"max_hp_loss":0,"event_name":"Addict","floor":25,"gold_loss":85},{"damage_healed":0,"gold_gain":0,"player_choice":"Obtained Book","damage_taken":16,"max_hp_gain":0,"max_hp_loss":0,"event_name":"Cursed Tome","floor":30,"gold_loss":0},{"damage_healed":0,"gold_gain":0,"player_choice":"Gave Potion","damage_taken":0,"relics_obtained":["Incense Burner"],"max_hp_gain":0,"max_hp_loss":0,"event_name":"WeMeetAgain","floor":37,"gold_loss":0},{"damage_healed":0,"gold_gain":0,"player_choice":"Fight","damage_taken":0,"max_hp_gain":0,"max_hp_loss":0,"event_name":"Mysterious Sphere","floor":46,"gold_loss":0},{"damage_healed":0,"gold_gain":0,"player_choice":"Paid","damage_taken":0,"relics_obtained":["Red Mask"],"max_hp_gain":0,"max_hp_loss":0,"event_name":"Tomb of Lord Red Mask","floor":48,"gold_loss":308}],"is_beta":false,"boss_relics":[{"not_picked":["Busted Crown","Runic Dome"],"picked":"Cursed Key"},{"not_picked":["Calling Bell","Eternal Feather"],"picked":"Nuclear Battery"}],"items_purged_floors":[36],"is_endless":false,"potions_floor_spawned":[4,7,10,13,14,19,27,40,42],"killed_by":"Donu and Deca","ascension_level":12}