{"gold_per_floor":[111,36,36,36,56,83,83,83,83,116,132,159,159,109,109,205,205,216,226,97,97,115,148,166,16,16,43,43],"floor_reached":28,"playtime":742,"items_purged":["Defend_R","Strike_R","Strike_R","Strike_R"],"score":359,"play_id":"f89f7aa6-d13e-4410-9896-0eb5d8bfa23d","local_time":"20190420210949","is_ascension_mode":true,"campfire_choices":[{"data":"Clash","floor":8,"key":"SMITH"},{"data":"Limit Break","floor":13,"key":"SMITH"},{"data":"Flex","floor":15,"key":"SMITH"}],"neow_cost":"NONE","seed_source_timestamp":39122132188943,"circlet_count":0,"master_deck":["Strike_R","Defend_R","Defend_R","Defend_R","Bash","Clash+1","Spot Weakness","Whirlwind","Limit Break+1","Flex+1","Offering","Rupture+1","Double Tap","Seeing Red","Sword Boomerang+1","Battle Trance"],"relics":["Burning Blood","NeowsBlessing","Oddly Smooth Stone","Bronze Scales","Shuriken","Busted Crown","Nloth\u0027s Gift","Omamori","Pantograph","Potion Belt"],"potions_floor_usage":[12,16,27,27],"damage_taken":[{"damage":0,"enemies":"Small Slimes","floor":1,"turns":1},{"damage":0,"enemies":"2 Louse","floor":5,"turns":1},{"damage":0,"enemies":"Gremlin Nob","floor":6,"turns":1},{"damage":28,"enemies":"Lagavulin","floor":10,"turns":7},{"damage":0,"enemies":"Jaw Worm","floor":11,"turns":2},{"damage":18,"enemies":"Gremlin Nob","floor":12,"turns":3},{"damage":20,"enemies":"Hexaghost","floor":16,"turns":7},{"damage":6,"enemies":"Shell Parasite","floor":18,"turns":2},{"damage":6,"enemies":"Chosen","floor":19,"turns":3},{"damage":6,"enemies":"Snake Plant","floor":22,"turns":2},{"damage":30,"enemies":"Gremlin Leader","floor":23,"turns":3},{"damage":0,"enemies":"Centurion and Healer","floor":24,"turns":4},{"damage":41,"enemies":"Book of Stabbing","floor":27,"turns":4},{"damage":33,"enemies":"Shelled Parasite and Fungi","floor":28,"turns":2}],"seed_played":"-392580409936444785","potions_obtained":[{"floor":1,"key":"Dexterity Potion"},{"floor":5,"key":"AttackPotion"},{"floor":16,"key":"Energy Potion"},{"floor":18,"key":"FearPotion"},{"floor":22,"key":"Poison Potion"},{"floor":27,"key":"FearPotion"}],"is_trial":false,"path_per_floor":["M","$","?","?","M","E","$","R","T","E","M","E","R","$","R","B",null,"M","M","$","?","M","E","M","$","T","E","M"],"character_chosen":"IRONCLAD","items_purchased":["Double Tap"],"campfire_rested":0,"item_purchase_floors":[20],"current_hp_per_floor":[80,80,73,73,79,80,80,80,80,58,64,52,52,52,52,38,80,80,80,80,80,80,56,62,62,62,27,0],"gold":43,"neow_bonus":"THREE_ENEMY_KILL","is_prod":false,"is_daily":false,"chose_seed":false,"campfire_upgraded":3,"win_rate":0,"timestamp":1555812589,"path_taken":["M","$","?","?","M","E","?","R","T","E","?","E","R","$","R","BOSS","M","M","$","?","?","E","M","$","T","E","?"],"build_version":"2019-04-20","purchased_purges":4,"victory":false,"max_hp_per_floor":[80,80,80,80,80,80,80,80,80,80,80,80,80,80,80,80,80,80,80,80,80,80,80,80,80,80,80,80],"card_choices":[{"not_picked":["Burning Pact","Heavy Blade","True Grit"],"picked":"SKIP","floor":1},{"not_picked":["Sentinel","Clash","Thunderclap"],"picked":"SKIP","floor":5},{"not_picked":["Sentinel","Thunderclap"],"picked":"Clash","floor":5},{"not_picked":["Uppercut","Havoc"],"picked":"Spot Weakness","floor":6},{"not_picked":["Warcry","Dropkick"],"picked":"Whirlwind","floor":10},{"not_picked":["Hemokinesis","Twin Strike"],"picked":"Limit Break","floor":11},{"not_picked":["Rampage","Sword Boomerang"],"picked":"Flex","floor":12},{"not_picked":["Barricade","Feed"],"picked":"Offering","floor":16},{"not_picked":["Thunderclap"],"picked":"SKIP","floor":18},{"not_picked":[],"picked":"Rupture+1","floor":19},{"not_picked":[],"picked":"Seeing Red","floor":22},{"not_picked":["Clothesline+1"],"picked":"SKIP","floor":23},{"not_picked":["Clothesline+1"],"picked":"SKIP","floor":23},{"not_picked":[],"picked":"Sword Boomerang+1","floor":24},{"not_picked":[],"picked":"Battle Trance","floor":27}],"player_experience":269123,"relics_obtained":[{"floor":6,"key":"Oddly Smooth Stone"},{"floor":9,"key":"Smiling Mask"},{"floor":10,"key":"Bronze Scales"},{"floor":12,"key":"Shuriken"},{"floor":23,"key":"Omamori"},{"floor":26,"key":"Pantograph"},{"floor":27,"key":"Potion Belt"}],"event_choices":[{"cards_removed":["Strike_R"],"damage_healed":0,"gold_gain":0,"player_choice":"Card Removal","damage_taken":7,"max_hp_gain":0,"max_hp_loss":0,"event_name":"Golden Wing","floor":3,"gold_loss":0},{"damage_healed":0,"gold_gain":0,"player_choice":"Leave","damage_taken":0,"max_hp_gain":0,"max_hp_loss":0,"event_name":"The Cleric","floor":4,"gold_loss":0},{"damage_healed":0,"gold_gain":0,"player_choice":"Traded Relic","damage_taken":0,"relics_obtained":["Nloth\u0027s Gift"],"max_hp_gain":0,"max_hp_loss":0,"event_name":"N\u0027loth","floor":21,"relics_lost":["Smiling Mask"],"gold_loss":0}],"is_beta":true,"boss_relics":[{"not_picked":["White Beast Statue","Eternal Feather"],"picked":"Busted Crown"}],"items_purged_floors":[2,14,20,25],"is_endless":false,"potions_floor_spawned":[1,5,16,18,22,24,27],"killed_by":"Shelled Parasite and Fungi","ascension_level":4}