{"gold_per_floor":[112,112,125,141,131,131,166,166,235,235,254,254],"floor_reached":12,"playtime":618,"items_purged":[],"score":100,"play_id":"1dd935d7-ae2f-4ee7-afe7-2e2268b030f2","local_time":"20190514180047","is_ascension_mode":true,"campfire_choices":[{"data":"Venomology","floor":6,"key":"SMITH"},{"data":"Bullet Time","floor":8,"key":"SMITH"},{"data":"PiercingWail","floor":10,"key":"SMITH"}],"neow_cost":"NONE","seed_source_timestamp":1410766125679540,"circlet_count":0,"master_deck":["Defend_G","Defend_G","Defend_G","Defend_G","Defend_G","Strike_G","Strike_G","Strike_G","Strike_G","Strike_G","Survivor","Neutralize","Venomology+1","Dagger Spray","PiercingWail+1","Bullet Time+1","Footwork"],"relics":["Ring of the Snake","Incense Burner"],"potions_floor_usage":[1,4,7,7,12,12,12,12],"damage_taken":[{"damage":4,"enemies":"Small Slimes","floor":1,"turns":4},{"damage":0,"enemies":"2 Louse","floor":3,"turns":2},{"damage":7,"enemies":"Jaw Worm","floor":4,"turns":5},{"damage":16,"enemies":"Exordium Thugs","floor":5,"turns":4},{"damage":27,"enemies":"3 Sentries","floor":7,"turns":9},{"damage":2,"enemies":"Exordium Wildlife","floor":11,"turns":4},{"damage":41,"enemies":"Lagavulin","floor":12,"turns":22}],"seed_played":"-4209621557934470615","potions_obtained":[{"floor":5,"key":"Regen Potion"},{"floor":7,"key":"PowerPotion"},{"floor":11,"key":"GhostInAJar"}],"is_trial":false,"path_per_floor":["M","?","M","M","M","R","E","R","T","R","M","E"],"character_chosen":"THE_SILENT","items_purchased":[],"campfire_rested":0,"item_purchase_floors":[],"current_hp_per_floor":[66,71,71,64,48,48,36,36,36,36,34,0],"gold":254,"neow_bonus":"ONE_RANDOM_RARE_CARD","is_prod":false,"is_daily":false,"chose_seed":false,"campfire_upgraded":3,"win_rate":0,"timestamp":1557871247,"path_taken":["M","?","M","M","M","R","E","R","T","R","M","E"],"build_version":"2019-01-23","purchased_purges":0,"victory":false,"max_hp_per_floor":[70,75,75,75,75,75,75,75,75,75,75,75],"card_choices":[{"not_picked":["Finisher","Flying Knee"],"picked":"Dagger Spray","floor":1},{"not_picked":["Quick Slash","Dagger Throw"],"picked":"PiercingWail","floor":3},{"not_picked":["Dagger Spray","Flying Knee","Outmaneuver"],"picked":"SKIP","floor":4},{"not_picked":["Prepared","Dagger Throw","Bane"],"picked":"SKIP","floor":5},{"not_picked":["Eviscerate","Poisoned Stab"],"picked":"Bullet Time","floor":7},{"not_picked":["Well Laid Plans","Riddle With Holes"],"picked":"Footwork","floor":11}],"player_experience":242746,"relics_obtained":[{"floor":7,"key":"Incense Burner"}],"event_choices":[{"damage_healed":0,"gold_gain":0,"player_choice":"Donut","damage_taken":0,"max_hp_gain":5,"max_hp_loss":0,"event_name":"Big Fish","floor":2,"gold_loss":0}],"is_beta":false,"boss_relics":[],"items_purged_floors":[],"is_endless":false,"potions_floor_spawned":[5,7,11],"killed_by":"Lagavulin","ascension_level":5}