{"gold_per_floor":[113,130,31,31,31,69,69,109,109,153,176,199,215,239,239,359,359,377,467,382,403,25,25,44,77,149,149,172,211,226,325,325,444,444,462,442,460,460,10,50,50,24,24,59,75,136,200,219,219,219],"floor_reached":51,"playtime":4120,"items_purged":["Strike_B"],"score":1181,"play_id":"52ae0b05-b981-40c3-a738-cdf51ffe30b3","local_time":"20180803132001","is_ascension_mode":true,"campfire_choices":[{"data":"Go for the Eyes","floor":7,"key":"SMITH"},{"data":"Defragment","floor":15,"key":"SMITH"},{"floor":23,"key":"REST"},{"data":"Zap","floor":27,"key":"SMITH"},{"data":"Dualcast","floor":32,"key":"SMITH"},{"data":"Creative AI","floor":41,"key":"SMITH"},{"floor":49,"key":"REST"}],"neow_cost":"NONE","seed_source_timestamp":578271718076,"circlet_count":0,"master_deck":["Defend_B","Defend_B","Defend_B","Defend_B","Zap+1","Dualcast+1","Streamline","Defragment+1","Go for the Eyes+1","Sweeping Beam","Glacier","Echo Form","Leap","Compile Driver","Ball Lightning","Echo Form","Sunder+1","Biased Cognition+1","Conserve Battery+1","Self Repair+1","Undo","Doom and Gloom+1","Skim+1","Go for the Eyes+1","Creative AI+1","Ball Lightning+1","Barrage+1","Amplify","Undo+1","Leap","Stack","Consume+1","Loop+1","Scrape+1","White Noise+1"],"relics":["Cracked Core","NeowsBlessing","Golden Idol","Cables","Happy Flower","Symbiotic Virus","Darkstone Periapt","Astrolabe","Sundial","ClockworkSouvenir","Calipers","Smiling Mask","Mummified Hand","Inserter","Meat on the Bone","Bottled Tornado","Anchor","Frozen Egg 2","Ancient Tea Set","Bird Faced Urn","Tiny Chest"],"potions_floor_usage":[16,16,29,29,29,40,44,50,50],"damage_taken":[{"damage":0,"enemies":"Small Slimes","floor":1,"turns":1},{"damage":0,"enemies":"Jaw Worm","floor":2,"turns":1},{"damage":0,"enemies":"Lagavulin","floor":6,"turns":2},{"damage":12,"enemies":"Gremlin Nob","floor":8,"turns":3},{"damage":5,"enemies":"3 Sentries","floor":10,"turns":6},{"damage":0,"enemies":"Cultist","floor":11,"turns":2},{"damage":0,"enemies":"Blue Slaver","floor":12,"turns":3},{"damage":1,"enemies":"Exordium Thugs","floor":13,"turns":5},{"damage":12,"enemies":"3 Louse","floor":14,"turns":2},{"damage":10,"enemies":"Hexaghost","floor":16,"turns":6},{"damage":9,"enemies":"2 Thieves","floor":18,"turns":4},{"damage":0,"enemies":"3 Byrds","floor":21,"turns":3},{"damage":10,"enemies":"Snecko","floor":24,"turns":5},{"damage":0,"enemies":"Gremlin Leader","floor":25,"turns":4},{"damage":13,"enemies":"Chosen and Byrds","floor":28,"turns":5},{"damage":9,"enemies":"Slavers","floor":29,"turns":4},{"damage":0,"enemies":"Centurion and Healer","floor":30,"turns":4},{"damage":19,"enemies":"Collector","floor":33,"turns":7},{"damage":13,"enemies":"3 Shapes","floor":35,"turns":4},{"damage":3,"enemies":"Orb Walker","floor":37,"turns":3},{"damage":12,"enemies":"2 Orb Walkers","floor":40,"turns":2},{"damage":0,"enemies":"Giant Head","floor":44,"turns":8},{"damage":0,"enemies":"3 Darklings","floor":45,"turns":5},{"damage":5,"floor":46,"turns":3},{"damage":0,"enemies":"Nemesis","floor":47,"turns":5},{"damage":26,"enemies":"Spire Growth","floor":48,"turns":4},{"damage":85,"enemies":"Donu and Deca","floor":50,"turns":9}],"seed_played":"8030549477394359244","potions_obtained":[{"floor":10,"key":"Swift Potion"},{"floor":13,"key":"Poison Potion"},{"floor":14,"key":"Poison Potion"},{"floor":16,"key":"FearPotion"},{"floor":29,"key":"GamblersBrew"},{"floor":35,"key":"Weak Potion"},{"floor":36,"key":"Ancient Potion"},{"floor":44,"key":"Swift Potion"},{"floor":46,"key":"FairyPotion"}],"is_trial":false,"path_per_floor":["M","M","$","?","$","E","R","E","T","E","M","M","M","M","R","B",null,"M","?","?","M","$","R","M","E","T","R","M","E","M","?","R","B",null,"M","?","M","T","$","E","R","$","T","E","M","?","E","M","R","B"],"character_chosen":"DEFECT","items_purchased":["Go for the Eyes","ClockworkSouvenir","PowerPotion","Explosive Potion","Undo","Bottled Tornado","Amplify","PowerPotion","Leap"],"campfire_rested":2,"item_purchase_floors":[3,22,22,22,22,39,39,39,42],"current_hp_per_floor":[68,68,68,68,68,68,68,56,56,51,51,51,50,38,38,28,59,50,38,38,38,38,58,58,58,58,58,55,56,66,66,66,57,66,63,63,60,60,60,48,48,48,48,58,68,69,69,49,69,50],"gold":219,"neow_bonus":"THREE_ENEMY_KILL","is_prod":false,"is_daily":false,"chose_seed":false,"campfire_upgraded":5,"win_rate":0,"timestamp":1533313201,"path_taken":["M","M","$","?","$","E","R","E","T","E","M","M","M","M","R","BOSS","M","?","?","M","$","R","M","E","T","R","?","E","M","?","R","BOSS","M","?","M","?","$","E","R","$","T","E","?","?","E","M","R","BOSS"],"build_version":"2018-07-12","purchased_purges":1,"victory":true,"max_hp_per_floor":[75,75,75,69,69,69,69,69,69,69,69,69,69,69,69,69,69,69,69,69,69,69,69,69,69,69,69,69,69,69,69,69,69,69,69,69,69,69,69,69,69,69,69,69,69,69,69,69,69,69],"card_choices":[{"not_picked":["Lockon","Compile Driver"],"picked":"Streamline","floor":1},{"not_picked":["Beam Cell","Conserve Battery"],"picked":"Defragment","floor":2},{"not_picked":["Storm","Sweeping Beam","Hello World"],"picked":"SKIP","floor":6},{"not_picked":["Storm","Hello World"],"picked":"Sweeping Beam","floor":6},{"not_picked":["BootSequence","Double Energy"],"picked":"Glacier","floor":8},{"not_picked":["Recycle","Glacier"],"picked":"Echo Form","floor":10},{"not_picked":["Hologram","Reinforced Body"],"picked":"Leap","floor":11},{"not_picked":["Heatsinks","Coolheaded"],"picked":"Compile Driver","floor":12},{"not_picked":["Fusion","Coolheaded","Hologram"],"picked":"SKIP","floor":13},{"not_picked":["Barrage","BootSequence"],"picked":"Ball Lightning","floor":14},{"not_picked":["Rainbow","Thunder Strike"],"picked":"Echo Form","floor":16},{"not_picked":["Coolheaded","Blizzard"],"picked":"Self Repair+1","floor":18},{"not_picked":["Storm","Streamline","Sweeping Beam"],"picked":"SKIP","floor":21},{"not_picked":["Ball Lightning","Tempest"],"picked":"Doom and Gloom+1","floor":24},{"not_picked":["Go for the Eyes","Rebound","Meteor Strike"],"picked":"SKIP","floor":25},{"not_picked":["Cold Snap","Steam"],"picked":"Skim+1","floor":28},{"not_picked":["Consume","Leap","Chill"],"picked":"SKIP","floor":29},{"not_picked":["FTL","Gash+1"],"picked":"Go for the Eyes+1","floor":30},{"not_picked":["All For One","Reboot"],"picked":"Creative AI","floor":33},{"not_picked":["Go for the Eyes","Cold Snap"],"picked":"Ball Lightning+1","floor":35},{"not_picked":["Conserve Battery","Streamline+1"],"picked":"Barrage+1","floor":37},{"not_picked":["Hyperbeam","Cold Snap"],"picked":"Undo+1","floor":40},{"not_picked":["Barrage","Coolheaded"],"picked":"Stack","floor":44},{"not_picked":["Scrape+1","Go for the Eyes"],"picked":"Consume+1","floor":45},{"not_picked":["Rip and Tear+1","Sweeping Beam"],"picked":"Loop+1","floor":46},{"not_picked":["Genetic Algorithm","Ball Lightning"],"picked":"Scrape+1","floor":47},{"not_picked":["Hologram","Beam Cell+1"],"picked":"White Noise+1","floor":48}],"player_experience":438142,"relics_obtained":[{"floor":6,"key":"Cables"},{"floor":8,"key":"Happy Flower"},{"floor":9,"key":"Symbiotic Virus"},{"floor":10,"key":"Darkstone Periapt"},{"floor":25,"key":"Calipers"},{"floor":26,"key":"Smiling Mask"},{"floor":29,"key":"Mummified Hand"},{"floor":38,"key":"Meat on the Bone"},{"floor":40,"key":"Anchor"},{"floor":43,"key":"Frozen Egg 2"},{"floor":44,"key":"Ancient Tea Set"},{"floor":46,"key":"Bird Faced Urn"},{"floor":47,"key":"Tiny Chest"}],"event_choices":[{"event_name":"Golden Idol","player_choice":"Lose Max HP","floor":4,"damage_taken":0},{"event_name":"Knowing Skull","player_choice":"GOLD ","floor":19,"damage_taken":0},{"event_name":"Addict","player_choice":"Obtained Relic","floor":20,"damage_taken":0},{"event_name":"Nest","player_choice":"Stole From Cult","floor":31,"damage_taken":0},{"event_name":"The Woman in Blue","player_choice":"Bought 1 Potion","floor":36,"damage_taken":0},{"event_name":"Mysterious Sphere","player_choice":"Fight","floor":46,"damage_taken":0}],"boss_relics":[{"not_picked":["Busted Crown","Eternal Feather"],"picked":"Astrolabe"},{"not_picked":["Lizard Tail","Tiny House"],"picked":"Inserter"}],"items_purged_floors":[3],"is_endless":false,"potions_floor_spawned":[10,13,14,16,24,28,29,35,44,46,47],"ascension_level":6}