{"gold_per_floor":[359,359,375,525,43,74,88,88,88,88,117,129,191,206,206,285,285,302,321,321,338,9,43,43,78,78,106,106,116,130,142,142,217,217,228,242,242,1241,1294,1324,1351,1370,1394,1394,1429,1464,1480,857,857,857,857,857,857,57,83,83],"floor_reached":57,"playtime":4695,"items_purged":["Doubt","Strike_R","Normality","Normality"],"score":3630,"play_id":"c1e54a64-ddc2-46ca-b413-6bdb8a052344","local_time":"20190405155244","is_ascension_mode":true,"campfire_choices":[{"data":"Whirlwind","floor":8.0,"key":"SMITH"},{"data":"Deep Breath","floor":10.0,"key":"SMITH"},{"data":"Entrench","floor":15.0,"key":"SMITH"},{"data":"Barricade","floor":24.0,"key":"SMITH"},{"data":"Offering","floor":32.0,"key":"SMITH"},{"data":"Burning Pact","floor":44,"key":"SMITH"},{"floor":49,"key":"RECALL"},{"data":"Evolve","floor":53,"key":"SMITH"}],"neow_cost":"TEN_PERCENT_HP_LOSS","seed_source_timestamp":0,"circlet_count":0,"master_deck":["AscendersBane","Strike_R","Strike_R+1","Strike_R+1","Defend_R","Defend_R","Defend_R","Bash","Whirlwind+1","Shrug It Off","Feel No Pain","Deep Breath+1","Barricade+1","Burning Pact+1","Offering+1","Entrench+1","Pommel Strike+1","True Grit+1","Evolve+1","Limit Break+1","Ghostly+1","Ghostly+1","Ghostly+1","Power Through+1","Body Slam+1","Offering+1","True Grit+1"],"special_seed":0,"relics":["Burning Blood","Sling","Matryoshka","Molten Egg 2","Oddly Smooth Stone","Bag of Marbles","Gremlin Horn","Eternal Feather","TheAbacus","Ornamental Fan","Toxic Egg 2","Bronze Scales","Bottled Tornado","Vajra","Philosopher\u0027s Stone","WingedGreaves","Blue Candle","Whetstone","Nunchaku","Unceasing Top","Boot","Singing Bowl","Strawberry","Toy Ornithopter","Pantograph","Art of War"],"potions_floor_usage":[40,40,46,56],"damage_taken":[{"damage":14.0,"enemies":"Jaw Worm","floor":1.0,"turns":4.0},{"damage":0.0,"enemies":"2 Louse","floor":3.0,"turns":2.0},{"damage":32.0,"enemies":"Gremlin Nob","floor":6.0,"turns":4.0},{"damage":4.0,"enemies":"Cultist","floor":7.0,"turns":5.0},{"damage":11.0,"enemies":"Lagavulin","floor":11.0,"turns":8.0},{"damage":0.0,"enemies":"3 Louse","floor":12.0,"turns":1.0},{"damage":14.0,"enemies":"Gremlin Nob","floor":13.0,"turns":3.0},{"damage":0.0,"enemies":"2 Fungi Beasts","floor":14.0,"turns":3.0},{"damage":6.0,"enemies":"Hexaghost","floor":16.0,"turns":30.0},{"damage":6.0,"enemies":"Chosen","floor":18.0,"turns":11.0},{"damage":28.0,"enemies":"2 Thieves","floor":19.0,"turns":2.0},{"damage":15.0,"enemies":"Snecko","floor":21.0,"turns":15.0},{"damage":6.0,"enemies":"Gremlin Leader","floor":23.0,"turns":9.0},{"damage":9.0,"enemies":"Slavers","floor":25.0,"turns":2.0},{"damage":17.0,"enemies":"Gremlin Leader","floor":27.0,"turns":7.0},{"damage":4.0,"enemies":"3 Cultists","floor":29.0,"turns":4.0},{"damage":1.0,"enemies":"Snake Plant","floor":30.0,"turns":8.0},{"damage":6.0,"enemies":"Snecko","floor":31.0,"turns":9.0},{"damage":1.0,"enemies":"Champ","floor":33.0,"turns":8.0},{"damage":2.0,"enemies":"3 Darklings","floor":35.0,"turns":5.0},{"damage":0.0,"enemies":"3 Shapes","floor":36.0,"turns":2.0},{"damage":6.0,"enemies":"2 Orb Walkers","floor":39.0,"turns":7.0},{"damage":6,"enemies":"Reptomancer","floor":40,"turns":7},{"damage":4,"enemies":"Giant Head","floor":41,"turns":5},{"damage":8,"enemies":"Spire Growth","floor":42,"turns":4},{"damage":2,"enemies":"Reptomancer","floor":45,"turns":4},{"damage":14,"enemies":"Nemesis","floor":46,"turns":7},{"damage":9,"enemies":"3 Darklings","floor":47,"turns":4},{"damage":13,"enemies":"Awakened One","floor":50,"turns":6},{"damage":8,"enemies":"Donu and Deca","floor":51,"turns":5},{"damage":7,"enemies":"Shield and Spear","floor":55,"turns":5},{"damage":7,"enemies":"The Heart","floor":56,"turns":8}],"seed_played":"479888577373634879","potions_obtained":[{"floor":6.0,"key":"SkillPotion"},{"floor":7.0,"key":"Ancient Potion"},{"floor":11.0,"key":"Poison Potion"},{"floor":14.0,"key":"EssenceOfSteel"},{"floor":19.0,"key":"PowerPotion"},{"floor":21.0,"key":"FearPotion"},{"floor":27.0,"key":"PowerPotion"},{"floor":29.0,"key":"SpeedPotion"},{"floor":42,"key":"Swift Potion"},{"floor":46,"key":"SkillPotion"}],"is_trial":false,"path_per_floor":["M","?","M","?","$","E","M","R","T","R","E","M","?","M","R","B",null,"M","M","?","M","$","E","R","E","T","E","?","M","M","M","R","B",null,"M","M","?","?","?","E","E","M","T","R","E","E","M","$","R","B","B",null,"R","$","E","B",null],"character_chosen":"IRONCLAD","items_purchased":["Feel No Pain","Deep Breath","Sling","TheAbacus","Swift Potion","Boot","Singing Bowl","Strawberry","Toy Ornithopter","Pantograph"],"campfire_rested":0,"item_purchase_floors":[5,5,5,22,48,48,48,54,54,54],"current_hp_per_floor":[60,53,59,59,59,33,35,35,35,35,30,36,28,34,34,34,60,60,38,38,29,29,29,41,38,38,27,27,29,34,34,34,34,34,34,34,34,34,34,34,34,32,32,34,34,26,23,23,34,27,25,32,34,41,42,43],"gold":83,"neow_bonus":"TWO_FIFTY_GOLD","is_prod":false,"is_daily":false,"chose_seed":false,"campfire_upgraded":7,"win_rate":0,"timestamp":1554450764,"path_taken":["M","?","M","?","$","E","M","R","T","R","E","M","?","M","R","BOSS","M","M","?","?","$","E","R","E","T","E","?","M","M","M","R","BOSS","M","M","?","?","?","E","E","M","T","R","E","E","M","$","R","BOSS","BOSS","R","$","E","BOSS"],"build_version":"2019-01-23","purchased_purges":4,"victory":true,"max_hp_per_floor":[68,68,68,68,68,68,68,68,68,68,68,68,68,68,68,68,68,68,68,68,68,68,68,68,68,68,68,34,34,34,34,34,34,34,34,34,34,34,34,34,34,34,34,34,34,34,34,34,34,34,34,34,34,41,43,43],"card_choices":[{"not_picked":["Iron Wave","Hemokinesis"],"picked":"Whirlwind","floor":1.0},{"not_picked":["Wild Strike","Body Slam"],"picked":"Shrug It Off","floor":3.0},{"not_picked":["Headbutt","Perfected Strike"],"picked":"Barricade","floor":6.0},{"not_picked":["Reckless Charge","Heavy Blade"],"picked":"Burning Pact","floor":7.0},{"not_picked":["Heavy Blade+1","Corruption","Whirlwind+1"],"picked":"SKIP","floor":11.0},{"not_picked":["Wild Strike+1","Thunderclap+1"],"picked":"Offering","floor":12.0},{"not_picked":["True Grit","Whirlwind+1"],"picked":"Entrench","floor":13.0},{"not_picked":["Clothesline+1","Whirlwind+1"],"picked":"Pommel Strike+1","floor":14.0},{"not_picked":["Twin Strike+1","Heavy Blade+1","Sword Boomerang+1"],"picked":"SKIP","floor":18.0},{"not_picked":["Headbutt+1","Cleave+1"],"picked":"True Grit+1","floor":19.0},{"not_picked":["Dropkick+1","Entrench"],"picked":"Evolve","floor":21.0},{"not_picked":["Thunderclap+1","Havoc","Uppercut+1"],"picked":"SKIP","floor":23.0},{"not_picked":["Havoc","Sword Boomerang+1","Iron Wave+1"],"picked":"SKIP","floor":25.0},{"not_picked":["Cleave+1","Entrench+1"],"picked":"Limit Break+1","floor":27.0},{"not_picked":["Spot Weakness+1","Twin Strike+1","Dual Wield+1"],"picked":"SKIP","floor":29.0},{"not_picked":["Perfected Strike+1","Clothesline+1"],"picked":"Power Through+1","floor":30.0},{"not_picked":["Sword Boomerang+1","Twin Strike+1"],"picked":"Body Slam+1","floor":31.0},{"not_picked":["Reaper+1","Brutality"],"picked":"Offering+1","floor":33.0},{"not_picked":["Heavy Blade+1","Iron Wave+1","Havoc+1"],"picked":"SKIP","floor":35.0},{"not_picked":["Perfected Strike+1","Brutality","Shrug It Off+1"],"picked":"SKIP","floor":36.0},{"not_picked":["Perfected Strike+1","Twin Strike+1"],"picked":"True Grit+1","floor":39.0},{"not_picked":["Corruption","Rage+1","Entrench+1"],"picked":"SKIP","floor":40},{"not_picked":["Whirlwind+1","Clothesline+1","Inflame"],"picked":"SKIP","floor":41},{"not_picked":["Wild Strike+1","Headbutt+1","Combust+1"],"picked":"SKIP","floor":42},{"not_picked":["Entrench+1","Dual Wield+1","Armaments+1"],"picked":"SKIP","floor":45},{"not_picked":["Clash+1","Shrug It Off+1","Armaments+1"],"picked":"SKIP","floor":46},{"not_picked":["Dropkick+1","Havoc+1","Ghostly Armor+1"],"picked":"SKIP","floor":47},{"not_picked":["Headbutt+1","True Grit+1","Dual Wield+1"],"picked":"Singing Bowl","floor":55}],"player_experience":1467812,"relics_obtained":[{"floor":6.0,"key":"Matryoshka"},{"floor":9.0,"key":"Molten Egg 2"},{"floor":9.0,"key":"Oddly Smooth Stone"},{"floor":11.0,"key":"Bag of Marbles"},{"floor":13.0,"key":"Gremlin Horn"},{"floor":23.0,"key":"Ornamental Fan"},{"floor":25.0,"key":"Toxic Egg 2"},{"floor":26.0,"key":"Bronze Scales"},{"floor":26.0,"key":"Bottled Tornado"},{"floor":27.0,"key":"Vajra"},{"floor":39.0,"key":"WingedGreaves"},{"floor":40,"key":"Blue Candle"},{"floor":41,"key":"Whetstone"},{"floor":45,"key":"Nunchaku"},{"floor":46,"key":"Unceasing Top"},{"floor":55,"key":"Art of War"}],"event_choices":[{"cards_removed":["Strike_R"],"damage_healed":0.0,"max_hp_gain":0.0,"max_hp_loss":0.0,"gold_gain":0.0,"event_name":"Golden Wing","player_choice":"Card Removal","floor":2.0,"gold_loss":0.0,"damage_taken":7.0},{"damage_healed":0.0,"max_hp_gain":0.0,"max_hp_loss":0.0,"gold_gain":150.0,"event_name":"Liars Game","player_choice":"AGREE","floor":4.0,"gold_loss":0.0,"damage_taken":0.0,"cards_obtained":["Doubt"]},{"damage_healed":0.0,"max_hp_gain":0.0,"max_hp_loss":0.0,"gold_gain":0.0,"event_name":"Dead Adventurer","player_choice":"Searched \u00271\u0027 times","floor":13.0,"gold_loss":0.0,"damage_taken":0.0},{"damage_healed":0.0,"max_hp_gain":0.0,"max_hp_loss":0.0,"gold_gain":0.0,"event_name":"N\u0027loth","player_choice":"Ignored","floor":20.0,"gold_loss":0.0,"damage_taken":0.0},{"damage_healed":0.0,"max_hp_gain":0.0,"max_hp_loss":34.0,"gold_gain":0.0,"event_name":"Ghosts","player_choice":"Became a Ghost","floor":28.0,"gold_loss":0.0,"damage_taken":0.0,"cards_obtained":["Ghostly","Ghostly","Ghostly"]},{"cards_removed":["Defend_R"],"damage_healed":0.0,"max_hp_gain":0.0,"max_hp_loss":0.0,"gold_gain":0.0,"event_name":"Falling","player_choice":"Removed Skill","floor":37.0,"gold_loss":0.0,"damage_taken":0.0},{"damage_healed":0.0,"max_hp_gain":0.0,"max_hp_loss":0.0,"gold_gain":999.0,"event_name":"MindBloom","player_choice":"Gold","floor":38.0,"gold_loss":0.0,"damage_taken":0.0,"cards_obtained":["Normality","Normality"]},{"damage_healed":0.0,"max_hp_gain":0.0,"max_hp_loss":0.0,"gold_gain":0.0,"event_name":"Mysterious Sphere","player_choice":"Fight","floor":39.0,"gold_loss":0.0,"damage_taken":0.0}],"is_beta":false,"boss_relics":[{"not_picked":["Velvet Choker","Black Blood"],"picked":"Eternal Feather"},{"not_picked":["White Beast Statue","Tiny House"],"picked":"Philosopher\u0027s Stone"}],"items_purged_floors":[5,22,48,54],"is_endless":false,"potions_floor_spawned":[6,7,11,14,19,21,23,27,29,33,35,36,39,42,46,55],"ascension_level":20}