{"gold_per_floor":[117,117,117,133,133,133,173,173,173,173,173,196,196],"floor_reached":13,"playtime":376,"items_purged":[],"score":107,"play_id":"2afec5c3-f19f-4c45-83ee-a191f7e233d8","local_time":"20190511124801","is_ascension_mode":true,"campfire_choices":[{"data":"Zap","floor":6,"key":"SMITH"},{"data":"Multi-Cast","floor":8,"key":"SMITH"}],"neow_cost":"NONE","seed_source_timestamp":571069112997000,"circlet_count":0,"master_deck":["Strike_B+1","Strike_B","Strike_B","Strike_B","Defend_B","Defend_B","Defend_B","Defend_B","Zap+1","Dualcast","Echo Form","Conserve Battery+1","Turbo","Multi-Cast+1"],"relics":["Cracked Core","Golden Idol","Smiling Mask","Potion Belt","Toxic Egg 2"],"potions_floor_usage":[13],"damage_taken":[{"damage":1,"enemies":"Cultist","floor":1,"turns":4},{"damage":0,"enemies":"Small Slimes","floor":4,"turns":4},{"damage":25,"enemies":"3 Sentries","floor":7,"turns":8},{"damage":34,"enemies":"Gremlin Nob","floor":13,"turns":4}],"seed_played":"-2575750752398485938","potions_obtained":[{"floor":1,"key":"FearPotion"}],"is_trial":false,"path_per_floor":["M","?","?","M","?","R","E","R","T","?","?","T","E"],"character_chosen":"DEFECT","items_purchased":[],"campfire_rested":0,"item_purchase_floors":[],"current_hp_per_floor":[67,67,72,72,69,69,44,44,44,29,29,29,0],"gold":196,"neow_bonus":"ONE_RANDOM_RARE_CARD","is_prod":false,"is_daily":false,"chose_seed":false,"campfire_upgraded":2,"win_rate":0,"timestamp":1557575281,"path_taken":["M","?","?","?","?","R","E","R","T","?","?","?","E"],"build_version":"2019-01-23","purchased_purges":0,"victory":false,"max_hp_per_floor":[75,69,74,74,74,74,74,74,74,74,74,74,74],"card_choices":[{"not_picked":["Tempest","Rebound"],"picked":"Conserve Battery","floor":1},{"not_picked":["Compile Driver","Fusion"],"picked":"Turbo","floor":4},{"not_picked":["Leap","Static Discharge"],"picked":"Multi-Cast","floor":7}],"player_experience":522268,"relics_obtained":[{"floor":7,"key":"Potion Belt"},{"floor":9,"key":"Toxic Egg 2"}],"event_choices":[{"damage_healed":0,"gold_gain":0,"player_choice":"Lose Max HP","damage_taken":0,"relics_obtained":["Golden Idol"],"max_hp_gain":0,"max_hp_loss":6,"event_name":"Golden Idol","floor":2,"gold_loss":0},{"damage_healed":0,"gold_gain":0,"player_choice":"Donut","damage_taken":0,"max_hp_gain":5,"max_hp_loss":0,"event_name":"Big Fish","floor":3,"gold_loss":0},{"damage_healed":0,"gold_gain":0,"player_choice":"Success","damage_taken":3,"relics_obtained":["Smiling Mask"],"max_hp_gain":0,"max_hp_loss":0,"event_name":"Scrap Ooze","floor":5,"gold_loss":0},{"damage_healed":0,"gold_gain":0,"player_choice":"Entered Light","damage_taken":15,"max_hp_gain":0,"max_hp_loss":0,"event_name":"Shining Light","floor":10,"gold_loss":0,"cards_upgraded":["Conserve Battery","Strike_B"]},{"damage_healed":0,"gold_gain":0,"player_choice":"Ignored","damage_taken":0,"max_hp_gain":0,"max_hp_loss":0,"event_name":"Liars Game","floor":11,"gold_loss":0}],"is_beta":false,"boss_relics":[],"items_purged_floors":[],"is_endless":false,"potions_floor_spawned":[1],"killed_by":"Gremlin Nob","ascension_level":7}