{"gold_per_floor":[114,131,142,67,67,67,94,94,94,114,140,113,127,158,158,260,260,271,303,316,53,53,53,63,63,363,363,72,89,121,144,144,245,245,260,66,66,77,77,108,108,124,124,124,224,224,224,239,239,239],"floor_reached":50,"playtime":3268,"items_purged":["Strike_B","Rebound"],"score":664,"play_id":"0bea0c9b-a49b-4566-8b4d-4b65968e8cab","local_time":"20190118170007","is_ascension_mode":true,"campfire_choices":[{"data":"Go for the Eyes","floor":6,"key":"SMITH"},{"floor":15,"key":"REST"},{"data":"Apotheosis","floor":23,"key":"SMITH"},{"data":"Hologram","floor":27,"key":"SMITH"},{"data":"Echo Form","floor":32,"key":"SMITH"},{"floor":41,"key":"REST"},{"floor":44,"key":"REST"},{"data":"Madness","floor":49,"key":"SMITH"}],"neow_cost":"NONE","seed_source_timestamp":23673145162551,"circlet_count":0,"master_deck":["Zap+1","Dualcast+1","Go for the Eyes+1","Defragment","Turbo+1","Steam Power","Hologram+1","Go for the Eyes","Echo Form+1","Self Repair","Hyperbeam","Steam","Reboot+1","Chill","All For One","Gash+1","Steam","BootSequence","Apotheosis+1","Flash of Steel","Beam Cell+1","Reboot","Fission","Swift Strike+1","Forethought","Sadistic Nature","Gash+1","Recycle+1","Madness+1","Madness"],"relics":["Cracked Core","Nunchaku","Thread and Needle","Torii","Boot","Dream Catcher","Pandora\u0027s Box","Red Mask","Old Coin","Molten Egg 2","Smiling Mask","Ancient Tea Set","Busted Crown","War Paint","Bottled Lightning","Ornamental Fan","Turnip"],"potions_floor_usage":[14,29,50],"damage_taken":[{"damage":0,"enemies":"Cultist","floor":1,"turns":3},{"damage":0,"enemies":"Jaw Worm","floor":2,"turns":3},{"damage":0,"enemies":"2 Louse","floor":3,"turns":2},{"damage":19,"enemies":"Gremlin Nob","floor":7,"turns":4},{"damage":1,"enemies":"Gremlin Gang","floor":10,"turns":3},{"damage":28,"enemies":"Lagavulin","floor":11,"turns":6},{"damage":0,"enemies":"Blue Slaver","floor":13,"turns":3},{"damage":24,"enemies":"Gremlin Nob","floor":14,"turns":5},{"damage":29,"enemies":"The Guardian","floor":16,"turns":13},{"damage":0,"enemies":"Spheric Guardian","floor":18,"turns":3},{"damage":1,"enemies":"Masked Bandits","floor":19,"turns":3},{"damage":0,"enemies":"3 Byrds","floor":20,"turns":2},{"damage":0,"enemies":"Sentry and Sphere","floor":24,"turns":2},{"damage":1,"enemies":"Snecko","floor":29,"turns":5},{"damage":0,"enemies":"Gremlin Leader","floor":30,"turns":4},{"damage":71,"enemies":"Champ","floor":33,"turns":12},{"damage":22,"enemies":"3 Darklings","floor":35,"turns":3},{"damage":10,"enemies":"3 Shapes","floor":38,"turns":2},{"damage":25,"enemies":"Nemesis","floor":40,"turns":4},{"damage":0,"enemies":"Spire Growth","floor":42,"turns":3},{"damage":0,"enemies":"Mind Bloom Boss Battle","floor":45,"turns":4},{"damage":0,"enemies":"3 Darklings","floor":48,"turns":2},{"damage":83,"enemies":"Time Eater","floor":50,"turns":9}],"seed_played":"-2767115097029477177","potions_obtained":[{"floor":2,"key":"Regen Potion"},{"floor":7,"key":"SteroidPotion"},{"floor":11,"key":"FearPotion"},{"floor":16,"key":"FocusPotion"},{"floor":20,"key":"Block Potion"},{"floor":29,"key":"Dexterity Potion"},{"floor":33,"key":"FairyPotion"},{"floor":40,"key":"Swift Potion"}],"is_trial":false,"path_per_floor":["M","M","M","$","?","R","E","?","T","M","E","?","M","E","R","B",null,"M","?","M","$","?","R","M","?","T","R","$","M","E","T","R","B",null,"M","$","?","M","?","E","R","M","T","R","?","?","?","M","R","B"],"character_chosen":"DEFECT","items_purchased":["Apotheosis","Flash of Steel","Molten Egg 2","Beam Cell+1","War Paint"],"campfire_rested":3,"item_purchase_floors":[21,21,28,28,36],"current_hp_per_floor":[75,75,75,75,68,68,49,49,49,48,20,20,20,8,30,1,75,75,75,75,75,75,75,75,75,75,75,75,75,75,75,75,11,75,63,63,53,43,43,25,47,57,57,75,75,66,66,66,66,0],"gold":239,"neow_bonus":"UPGRADE_CARD","is_prod":false,"is_daily":false,"chose_seed":false,"campfire_upgraded":5,"win_rate":0,"timestamp":1547852407,"path_taken":["M","?","M","$","?","R","E","?","T","?","E","?","M","E","R","BOSS","M","?","M","$","?","R","M","?","T","R","$","M","E","?","R","BOSS","M","$","?","M","?","E","R","?","T","R","?","?","?","M","R","BOSS"],"build_version":"2019-01-17","purchased_purges":2,"victory":false,"max_hp_per_floor":[75,75,75,75,75,75,75,75,75,75,75,75,75,75,75,75,75,75,75,75,75,75,75,75,75,75,75,75,75,75,75,75,75,75,75,75,75,75,75,75,75,75,75,75,75,75,75,75,75,75],"card_choices":[{"not_picked":["Cold Snap","Rebound"],"picked":"Go for the Eyes","floor":1},{"not_picked":["Ball Lightning","Streamline","Steam"],"picked":"SKIP","floor":2},{"not_picked":["Meteor Strike","Melter"],"picked":"Defragment","floor":3},{"not_picked":["Cold Snap","Undo"],"picked":"Rebound","floor":7},{"not_picked":["Consume","Coolheaded"],"picked":"Turbo","floor":10},{"not_picked":["Streamline","Static Discharge"],"picked":"Steam Power","floor":11},{"not_picked":["Compile Driver","Melter"],"picked":"Hologram","floor":13},{"not_picked":["Rebound","Ball Lightning","Blizzard"],"picked":"SKIP","floor":14},{"not_picked":["Turbo","Melter"],"picked":"Go for the Eyes","floor":15},{"not_picked":["Core Surge","Meteor Strike"],"picked":"Echo Form","floor":16},{"not_picked":["Go for the Eyes","Ball Lightning"],"picked":"Gash+1","floor":18},{"not_picked":["Static Discharge+1","Melter"],"picked":"Steam","floor":19},{"not_picked":["Barrage","Heatsinks"],"picked":"BootSequence","floor":20},{"not_picked":["Leap","Rebound","Tempest+1"],"picked":"SKIP","floor":24},{"not_picked":["Lockon+1","Chaos+1"],"picked":"Reboot","floor":29},{"not_picked":["Barrage+1","Capacitor","Core Surge+1"],"picked":"SKIP","floor":30},{"not_picked":["Multi-Cast","Reboot"],"picked":"Fission","floor":33},{"not_picked":["Doom and Gloom+1"],"picked":"SKIP","floor":35},{"not_picked":[],"picked":"Swift Strike+1","floor":37},{"not_picked":[],"picked":"Forethought","floor":37},{"not_picked":[],"picked":"Sadistic Nature","floor":37},{"not_picked":[],"picked":"BootSequence+1","floor":38},{"not_picked":["Consume+1"],"picked":"SKIP","floor":40},{"not_picked":[],"picked":"Gash+1","floor":41},{"not_picked":["Melter+1"],"picked":"SKIP","floor":42},{"not_picked":[],"picked":"Recycle+1","floor":44},{"not_picked":["Doom and Gloom+1"],"picked":"SKIP","floor":48}],"player_experience":249371,"relics_obtained":[{"floor":7,"key":"Thread and Needle"},{"floor":9,"key":"Torii"},{"floor":11,"key":"Boot"},{"floor":14,"key":"Dream Catcher"},{"floor":19,"key":"Red Mask"},{"floor":26,"key":"Old Coin"},{"floor":30,"key":"Smiling Mask"},{"floor":31,"key":"Ancient Tea Set"},{"floor":40,"key":"Bottled Lightning"},{"floor":43,"key":"Ornamental Fan"},{"floor":45,"key":"Turnip"}],"event_choices":[{"damage_healed":0,"gold_gain":0,"player_choice":"Success","damage_taken":7,"relics_obtained":["Nunchaku"],"max_hp_gain":0,"max_hp_loss":0,"event_name":"Scrap Ooze","floor":5,"gold_loss":0},{"cards_removed":["Defend_B"],"damage_healed":0,"gold_gain":0,"player_choice":"Purged","damage_taken":0,"max_hp_gain":0,"max_hp_loss":0,"event_name":"Purifier","floor":8,"gold_loss":0},{"damage_healed":0,"gold_gain":0,"player_choice":"Left Gold","damage_taken":0,"max_hp_gain":0,"max_hp_loss":0,"event_name":"World of Goop","floor":12,"gold_loss":27},{"damage_healed":0,"gold_gain":0,"player_choice":"Fought Bandits","damage_taken":0,"max_hp_gain":0,"max_hp_loss":0,"event_name":"Masked Bandits","floor":19,"gold_loss":0},{"damage_healed":0,"gold_gain":0,"player_choice":"Ignored","damage_taken":0,"max_hp_gain":0,"max_hp_loss":0,"event_name":"Beggar","floor":22,"gold_loss":0},{"damage_healed":0,"gold_gain":0,"player_choice":"Ignored","damage_taken":0,"max_hp_gain":0,"max_hp_loss":0,"event_name":"Ghosts","floor":25,"gold_loss":0},{"damage_healed":0,"gold_gain":0,"player_choice":"Memory 3","damage_taken":10,"max_hp_gain":0,"max_hp_loss":0,"event_name":"SensoryStone","floor":37,"gold_loss":0},{"damage_healed":0,"gold_gain":0,"player_choice":"Upgraded","damage_taken":0,"max_hp_gain":0,"max_hp_loss":0,"event_name":"Upgrade Shrine","floor":39,"gold_loss":0,"cards_upgraded":["Reboot"]},{"damage_healed":0,"gold_gain":0,"player_choice":"Fight","damage_taken":0,"max_hp_gain":0,"max_hp_loss":0,"event_name":"MindBloom","floor":45,"gold_loss":0},{"damage_healed":0,"gold_gain":0,"player_choice":"Embrace Madness","damage_taken":9,"max_hp_gain":0,"max_hp_loss":0,"event_name":"Winding Halls","floor":46,"gold_loss":0,"cards_obtained":["Madness","Madness"]},{"cards_removed":["BootSequence"],"damage_healed":0,"gold_gain":0,"player_choice":"Removed Skill","damage_taken":0,"max_hp_gain":0,"max_hp_loss":0,"event_name":"Falling","floor":47,"gold_loss":0}],"is_beta":true,"boss_relics":[{"not_picked":["Lizard Tail","Philosopher\u0027s Stone"],"picked":"Pandora\u0027s Box"},{"not_picked":["Inserter","Velvet Choker"],"picked":"Busted Crown"}],"items_purged_floors":[4,36],"is_endless":false,"potions_floor_spawned":[2,7,11,16,20,29,30,33,40,48],"killed_by":"Time Eater","ascension_level":3}