{"gold_per_floor":[119,194,494,78,78,107,117,144,144,42,53,53,72,89,89,166,166,182,202,202,122,139,139,169,179,179,179,196,196],"floor_reached":29,"playtime":753,"items_purged":["Strike_R","Strike_R"],"score":660,"play_id":"d48bc5a8-950f-4f7c-894f-1d8ae78a5f34","local_time":"20190505160751","is_ascension_mode":true,"campfire_choices":[{"data":"1","floor":12.0,"key":"LIFT"},{"floor":15.0,"key":"REST"},{"floor":23,"key":"REST"},{"floor":27,"key":"REST"}],"neow_cost":"NONE","seed_source_timestamp":5406220270005,"circlet_count":0,"master_deck":["AscendersBane","Strike_R","Strike_R","Defend_R","Defend_R","Defend_R","Defend_R","Bash","Sword Boomerang","Headbutt","Armaments","Fiend Fire","Shrug It Off","Inflame","Thunderclap","Spot Weakness","Feed","Battle Trance+1","Metallicize+1"],"special_seed":0,"relics":["Burning Blood","NeowsBlessing","Old Coin","Girya","Lantern","Calipers","The Courier","Busted Crown","Omamori"],"potions_floor_usage":[24,24,29],"damage_taken":[{"damage":0.0,"enemies":"Small Slimes","floor":1.0,"turns":1.0},{"damage":0.0,"enemies":"Gremlin Nob","floor":6.0,"turns":1.0},{"damage":0.0,"enemies":"Jaw Worm","floor":7.0,"turns":1.0},{"damage":36.0,"enemies":"Lagavulin","floor":8.0,"turns":10.0},{"damage":4.0,"enemies":"2 Louse","floor":11.0,"turns":4.0},{"damage":8.0,"enemies":"Exordium Thugs","floor":13.0,"turns":3.0},{"damage":8.0,"enemies":"Lots of Slimes","floor":14.0,"turns":3.0},{"damage":0.0,"enemies":"Slime Boss","floor":16.0,"turns":5.0},{"damage":21.0,"enemies":"Spheric Guardian","floor":18.0,"turns":7.0},{"damage":22.0,"enemies":"3 Byrds","floor":19.0,"turns":5.0},{"damage":22.0,"enemies":"Snake Plant","floor":22.0,"turns":3.0},{"damage":23,"enemies":"Book of Stabbing","floor":24,"turns":4},{"damage":29,"enemies":"Cultist and Chosen","floor":25,"turns":6},{"damage":24,"enemies":"Centurion and Healer","floor":28,"turns":6},{"damage":24,"enemies":"Snake Plant","floor":29,"turns":1}],"seed_played":"-5594782142407698479","potions_obtained":[{"floor":7.0,"key":"Block Potion"},{"floor":13.0,"key":"PowerPotion"},{"floor":16.0,"key":"PowerPotion"},{"floor":19.0,"key":"Poison Potion"},{"floor":25,"key":"PowerPotion"},{"floor":28,"key":"SpeedPotion"}],"is_trial":false,"path_per_floor":["M","?","?","$","?","E","M","E","T","$","M","R","M","M","R","B",null,"M","M","?","$","M","R","E","M","T","R","M","M"],"character_chosen":"IRONCLAD","items_purchased":["Headbutt","Armaments","Girya","AttackPotion"],"campfire_rested":3,"item_purchase_floors":[4,4,4,10],"current_hp_per_floor":[74,63,45,45,38,44,50,20,20,20,22,22,20,18,40,46,68,57,41,41,41,25,48,34,11,11,35,20,0],"gold":196,"neow_bonus":"THREE_ENEMY_KILL","is_prod":false,"is_daily":false,"chose_seed":false,"campfire_upgraded":0,"win_rate":0,"timestamp":1557083271,"path_taken":["M","?","?","$","?","E","M","E","T","?","?","R","M","M","R","BOSS","M","?","?","$","M","R","E","M","T","R","M","M"],"build_version":"2019-01-23","purchased_purges":2,"victory":false,"max_hp_per_floor":[75,75,75,75,75,75,75,75,75,75,75,75,75,75,75,75,75,79,79,79,79,79,79,82,82,82,82,85,85],"card_choices":[{"not_picked":["Seeing Red","Dropkick"],"picked":"Sword Boomerang","floor":1.0},{"not_picked":["Warcry","Anger"],"picked":"Fiend Fire","floor":6.0},{"not_picked":["Iron Wave","Carnage"],"picked":"Shrug It Off","floor":7.0},{"not_picked":["Power Through","Perfected Strike"],"picked":"Inflame","floor":8.0},{"not_picked":["Armaments","Dropkick"],"picked":"Thunderclap","floor":11.0},{"not_picked":["Dropkick","Thunderclap","Flex"],"picked":"SKIP","floor":13.0},{"not_picked":["Double Tap","Entrench"],"picked":"Spot Weakness","floor":14.0},{"not_picked":["Berserk","Double Tap"],"picked":"Feed","floor":16.0},{"not_picked":[],"picked":"Battle Trance+1","floor":18.0},{"not_picked":["Anger"],"picked":"SKIP","floor":19.0},{"not_picked":["Seeing Red"],"picked":"SKIP","floor":22},{"not_picked":[],"picked":"Metallicize+1","floor":24},{"not_picked":["Burning Pact"],"picked":"SKIP","floor":25},{"not_picked":["Pommel Strike"],"picked":"SKIP","floor":28}],"player_experience":2255893,"relics_obtained":[{"floor":6.0,"key":"Lantern"},{"floor":8.0,"key":"Calipers"},{"floor":9.0,"key":"The Courier"},{"floor":24,"key":"Omamori"}],"event_choices":[{"damage_healed":0.0,"max_hp_gain":0.0,"max_hp_loss":0.0,"gold_gain":75.0,"event_name":"World of Goop","player_choice":"Gather Gold","floor":2.0,"gold_loss":0.0,"damage_taken":11.0},{"damage_healed":0.0,"max_hp_gain":0.0,"max_hp_loss":0.0,"gold_gain":0.0,"event_name":"Scrap Ooze","player_choice":"Success","floor":3.0,"gold_loss":0.0,"damage_taken":18.0,"relics_obtained":["Old Coin"]},{"cards_removed":["Strike_R"],"damage_healed":0.0,"max_hp_gain":0.0,"max_hp_loss":0.0,"gold_gain":0.0,"event_name":"Golden Wing","player_choice":"Card Removal","floor":5.0,"gold_loss":0.0,"damage_taken":7.0},{"damage_healed":0.0,"max_hp_gain":0.0,"max_hp_loss":0.0,"gold_gain":0.0,"event_name":"Cursed Tome","player_choice":"Ignored","floor":20.0,"gold_loss":0.0,"damage_taken":0.0}],"is_beta":false,"boss_relics":[{"not_picked":["Runic Dome","Pandora\u0027s Box"],"picked":"Busted Crown"}],"items_purged_floors":[10,21],"is_endless":false,"potions_floor_spawned":[7,13,14,16,19,25,28],"killed_by":"Snake Plant","ascension_level":20}