{"gold_per_floor":[20,20,39,39,58,88,88,123,123,123,154,174,189,218,218,293,293,308,308,358,373,391,391,419,419,419,419,46,46,61,94,94,167,167,178,194,206,225,225,251,267,267,267,267,281,299,312,13,13,13],"floor_reached":51,"playtime":3024,"items_purged":["Strike_B"],"score":1667,"play_id":"95e00747-bb61-4fd6-b36e-adb25d4c16f7","local_time":"20180916143231","is_ascension_mode":true,"campfire_choices":[{"data":"Zap","floor":7,"key":"SMITH"},{"floor":10,"key":"REST"},{"data":"Go for the Eyes","floor":15,"key":"SMITH"},{"data":"Sunder","floor":23,"key":"SMITH"},{"data":"Streamline","floor":25,"key":"SMITH"},{"data":"Ball Lightning","floor":27,"key":"SMITH"},{"data":"Defragment","floor":32,"key":"SMITH"},{"data":"Consume","floor":42,"key":"SMITH"},{"data":"Stack","floor":44,"key":"SMITH"},{"data":"Heatsinks","floor":49,"key":"SMITH"}],"neow_cost":"NO_GOLD","seed_source_timestamp":609027701466567,"circlet_count":0,"master_deck":["Defend_B","Defend_B","Defend_B","Zap+1","Dualcast","AscendersBane","Turbo","Reinforced Body","Streamline+1","Conserve Battery","Ball Lightning+1","Cold Snap","Auto Shields","Cold Snap","Go for the Eyes+1","Sunder+1","Self Repair","Machine Learning","Leap","Self Repair","Ball Lightning","Glacier","Cold Snap+1","Defragment+1","Capacitor+1","Electrodynamics","Coolheaded","Consume+1","Compile Driver+1","Ball Lightning","Stack+1","Echo Form","Steam+1","Hologram","Defragment+1","Heatsinks+1"],"relics":["Cracked Core","Mummified Hand","Letter Opener","Blue Candle","Pantograph","Regal Pillow","Coffee Dripper","The Courier","Meat on the Bone","Orichalcum","Mercury Hourglass","Bottled Lightning","Orrery","Incense Burner","Lantern","Shuriken","Happy Flower","Ancient Tea Set"],"potions_floor_usage":[6,13,24,31,31,45,50,50],"damage_taken":[{"damage":2,"enemies":"Small Slimes","floor":1,"turns":4},{"damage":0,"enemies":"Cultist","floor":3,"turns":3},{"damage":0,"enemies":"Jaw Worm","floor":5,"turns":3},{"damage":31,"enemies":"Gremlin Nob","floor":6,"turns":4},{"damage":11,"enemies":"3 Sentries","floor":8,"turns":9},{"damage":8,"enemies":"Lagavulin","floor":11,"turns":6},{"damage":0,"enemies":"Looter","floor":12,"turns":2},{"damage":0,"enemies":"Large Slime","floor":13,"turns":5},{"damage":0,"enemies":"3 Sentries","floor":14,"turns":4},{"damage":37,"enemies":"Hexaghost","floor":16,"turns":12},{"damage":1,"enemies":"Chosen","floor":18,"turns":4},{"damage":1,"enemies":"3 Byrds","floor":21,"turns":5},{"damage":19,"enemies":"Centurion and Healer","floor":22,"turns":8},{"damage":49,"enemies":"Book of Stabbing","floor":24,"turns":8},{"damage":0,"enemies":"Snecko","floor":30,"turns":4},{"damage":9,"enemies":"Slavers","floor":31,"turns":5},{"damage":42,"enemies":"Automaton","floor":33,"turns":13},{"damage":15,"enemies":"3 Darklings","floor":35,"turns":5},{"damage":24,"enemies":"3 Shapes","floor":36,"turns":2},{"damage":8,"enemies":"Flame Bruiser 2 Orb","floor":37,"turns":4},{"damage":15,"enemies":"4 Shapes","floor":38,"turns":6},{"damage":26,"floor":39,"turns":6},{"damage":43,"enemies":"Giant Head","floor":40,"turns":9},{"damage":16,"enemies":"Maw","floor":41,"turns":7},{"damage":15,"enemies":"Transient","floor":45,"turns":5},{"damage":2,"enemies":"3 Darklings","floor":46,"turns":5},{"damage":6,"enemies":"Spire Growth","floor":47,"turns":4},{"damage":10,"enemies":"Donu and Deca","floor":50,"turns":7}],"seed_played":"7204124785670974622","potions_obtained":[{"floor":1,"key":"Poison Potion"},{"floor":11,"key":"PowerPotion"},{"floor":12,"key":"Fruit Juice"},{"floor":14,"key":"SpeedPotion"},{"floor":24,"key":"Weak Potion"},{"floor":31,"key":"FocusPotion"},{"floor":35,"key":"Dexterity Potion"},{"floor":45,"key":"LiquidBronze"}],"is_trial":false,"path_per_floor":["M","?","M","?","M","E","R","E","T","R","E","M","M","E","R","B",null,"M","?","?","M","M","R","E","R","T","R","$","?","M","E","R","B",null,"M","M","M","M","?","E","M","R","T","R","M","M","M","$","R","B"],"character_chosen":"DEFECT","items_purchased":["Orichalcum","Mercury Hourglass","Explosive Potion","Happy Flower","Ancient Tea Set"],"campfire_rested":1,"item_purchase_floors":[28,28,28,48,48],"current_hp_per_floor":[62,62,62,62,62,31,31,20,20,41,33,33,38,38,38,33,65,71,71,64,76,71,71,43,43,43,43,43,43,57,62,62,60,72,64,47,53,64,64,47,64,64,64,64,56,61,62,62,62,76],"gold":13,"neow_bonus":"TRANSFORM_TWO_CARDS","is_prod":false,"is_daily":false,"chose_seed":false,"campfire_upgraded":9,"win_rate":0,"timestamp":1537119151,"path_taken":["M","?","M","?","M","E","R","E","T","R","E","M","M","E","R","BOSS","M","?","?","M","M","R","E","R","T","R","$","?","M","E","R","BOSS","M","M","M","M","?","E","M","R","T","R","M","?","M","$","R","BOSS"],"build_version":"2018-07-12","purchased_purges":1,"victory":true,"max_hp_per_floor":[71,71,71,71,71,71,71,71,71,71,71,71,76,76,76,76,76,76,76,76,76,76,76,76,76,76,76,76,76,76,76,76,76,76,76,76,76,76,76,76,76,76,76,76,76,76,76,76,76,76],"card_choices":[{"not_picked":["White Noise","Turbo"],"picked":"Streamline","floor":1},{"not_picked":["Coolheaded","Hologram"],"picked":"Conserve Battery","floor":3},{"not_picked":["Conserve Battery","Turbo"],"picked":"Ball Lightning","floor":5},{"not_picked":["Sweeping Beam","Hello World"],"picked":"Cold Snap","floor":6},{"not_picked":["Sweeping Beam","Streamline"],"picked":"Auto Shields","floor":8},{"not_picked":["Multi-Cast","Storm"],"picked":"Cold Snap","floor":11},{"not_picked":["Consume","Turbo"],"picked":"Go for the Eyes","floor":12},{"not_picked":["Steam","Coolheaded"],"picked":"Sunder","floor":13},{"not_picked":["Reinforced Body","Stack"],"picked":"Self Repair","floor":14},{"not_picked":["Fission","Seek"],"picked":"Machine Learning","floor":16},{"not_picked":["Go for the Eyes","Stack"],"picked":"Leap","floor":18},{"not_picked":["Rebound+1","Hologram"],"picked":"Ball Lightning","floor":21},{"not_picked":["Tempest","Coolheaded"],"picked":"Glacier","floor":22},{"not_picked":["Steam","Ball Lightning"],"picked":"Cold Snap+1","floor":24},{"not_picked":["Rebound","Fission","Barrage"],"picked":"SKIP","floor":30},{"not_picked":["Sweeping Beam","Redo"],"picked":"Capacitor+1","floor":31},{"not_picked":["Fission","Biased Cognition"],"picked":"Electrodynamics","floor":33},{"not_picked":["Scrape","Leap"],"picked":"Coolheaded","floor":34},{"not_picked":["Coolheaded","Scrape"],"picked":"Consume","floor":34},{"not_picked":["Melter","Reinforced Body"],"picked":"Compile Driver+1","floor":34},{"not_picked":["Sweeping Beam","Beam Cell"],"picked":"Ball Lightning","floor":34},{"not_picked":["Ball Lightning","Hologram"],"picked":"Stack","floor":34},{"not_picked":["Reinforced Body","Turbo","Streamline"],"picked":"SKIP","floor":35},{"not_picked":["Coolheaded","Gash+1"],"picked":"Echo Form","floor":36},{"not_picked":["Leap","Compile Driver","Streamline"],"picked":"SKIP","floor":37},{"not_picked":["Reboot","Compile Driver","Rebound"],"picked":"SKIP","floor":38},{"not_picked":["Streamline","Compile Driver"],"picked":"Steam+1","floor":40},{"not_picked":["Melter","Gash"],"picked":"Hologram","floor":41},{"not_picked":["Heatsinks","All For One"],"picked":"Defragment+1","floor":45},{"not_picked":["Scrape","Cold Snap","Genetic Algorithm"],"picked":"SKIP","floor":46},{"not_picked":["Heatsinks","FTL+1","Skim"],"picked":"SKIP","floor":47},{"not_picked":["FTL+1","Skim"],"picked":"Heatsinks","floor":47}],"player_experience":838999,"relics_obtained":[{"floor":6,"key":"Mummified Hand"},{"floor":8,"key":"Letter Opener"},{"floor":9,"key":"Blue Candle"},{"floor":11,"key":"Pantograph"},{"floor":14,"key":"Regal Pillow"},{"floor":24,"key":"The Courier"},{"floor":26,"key":"Meat on the Bone"},{"floor":31,"key":"Bottled Lightning"},{"floor":39,"key":"Incense Burner"},{"floor":40,"key":"Lantern"},{"floor":43,"key":"Shuriken"}],"event_choices":[{"event_name":"Purifier","player_choice":"One Purge","floor":2,"damage_taken":0},{"event_name":"Golden Idol","player_choice":"Ignored","floor":4,"damage_taken":0},{"event_name":"Duplicator","player_choice":"One dupe","floor":19,"damage_taken":0},{"event_name":"FaceTrader","player_choice":"Touch","floor":20,"damage_taken":0},{"event_name":"Transmorgrifier","player_choice":"Transform","floor":29,"damage_taken":0},{"event_name":"MindBloom","player_choice":"Fight","floor":39,"damage_taken":0}],"boss_relics":[{"not_picked":["Velvet Choker","Fusion Hammer"],"picked":"Coffee Dripper"},{"not_picked":["Cursed Key","Busted Crown"],"picked":"Orrery"}],"items_purged_floors":[48],"is_endless":false,"potions_floor_spawned":[1,11,12,14,21,22,24,31,35,36,37,41,45],"ascension_level":15}