{"gold_per_floor":[117,132,145,155,175,175,204,216,293,324,324,324,343,355,355,429,429,429,183,183,83,83,83,83,83,83,83,83,83,83,83,83,83,83,83,83,83,83,83,83,83,83,83,83,83,83,83,83,83,83,83,83,83,27,27,27],"floor_reached":57,"playtime":2605,"items_purged":["Strike_R","Strike_R"],"score":3356,"play_id":"c43f6d17-f271-4699-be2a-85b9f520bab2","local_time":"20190506200846","is_ascension_mode":true,"campfire_choices":[{"data":"Bludgeon","floor":6.0,"key":"SMITH"},{"data":"Entrench","floor":11.0,"key":"SMITH"},{"data":"Armaments","floor":15.0,"key":"SMITH"},{"data":"Offering","floor":25.0,"key":"SMITH"},{"data":"Battle Trance","floor":30.0,"key":"SMITH"},{"data":"Burning Pact","floor":32.0,"key":"SMITH"},{"data":"Barricade","floor":40.0,"key":"SMITH"},{"data":"Seeing Red","floor":44.0,"key":"SMITH"},{"floor":49.0,"key":"RECALL"},{"data":"Evolve","floor":53.0,"key":"SMITH"}],"neow_cost":"NONE","seed_source_timestamp":985946685766050,"circlet_count":0,"master_deck":["AscendersBane","Defend_R","Defend_R","Defend_R","Defend_R","Bash","Shockwave","Shrug It Off","Body Slam","Entrench+1","Barricade+1","Impervious","Battle Trance+1","Armaments+1","Second Wind","Feel No Pain","Evolve+1","Offering+1","Burning Pact+1","Ghostly","Ghostly","Ghostly","Pommel Strike+1","Warcry+1","Pummel+1","Rampage+1","Seeing Red+1","Exhume","Warcry+1"],"special_seed":0,"relics":["Burning Blood","Gremlin Horn","Mercury Hourglass","Prayer Wheel","Ectoplasm","Old Coin","Bronze Scales","Astrolabe","Happy Flower","Boot","Anchor","Dodecahedron"],"potions_floor_usage":[56,56],"damage_taken":[{"damage":0.0,"enemies":"Cultist","floor":1.0,"turns":3.0},{"damage":4.0,"enemies":"2 Louse","floor":2.0,"turns":3.0},{"damage":0.0,"enemies":"Small Slimes","floor":3.0,"turns":3.0},{"damage":15.0,"enemies":"3 Louse","floor":4.0,"turns":5.0},{"damage":13.0,"enemies":"Large Slime","floor":5.0,"turns":7.0},{"damage":0.0,"enemies":"Lagavulin","floor":7.0,"turns":4.0},{"damage":9.0,"enemies":"Exordium Thugs","floor":8.0,"turns":4.0},{"damage":0.0,"enemies":"Gremlin Nob","floor":10.0,"turns":2.0},{"damage":0.0,"enemies":"2 Fungi Beasts","floor":13.0,"turns":2.0},{"damage":0.0,"enemies":"Large Slime","floor":14.0,"turns":5.0},{"damage":0.0,"enemies":"Slime Boss","floor":16.0,"turns":9.0},{"damage":0.0,"enemies":"Chosen","floor":18.0,"turns":8.0},{"damage":6.0,"enemies":"3 Byrds","floor":20.0,"turns":5.0},{"damage":24.0,"enemies":"Slavers","floor":23.0,"turns":6.0},{"damage":25.0,"enemies":"Sentry and Sphere","floor":24.0,"turns":9.0},{"damage":6.0,"enemies":"Snake Plant","floor":27.0,"turns":2.0},{"damage":6.0,"enemies":"Chosen and Byrds","floor":31.0,"turns":6.0},{"damage":1.0,"enemies":"Automaton","floor":33.0,"turns":7.0},{"damage":6.0,"enemies":"Orb Walker","floor":35.0,"turns":4.0},{"damage":10.0,"enemies":"3 Darklings","floor":37.0,"turns":5.0},{"damage":1.0,"enemies":"Jaw Worm Horde","floor":39.0,"turns":7.0},{"damage":1.0,"enemies":"Writhing Mass","floor":41.0,"turns":4.0},{"damage":6.0,"enemies":"Giant Head","floor":42.0,"turns":5.0},{"damage":2.0,"enemies":"Nemesis","floor":45.0,"turns":5.0},{"damage":6.0,"enemies":"3 Darklings","floor":46.0,"turns":4.0},{"damage":3.0,"enemies":"Reptomancer","floor":47.0,"turns":4.0},{"damage":0.0,"enemies":"Maw","floor":48.0,"turns":6.0},{"damage":2.0,"enemies":"Awakened One","floor":50.0,"turns":7.0},{"damage":6.0,"enemies":"Donu and Deca","floor":51.0,"turns":6.0},{"damage":6.0,"enemies":"Shield and Spear","floor":55.0,"turns":6.0},{"damage":1,"enemies":"The Heart","floor":56,"turns":7}],"seed_played":"-5463810285308742512","potions_obtained":[{"floor":2.0,"key":"SkillPotion"},{"floor":7.0,"key":"Strength Potion"},{"floor":12.0,"key":"Strength Potion"},{"floor":12.0,"key":"Weak Potion"},{"floor":16.0,"key":"GamblersBrew"},{"floor":20.0,"key":"GamblersBrew"},{"floor":31.0,"key":"Strength Potion"},{"floor":33.0,"key":"Explosive Potion"},{"floor":35.0,"key":"Energy Potion"},{"floor":37.0,"key":"BloodPotion"},{"floor":47.0,"key":"SpeedPotion"},{"floor":55.0,"key":"PowerPotion"}],"is_trial":false,"path_per_floor":["M","M","M","M","M","R","E","M","T","E","R","?","M","M","R","B",null,"M","$","M","$","?","E","M","R","T","M","?","?","R","M","R","B",null,"M","?","M","?","M","R","M","E","T","R","E","M","E","M","R","B","B",null,"R","$","E","B",null],"character_chosen":"IRONCLAD","items_purchased":["Offering","Dexterity Potion"],"campfire_rested":0,"item_purchase_floors":[19,54],"current_hp_per_floor":[74,75,75,66,59,59,65,62,62,68,68,68,74,75,75,75,75,75,75,75,75,75,57,38,38,38,38,38,37,37,37,37,37,37,37,37,33,33,37,37,37,37,37,37,37,37,37,37,37,37,37,37,37,37,37,37],"gold":27,"neow_bonus":"ONE_RANDOM_RARE_CARD","is_prod":false,"is_daily":false,"chose_seed":false,"campfire_upgraded":9,"win_rate":0,"timestamp":1557144526,"path_taken":["M","M","?","?","M","R","E","M","T","E","R","?","M","?","R","BOSS","M","$","?","?","?","E","M","R","T","M","?","?","R","M","R","BOSS","M","?","M","?","M","R","?","E","T","R","E","M","E","M","R","BOSS","BOSS","R","$","E","BOSS"],"build_version":"2019-01-23","purchased_purges":2,"victory":true,"max_hp_per_floor":[75,75,75,75,75,75,75,75,75,75,75,75,75,75,75,75,75,75,75,75,75,75,75,75,75,75,75,75,37,37,37,37,37,37,37,37,37,37,37,37,37,37,37,37,37,37,37,37,37,37,37,37,37,37,37,37],"card_choices":[{"not_picked":["Wild Strike","Perfected Strike"],"picked":"Shockwave","floor":1.0},{"not_picked":["Anger","Twin Strike"],"picked":"Shrug It Off","floor":2.0},{"not_picked":["Intimidate","Armaments"],"picked":"Body Slam","floor":3.0},{"not_picked":["Headbutt","Blood for Blood"],"picked":"Entrench","floor":4.0},{"not_picked":["Pommel Strike","Thunderclap","Havoc"],"picked":"SKIP","floor":5.0},{"not_picked":["Infernal Blade","Heavy Blade"],"picked":"Barricade","floor":7.0},{"not_picked":["Body Slam","Havoc","Wild Strike"],"picked":"SKIP","floor":8.0},{"not_picked":["Feed","Pommel Strike"],"picked":"Impervious","floor":10.0},{"not_picked":["Searing Blow","Cleave"],"picked":"Battle Trance","floor":13.0},{"not_picked":["True Grit","Anger"],"picked":"Armaments","floor":13.0},{"not_picked":["Hemokinesis","Thunderclap"],"picked":"Second Wind","floor":14.0},{"not_picked":["Body Slam","Thunderclap","Seeing Red"],"picked":"SKIP","floor":14.0},{"not_picked":["Armaments","Twin Strike"],"picked":"Feel No Pain","floor":18.0},{"not_picked":["Corruption","Wild Strike"],"picked":"Evolve","floor":18.0},{"not_picked":["Bloodletting","Inflame+1","Shockwave"],"picked":"SKIP","floor":20.0},{"not_picked":["Warcry","Searing Blow","Uppercut"],"picked":"SKIP","floor":20.0},{"not_picked":["Dual Wield","Armaments","Havoc"],"picked":"SKIP","floor":23.0},{"not_picked":["Dual Wield","Armaments","Havoc"],"picked":"SKIP","floor":23.0},{"not_picked":["Clothesline","Intimidate","Cleave"],"picked":"SKIP","floor":24.0},{"not_picked":["Spot Weakness","Berserk","Inflame"],"picked":"SKIP","floor":24.0},{"not_picked":["Perfected Strike+1","Shrug It Off+1"],"picked":"Burning Pact","floor":27.0},{"not_picked":["Pommel Strike","Flex","Thunderclap+1"],"picked":"SKIP","floor":27.0},{"not_picked":["Flame Barrier","Clothesline"],"picked":"Pommel Strike+1","floor":31.0},{"not_picked":["Havoc","Body Slam","Shockwave"],"picked":"SKIP","floor":31.0},{"not_picked":["Heavy Blade","Seeing Red","Wild Strike+1"],"picked":"SKIP","floor":35.0},{"not_picked":["Wild Strike+1","Uppercut","Twin Strike"],"picked":"SKIP","floor":35.0},{"not_picked":["Heavy Blade","Wild Strike+1"],"picked":"Seeing Red","floor":35.0},{"not_picked":["Wild Strike+1","Uppercut","Twin Strike"],"picked":"SKIP","floor":35.0},{"not_picked":["Thunderclap","Ghostly Armor","Intimidate"],"picked":"SKIP","floor":37.0},{"not_picked":["Sever Soul","Headbutt","Searing Blow+1"],"picked":"SKIP","floor":37.0},{"not_picked":["True Grit","Headbutt+1"],"picked":"Exhume","floor":39.0},{"not_picked":["Battle Trance+1","Havoc","Metallicize"],"picked":"SKIP","floor":39.0},{"not_picked":["Armaments","Clash","Heavy Blade"],"picked":"SKIP","floor":41.0},{"not_picked":["Seeing Red","Thunderclap","Iron Wave"],"picked":"SKIP","floor":41.0},{"not_picked":["Iron Wave","Thunderclap+1","Havoc"],"picked":"SKIP","floor":42.0},{"not_picked":["Havoc","Anger","Reckless Charge+1"],"picked":"SKIP","floor":45.0},{"not_picked":["True Grit","Battle Trance","Armaments"],"picked":"SKIP","floor":46.0},{"not_picked":["Perfected Strike","Blood for Blood","Warcry+1"],"picked":"SKIP","floor":46.0},{"not_picked":["Perfected Strike","Blood for Blood"],"picked":"Warcry+1","floor":46.0},{"not_picked":["True Grit","Battle Trance","Armaments"],"picked":"SKIP","floor":46.0},{"not_picked":["Rage","Disarm","Berserk"],"picked":"SKIP","floor":47.0},{"not_picked":["Heavy Blade+1","Searing Blow","True Grit"],"picked":"SKIP","floor":48.0},{"not_picked":["Anger","Armaments","Whirlwind+1"],"picked":"SKIP","floor":48.0},{"not_picked":["Sword Boomerang+1","Pommel Strike","Wild Strike+1"],"picked":"SKIP","floor":55.0}],"player_experience":1876738,"relics_obtained":[{"floor":7.0,"key":"Gremlin Horn"},{"floor":9.0,"key":"Mercury Hourglass"},{"floor":10.0,"key":"Prayer Wheel"},{"floor":23.0,"key":"Old Coin"},{"floor":26.0,"key":"Bronze Scales"},{"floor":42.0,"key":"Happy Flower"},{"floor":45.0,"key":"Boot"},{"floor":47.0,"key":"Anchor"},{"floor":55.0,"key":"Dodecahedron"}],"event_choices":[{"damage_healed":0.0,"max_hp_gain":0.0,"max_hp_loss":0.0,"gold_gain":0.0,"event_name":"Lab","player_choice":"Got Potions","floor":12.0,"gold_loss":0.0,"damage_taken":0.0},{"cards_removed":["Strike_R"],"damage_healed":0.0,"max_hp_gain":0.0,"max_hp_loss":0.0,"gold_gain":0.0,"event_name":"Back to Basics","player_choice":"Elegance","floor":22.0,"gold_loss":0.0,"damage_taken":0.0},{"damage_healed":0.0,"max_hp_gain":0.0,"max_hp_loss":0.0,"gold_gain":50.0,"event_name":"Nest","player_choice":"Stole From Cult","floor":28.0,"gold_loss":0.0,"damage_taken":0.0},{"damage_healed":0.0,"max_hp_gain":0.0,"max_hp_loss":38.0,"gold_gain":0.0,"event_name":"Ghosts","player_choice":"Became a Ghost","floor":29.0,"gold_loss":0.0,"damage_taken":0.0,"cards_obtained":["Ghostly","Ghostly","Ghostly"]},{"damage_healed":0.0,"max_hp_gain":0.0,"max_hp_loss":0.0,"gold_gain":0.0,"event_name":"Tomb of Lord Red Mask","player_choice":"Ignored","floor":36.0,"gold_loss":0.0,"damage_taken":0.0},{"damage_healed":0.0,"max_hp_gain":0.0,"max_hp_loss":0.0,"gold_gain":0.0,"event_name":"SecretPortal","player_choice":"Ignored","floor":38.0,"gold_loss":0.0,"damage_taken":0.0}],"is_beta":false,"boss_relics":[{"not_picked":["White Beast Statue","Calling Bell"],"picked":"Ectoplasm"},{"not_picked":["Black Blood","Runic Dome"],"picked":"Astrolabe"}],"items_purged_floors":[19,21],"is_endless":false,"potions_floor_spawned":[2,7,13,16,20,31,33,35,37,47,48,55],"ascension_level":20}