{"path_per_floor":["M","$","M","?","M","E","R","?","T","R","E","?","M","M","R","B",null,"M","M","?","?","$","R","M","M","T","E","M","E","R","M","R"],"character_chosen":"IRONCLAD","items_purchased":["Apotheosis"],"gold_per_floor":[119,44,59,59,72,100,100,100,125,125,156,156,173,192,192,297,327,339,358,385,385,90,90,108,126,180,209,219,247,247,260,260],"floor_reached":33,"campfire_rested":2,"playtime":1459,"current_hp_per_floor":[80,80,80,80,80,45,45,45,45,45,43,36,33,23,47,26,85,75,71,45,45,45,45,44,50,50,49,45,34,34,30,57],"items_purged":["Defend_R","Defend_R"],"gold":260,"score":297,"play_id":"754b6183-2404-4af3-a6eb-a7b7c0f3af17","local_time":"20180303213728","is_prod":false,"is_daily":false,"is_ascension_mode":false,"campfire_upgraded":4,"timestamp":1520134648,"path_taken":["M","$","M","?","M","E","R","?","T","R","E","?","?","M","R","BOSS","M","M","?","?","?","R","M","M","T","E","M","E","R","?","R","BOSS"],"build_version":"2018-03-02-BETA2","purchased_purges":2,"victory":false,"master_deck":["Strike_R+1","Strike_R+1","Defend_R","Defend_R","Bash+1","Dual Wield+1","Dropkick+1","Spot Weakness","Clash","Thunderclap+1","Clash+1","Dual Wield+1","Apotheosis+1","Clash","Headbutt","Pommel Strike+1"],"max_hp_per_floor":[80,80,80,80,80,80,80,80,80,80,80,80,80,80,80,80,85,85,85,85,85,85,85,85,85,85,92,92,92,92,92,92],"relics":["Burning Blood","Bird Faced Urn","Lantern","Ice Cream","Tiny House","Red Mask","Whetstone","Strawberry","Paper Frog"],"card_choices":[{"not_picked":["Intimidate","Shockwave"],"picked":"Dual Wield"},{"not_picked":["Perfected Strike","Entrench"],"picked":"Dropkick"},{"not_picked":["Clothesline","Perfected Strike"],"picked":"Spot Weakness"},{"not_picked":["Combust","Fire Breathing"],"picked":"Clash"},{"not_picked":["Hemokinesis","Body Slam"],"picked":"Thunderclap"},{"not_picked":["Flex","Iron Wave"],"picked":"Clash"},{"not_picked":["Clothesline","Iron Wave"],"picked":"Clash"},{"not_picked":["Bludgeon","Clothesline"],"picked":"Headbutt"},{"not_picked":["Corruption","Body Slam"],"picked":"Pommel Strike"}],"player_experience":139794,"potions_floor_usage":[18,19,20,20,29,33],"damage_taken":[{"damage":1,"enemies":"Jaw Worm","floor":1,"turns":3},{"damage":6,"enemies":"Cultist","floor":3,"turns":3},{"damage":4,"enemies":"2 Louse","floor":5,"turns":3},{"damage":41,"enemies":"Gremlin Nob","floor":6,"turns":6},{"damage":8,"enemies":"Lagavulin","floor":11,"turns":3},{"damage":9,"enemies":"Blue Slaver","floor":13,"turns":3},{"damage":16,"enemies":"Exordium Wildlife","floor":14,"turns":5},{"damage":27,"enemies":"The Guardian","floor":16,"turns":5},{"damage":16,"enemies":"2 Thieves","floor":18,"turns":4},{"damage":10,"enemies":"3 Byrds","floor":19,"turns":5},{"damage":32,"enemies":"Masked Bandits","floor":20,"turns":4},{"damage":7,"enemies":"Snecko","floor":24,"turns":3},{"damage":0,"enemies":"Centurion and Healer","floor":25,"turns":3},{"damage":14,"enemies":"Slavers","floor":27,"turns":5},{"damage":10,"enemies":"Sentry and Sphere","floor":28,"turns":3},{"damage":17,"enemies":"Gremlin Leader","floor":29,"turns":4},{"damage":10,"enemies":"Snecko","floor":31,"turns":3},{"damage":93,"enemies":"Automaton","floor":33,"turns":6}],"event_choices":[{"event_name":"Bonfire Elementals","player_choice":"BASIC","floor":4,"damage_taken":0},{"event_name":"Living Wall","player_choice":"Forget","floor":8,"damage_taken":0},{"event_name":"Golden Wing","player_choice":"Card Removal","floor":12,"damage_taken":0},{"event_name":"Masked Bandits","player_choice":"Fought over 358 gold","floor":20,"damage_taken":0},{"event_name":"Duplicator","player_choice":"One dupe","floor":21,"damage_taken":0}],"boss_relics":[{"not_picked":["Calling Bell","Runic Pyramid"],"picked":"Tiny House"}],"potions_floor_spawned":[11,13,14,18,25,27,28],"seed_played":"5234111252909339090","killed_by":"Automaton","ascension_level":0,"is_trial":false}