{"gold_per_floor":[110,15,90,90,107,133,133,160,160,174,200,221,239,55,55,129,129,144,144],"floor_reached":19,"playtime":657,"items_purged":["Strike_R"],"score":420,"play_id":"d2949aac-3557-458a-be9a-5a104bd5bb2d","local_time":"20190507215029","is_ascension_mode":true,"campfire_choices":[{"data":"Rampage","floor":7.0,"key":"SMITH"},{"data":"True Grit","floor":15.0,"key":"SMITH"}],"neow_cost":"NONE","seed_source_timestamp":0,"circlet_count":0,"master_deck":["AscendersBane","Strike_R","Strike_R","Strike_R","Strike_R","Defend_R","Defend_R","Defend_R","Defend_R","Bash","Second Wind","Shrug It Off","Evolve","Rampage+1","Limit Break","Feel No Pain","Inflame","True Grit+1","Fiend Fire","Flex","Reckless Charge","Armaments","Warcry+1"],"special_seed":0,"relics":["Burning Blood","NeowsBlessing","Omamori","Blood Vial","Dream Catcher","The Courier","Ornamental Fan","Odd Mushroom","Orrery"],"potions_floor_usage":[],"damage_taken":[{"damage":0.0,"enemies":"2 Louse","floor":1.0,"turns":1.0},{"damage":0.0,"enemies":"Small Slimes","floor":5.0,"turns":1.0},{"damage":0.0,"enemies":"Gremlin Nob","floor":6.0,"turns":1.0},{"damage":17.0,"enemies":"3 Sentries","floor":8.0,"turns":9.0},{"damage":0.0,"enemies":"Jaw Worm","floor":10.0,"turns":3.0},{"damage":22.0,"enemies":"Lagavulin","floor":11.0,"turns":7.0},{"damage":13.0,"enemies":"The Mushroom Lair","floor":12.0,"turns":4.0},{"damage":16.0,"enemies":"Large Slime","floor":13.0,"turns":6.0},{"damage":26.0,"enemies":"The Guardian","floor":16.0,"turns":13.0},{"damage":44,"enemies":"Spheric Guardian","floor":18,"turns":8},{"damage":28,"enemies":"Colosseum Slavers","floor":19,"turns":3}],"seed_played":"7017915484507664796","potions_obtained":[{"floor":1.0,"key":"SteroidPotion"},{"floor":8.0,"key":"SteroidPotion"},{"floor":10.0,"key":"Block Potion"},{"floor":11.0,"key":"Swift Potion"}],"is_trial":false,"path_per_floor":["M","$","?","?","M","E","R","E","T","M","E","?","M","$","R","B",null,"M","?"],"character_chosen":"IRONCLAD","items_purchased":["Second Wind","Shrug It Off","Feel No Pain","Inflame","True Grit"],"campfire_rested":0,"item_purchase_floors":[2,2,14,14,14],"current_hp_per_floor":[74,74,63,45,51,57,57,48,48,56,42,37,29,29,29,11,59,23,0],"gold":144,"neow_bonus":"THREE_ENEMY_KILL","is_prod":false,"is_daily":false,"chose_seed":false,"campfire_upgraded":2,"win_rate":0,"timestamp":1557237029,"path_taken":["M","$","?","?","M","E","R","E","T","M","E","?","?","$","R","BOSS","M","?"],"build_version":"2019-01-23","purchased_purges":1,"victory":false,"max_hp_per_floor":[75,75,75,75,75,75,75,75,75,75,75,75,75,75,75,75,75,75,75],"card_choices":[{"not_picked":["Fire Breathing","Pummel","Cleave"],"picked":"SKIP","floor":1.0},{"not_picked":["Fire Breathing","Warcry"],"picked":"Evolve","floor":5.0},{"not_picked":["Double Tap","Infernal Blade"],"picked":"Rampage","floor":6.0},{"not_picked":["Cleave","Second Wind","Perfected Strike"],"picked":"SKIP","floor":8.0},{"not_picked":["Rampage","Sword Boomerang","Shrug It Off"],"picked":"SKIP","floor":10.0},{"not_picked":["Bloodletting","Cleave","Spot Weakness"],"picked":"SKIP","floor":11.0},{"not_picked":["Armaments","Whirlwind"],"picked":"Limit Break","floor":13.0},{"not_picked":["Berserk","Impervious"],"picked":"Fiend Fire","floor":16.0},{"not_picked":["Pommel Strike","Heavy Blade"],"picked":"Flex","floor":17},{"not_picked":["Heavy Blade","Iron Wave"],"picked":"Reckless Charge","floor":17},{"not_picked":["Wild Strike","Shrug It Off"],"picked":"Armaments","floor":17},{"not_picked":["Rampage","Armaments"],"picked":"Warcry+1","floor":18}],"player_experience":1879558,"relics_obtained":[{"floor":6.0,"key":"Blood Vial"},{"floor":8.0,"key":"Dream Catcher"},{"floor":9.0,"key":"The Courier"},{"floor":11.0,"key":"Ornamental Fan"},{"floor":12.0,"key":"Odd Mushroom"}],"event_choices":[{"damage_healed":0.0,"max_hp_gain":0.0,"max_hp_loss":0.0,"gold_gain":75.0,"event_name":"World of Goop","player_choice":"Gather Gold","floor":3.0,"gold_loss":0.0,"damage_taken":11.0},{"damage_healed":0.0,"max_hp_gain":0.0,"max_hp_loss":0.0,"gold_gain":0.0,"event_name":"Scrap Ooze","player_choice":"Success","floor":4.0,"gold_loss":0.0,"damage_taken":18.0,"relics_obtained":["Omamori"]},{"damage_healed":0.0,"max_hp_gain":0.0,"max_hp_loss":0.0,"gold_gain":0.0,"event_name":"Mushrooms","player_choice":"Fought Mushrooms","floor":12.0,"gold_loss":0.0,"damage_taken":0.0},{"damage_healed":0,"gold_gain":0,"player_choice":"Fight","damage_taken":0,"max_hp_gain":0,"max_hp_loss":0,"event_name":"Colosseum","floor":19,"gold_loss":0}],"is_beta":false,"boss_relics":[{"not_picked":["Fusion Hammer","Tiny House"],"picked":"Orrery"}],"items_purged_floors":[14],"is_endless":false,"potions_floor_spawned":[1,8,10,11],"killed_by":"Colosseum Slavers","ascension_level":20}