{"gold_per_floor":[112,112,26,43,57,57,83,93,93,128,128,214,280,280,280,351,351,370,370,370,388,406,406,422,61,84,84,101,134,134,159,171,260,272,298,113,113,113,25,25,57,57,57,57,157,188,199,228,228,228,228,228,228,40,75,75],"floor_reached":57,"playtime":2049,"items_purged":[],"score":2889,"play_id":"3db52e45-00f9-4d45-bf73-e08f651c6c11","local_time":"20190506101812","is_ascension_mode":true,"campfire_choices":[{"data":"Inflame","floor":6.0,"key":"SMITH"},{"data":"Disarm","floor":11.0,"key":"SMITH"},{"data":"Clothesline","floor":15.0,"key":"SMITH"},{"data":"Bash","floor":23.0,"key":"SMITH"},{"data":"Shockwave","floor":27.0,"key":"SMITH"},{"data":"Disarm","floor":30.0,"key":"SMITH"},{"data":"Feel No Pain","floor":32.0,"key":"SMITH"},{"data":"Feel No Pain","floor":40.0,"key":"SMITH"},{"floor":44.0,"key":"RECALL"},{"data":"Limit Break","floor":49.0,"key":"SMITH"},{"data":"Inflame","floor":53.0,"key":"SMITH"}],"neow_cost":"NONE","seed_source_timestamp":69487763913444,"circlet_count":0,"master_deck":["AscendersBane","Strike_R+1","Strike_R+1","Strike_R+1","Strike_R+1","Strike_R+1","Defend_R+1","Defend_R+1","Defend_R+1","Defend_R+1","Bash+1","Perfected Strike","Clothesline+1","Inflame+1","Iron Wave","Shrug It Off","Thunderclap","Disarm+1","Reaper","Perfected Strike","Shrug It Off","Shrug It Off","Shockwave+1","Apotheosis","Feel No Pain+1","Disarm+1","Heavy Blade","Perfected Strike","Clothesline","Barricade","Shrug It Off+1","Feel No Pain+1","Dark Shackles","Corruption","Perfected Strike","Limit Break+1","Headbutt","Inflame+1","Disarm","Inflame","True Grit"],"special_seed":0,"relics":["Burning Blood","Happy Flower","Ancient Tea Set","Bottled Tornado","Tiny Chest","Snecko Eye","Anchor","Vajra","MawBank","Sozu","Bag of Preparation","Self Forming Clay","Pocketwatch","Centennial Puzzle","Omamori","Blood Vial"],"potions_floor_usage":[],"damage_taken":[{"damage":12.0,"enemies":"Small Slimes","floor":1.0,"turns":4.0},{"damage":11.0,"enemies":"Jaw Worm","floor":4.0,"turns":4.0},{"damage":1.0,"enemies":"2 Louse","floor":5.0,"turns":3.0},{"damage":24.0,"enemies":"Gremlin Nob","floor":7.0,"turns":4.0},{"damage":10.0,"enemies":"Large Slime","floor":8.0,"turns":4.0},{"damage":22.0,"enemies":"3 Sentries","floor":10.0,"turns":6.0},{"damage":8.0,"enemies":"Gremlin Nob","floor":12.0,"turns":3.0},{"damage":11.0,"enemies":"The Guardian","floor":16.0,"turns":12.0},{"damage":6.0,"enemies":"2 Thieves","floor":18.0,"turns":4.0},{"damage":1.0,"enemies":"3 Byrds","floor":21.0,"turns":4.0},{"damage":20.0,"enemies":"3 Cultists","floor":22.0,"turns":5.0},{"damage":2.0,"enemies":"Centurion and Healer","floor":24.0,"turns":5.0},{"damage":6.0,"enemies":"Snake Plant","floor":28.0,"turns":6.0},{"damage":0.0,"enemies":"Gremlin Leader","floor":29.0,"turns":6.0},{"damage":16.0,"enemies":"Slavers","floor":31.0,"turns":3.0},{"damage":62.0,"enemies":"Champ","floor":33.0,"turns":11.0},{"damage":7.0,"enemies":"Orb Walker","floor":35.0,"turns":3.0},{"damage":31.0,"enemies":"Giant Head","floor":41.0,"turns":7.0},{"damage":4.0,"enemies":"Mind Bloom Boss Battle","floor":45.0,"turns":6.0},{"damage":2.0,"enemies":"Nemesis","floor":46.0,"turns":5.0},{"damage":0.0,"enemies":"3 Shapes","floor":47.0,"turns":3.0},{"damage":3.0,"enemies":"Giant Head","floor":48.0,"turns":6.0},{"damage":11.0,"enemies":"Donu and Deca","floor":50.0,"turns":6.0},{"damage":5.0,"enemies":"Awakened One","floor":51.0,"turns":8.0},{"damage":62.0,"enemies":"Shield and Spear","floor":55.0,"turns":9.0},{"damage":38,"enemies":"The Heart","floor":56,"turns":11}],"seed_played":"1718018237016196165","potions_obtained":[{"floor":4.0,"key":"PowerPotion"},{"floor":5.0,"key":"SneckoOil"},{"floor":10.0,"key":"Dexterity Potion"},{"floor":18.0,"key":"Regen Potion"},{"floor":22.0,"key":"PowerPotion"}],"is_trial":false,"path_per_floor":["M","?","$","M","M","R","E","M","T","E","R","?","?","?","R","B",null,"M","?","?","M","M","R","M","$","T","R","M","E","R","E","R","B",null,"M","$","?","?","$","R","E","$","T","R","?","E","M","E","R","B","B",null,"R","$","E","B",null],"character_chosen":"IRONCLAD","items_purchased":["Inflame","Apotheosis","Feel No Pain","Disarm","Bag of Preparation","Feel No Pain","Corruption","Disarm","Inflame","True Grit"],"campfire_rested":0,"item_purchase_floors":[3,25,25,25,36,36,39,54,54,54],"current_hp_per_floor":[62,67,67,62,67,67,49,45,45,29,29,27,27,27,27,22,66,74,74,74,80,80,80,80,80,80,80,80,80,80,80,80,30,68,79,79,79,69,69,69,65,65,65,65,80,80,80,80,80,80,80,80,80,80,46,50],"gold":75,"neow_bonus":"THREE_CARDS","is_prod":false,"is_daily":false,"chose_seed":false,"campfire_upgraded":10,"win_rate":0,"timestamp":1557148692,"path_taken":["M","?","$","M","M","R","E","M","T","E","R","?","?","?","R","BOSS","M","?","?","?","M","R","?","$","T","R","M","E","R","E","R","BOSS","M","$","?","?","$","R","E","$","T","R","?","E","M","E","R","BOSS","BOSS","R","$","E","BOSS"],"build_version":"2019-01-23","purchased_purges":0,"victory":true,"max_hp_per_floor":[75,80,80,80,80,80,80,80,80,80,80,80,80,80,80,80,80,80,80,80,80,80,80,80,80,80,80,80,80,80,80,80,80,80,80,80,80,80,80,80,80,80,80,80,80,80,80,80,80,80,80,80,80,80,80,80],"card_choices":[{"not_picked":["Bloodletting","Wild Strike"],"picked":"Perfected Strike","floor":0.0},{"not_picked":["Ghostly Armor","Headbutt"],"picked":"Clothesline","floor":1.0},{"not_picked":["Seeing Red","Second Wind"],"picked":"Iron Wave","floor":4.0},{"not_picked":["Pommel Strike","Headbutt","Rampage"],"picked":"SKIP","floor":5.0},{"not_picked":["Exhume","Pommel Strike"],"picked":"Shrug It Off","floor":7.0},{"not_picked":["Clothesline","Dual Wield"],"picked":"Thunderclap","floor":8.0},{"not_picked":["Clash","True Grit"],"picked":"Disarm","floor":10.0},{"not_picked":["Exhume","Brutality"],"picked":"Reaper","floor":16.0},{"not_picked":["Body Slam","Hemokinesis"],"picked":"Perfected Strike","floor":18.0},{"not_picked":["Iron Wave","Battle Trance"],"picked":"Shrug It Off","floor":21.0},{"not_picked":["Combust","Anger+1"],"picked":"Shrug It Off","floor":22.0},{"not_picked":["Sword Boomerang","Spot Weakness"],"picked":"Shockwave","floor":24.0},{"not_picked":["Warcry","Pommel Strike"],"picked":"Heavy Blade","floor":28.0},{"not_picked":["Body Slam","Anger"],"picked":"Perfected Strike","floor":29.0},{"not_picked":["Flex","Pommel Strike"],"picked":"Clothesline","floor":31.0},{"not_picked":["Bludgeon","Fiend Fire"],"picked":"Barricade","floor":33.0},{"not_picked":["Reckless Charge","Havoc"],"picked":"Shrug It Off+1","floor":35.0},{"not_picked":["Enlightenment","Secret Weapon"],"picked":"Dark Shackles","floor":38.0},{"not_picked":["Thunderclap","Cleave"],"picked":"Perfected Strike","floor":41.0},{"not_picked":["Hemokinesis+1","Rage"],"picked":"Limit Break","floor":46.0},{"not_picked":["Thunderclap+1","Burning Pact","Headbutt"],"picked":"SKIP","floor":47.0},{"not_picked":["Thunderclap+1","Burning Pact"],"picked":"Headbutt","floor":47.0},{"not_picked":["Double Tap","Evolve"],"picked":"Inflame","floor":48.0},{"not_picked":["Armaments","Wild Strike","Intimidate"],"picked":"SKIP","floor":55.0}],"player_experience":2264648,"relics_obtained":[{"floor":7.0,"key":"Happy Flower"},{"floor":9.0,"key":"Ancient Tea Set"},{"floor":10.0,"key":"Bottled Tornado"},{"floor":26.0,"key":"Anchor"},{"floor":29.0,"key":"Vajra"},{"floor":31.0,"key":"MawBank"},{"floor":41.0,"key":"Self Forming Clay"},{"floor":45.0,"key":"Pocketwatch"},{"floor":46.0,"key":"Centennial Puzzle"},{"floor":48.0,"key":"Omamori"},{"floor":55.0,"key":"Blood Vial"}],"event_choices":[{"damage_healed":0.0,"max_hp_gain":5.0,"max_hp_loss":0.0,"gold_gain":0.0,"event_name":"Big Fish","player_choice":"Donut","floor":2.0,"gold_loss":0.0,"damage_taken":0.0},{"damage_healed":0.0,"max_hp_gain":0.0,"max_hp_loss":0.0,"gold_gain":0.0,"event_name":"Dead Adventurer","player_choice":"Searched \u00272\u0027 times","floor":12.0,"gold_loss":0.0,"damage_taken":0.0,"relics_obtained":["Tiny Chest"]},{"damage_healed":0.0,"max_hp_gain":0.0,"max_hp_loss":0.0,"gold_gain":66.0,"event_name":"Golden Wing","player_choice":"Gained Gold","floor":13.0,"gold_loss":0.0,"damage_taken":0.0},{"damage_healed":0.0,"max_hp_gain":0.0,"max_hp_loss":0.0,"gold_gain":0.0,"event_name":"Liars Game","player_choice":"Ignored","floor":14.0,"gold_loss":0.0,"damage_taken":0.0},{"damage_healed":0.0,"max_hp_gain":0.0,"max_hp_loss":0.0,"gold_gain":0.0,"event_name":"Back to Basics","player_choice":"Simplicity","floor":19.0,"gold_loss":0.0,"damage_taken":0.0,"cards_upgraded":["Strike_R","Strike_R","Strike_R","Strike_R","Strike_R","Defend_R","Defend_R","Defend_R","Defend_R"]},{"damage_healed":0.0,"max_hp_gain":0.0,"max_hp_loss":0.0,"gold_gain":0.0,"event_name":"N\u0027loth","player_choice":"Ignored","floor":20.0,"gold_loss":0.0,"damage_taken":0.0},{"damage_healed":0.0,"max_hp_gain":0.0,"max_hp_loss":0.0,"gold_gain":0.0,"event_name":"Tomb of Lord Red Mask","player_choice":"Ignored","floor":37.0,"gold_loss":0.0,"damage_taken":0.0},{"damage_healed":0.0,"max_hp_gain":0.0,"max_hp_loss":0.0,"gold_gain":0.0,"event_name":"SensoryStone","player_choice":"Memory 3","floor":38.0,"gold_loss":0.0,"damage_taken":10.0},{"damage_healed":0.0,"max_hp_gain":0.0,"max_hp_loss":0.0,"gold_gain":0.0,"event_name":"MindBloom","player_choice":"Fight","floor":45.0,"gold_loss":0.0,"damage_taken":0.0}],"is_beta":false,"boss_relics":[{"not_picked":["Runic Cube","Velvet Choker"],"picked":"Snecko Eye"},{"not_picked":["Runic Pyramid","Lizard Tail"],"picked":"Sozu"}],"items_purged_floors":[],"is_endless":false,"potions_floor_spawned":[4,5,10,18,22,24,29,45,46,47,48,55],"ascension_level":20}