{"gold_per_floor":[115,115,133,98,110,143,143,159,212,228,228,247,278,297,297,397,397,412,430,448,188,203,203,217,217,217,217,229,229,262,262],"floor_reached":31,"playtime":1758,"items_purged":[],"score":352,"play_id":"ad9eabfb-3a62-494f-97ab-54a660bb25e8","local_time":"20181216190737","is_ascension_mode":true,"campfire_choices":[{"floor":7,"key":"REST"},{"data":"Whirlwind","floor":15,"key":"SMITH"},{"floor":23,"key":"REST"},{"floor":25,"key":"REST"},{"floor":27,"key":"REST"}],"neow_cost":"NONE","seed_source_timestamp":284606740934614,"circlet_count":0,"master_deck":["Strike_R+1","Strike_R","Strike_R","Strike_R","Strike_R","Defend_R+1","Defend_R","Defend_R","Defend_R","Bash+1","Sword Boomerang","Thunderclap","Disarm","Ghostly Armor","Infernal Blade","Whirlwind+1","Clothesline+1","Rage","Headbutt","Disarm","Juggernaut","Shrug It Off","Iron Wave","Battle Trance+1","Master of Strategy","Pommel Strike+1","Uppercut+1","Flex","Barricade"],"relics":["Burning Blood","Paper Frog","Whetstone","Oddly Smooth Stone","Sundial","Lizard Tail","Bottled Flame","Mummified Hand"],"potions_floor_usage":[8,12,13,13,14,22,30,30,30],"damage_taken":[{"damage":3,"enemies":"Small Slimes","floor":1,"turns":4},{"damage":12,"enemies":"Jaw Worm","floor":3,"turns":3},{"damage":0,"enemies":"Cultist","floor":5,"turns":4},{"damage":43,"enemies":"3 Sentries","floor":6,"turns":9},{"damage":10,"enemies":"2 Fungi Beasts","floor":8,"turns":2},{"damage":0,"enemies":"Large Slime","floor":10,"turns":4},{"damage":9,"enemies":"3 Louse","floor":12,"turns":3},{"damage":11,"enemies":"Lagavulin","floor":13,"turns":6},{"damage":0,"enemies":"Lots of Slimes","floor":14,"turns":1},{"damage":18,"enemies":"The Guardian","floor":16,"turns":11},{"damage":34,"enemies":"Shell Parasite","floor":18,"turns":9},{"damage":19,"enemies":"Spheric Guardian","floor":19,"turns":5},{"damage":19,"enemies":"Centurion and Healer","floor":20,"turns":9},{"damage":8,"enemies":"3 Cultists","floor":22,"turns":4},{"damage":38,"enemies":"Snecko","floor":24,"turns":6},{"damage":3,"enemies":"Snake Plant","floor":28,"turns":5},{"damage":61,"enemies":"Slavers","floor":30,"turns":8},{"damage":48,"enemies":"Cultist and Chosen","floor":31,"turns":10}],"seed_played":"6026116713935409962","potions_obtained":[{"floor":3,"key":"Energy Potion"},{"floor":6,"key":"PowerPotion"},{"floor":8,"key":"AttackPotion"},{"floor":10,"key":"EssenceOfSteel"},{"floor":13,"key":"Explosive Potion"},{"floor":20,"key":"Strength Potion"},{"floor":24,"key":"AttackPotion"},{"floor":28,"key":"PowerPotion"}],"is_trial":false,"path_per_floor":["M","?","M","$","M","E","R","M","T","M","?","M","E","M","R","B",null,"M","M","M","$","M","R","M","R","T","R","M","?","E","M"],"character_chosen":"IRONCLAD","items_purchased":["Ghostly Armor","Master of Strategy","BloodPotion"],"campfire_rested":4,"item_purchase_floors":[4,21,21],"current_hp_per_floor":[75,59,53,53,59,22,46,42,42,48,41,38,33,39,39,27,67,39,26,13,13,19,43,11,35,35,59,62,62,7,0],"gold":262,"neow_bonus":"THREE_CARDS","is_prod":false,"is_daily":false,"chose_seed":false,"campfire_upgraded":1,"win_rate":0,"timestamp":1545005257,"path_taken":["M","?","M","$","M","E","R","M","T","M","?","M","E","M","R","BOSS","M","M","M","$","M","R","M","R","T","R","M","?","E","M"],"build_version":"2018-12-13","purchased_purges":0,"victory":false,"max_hp_per_floor":[80,80,80,80,80,80,80,80,80,80,80,80,80,80,80,80,80,80,80,80,80,80,80,80,80,80,80,80,80,80,80],"card_choices":[{"not_picked":["Wild Strike","Warcry"],"picked":"Sword Boomerang","floor":0},{"not_picked":["Heavy Blade","Twin Strike"],"picked":"Thunderclap","floor":1},{"not_picked":["Hemokinesis","Heavy Blade"],"picked":"Disarm","floor":3},{"not_picked":["Bloodletting","Twin Strike"],"picked":"Infernal Blade","floor":5},{"not_picked":["Wild Strike","Immolate"],"picked":"Whirlwind","floor":6},{"not_picked":["Anger","Hemokinesis"],"picked":"Clothesline","floor":8},{"not_picked":["Sword Boomerang","Thunderclap","Clash"],"picked":"SKIP","floor":10},{"not_picked":["Twin Strike","Feel No Pain"],"picked":"Rage","floor":12},{"not_picked":["Fire Breathing","Shrug It Off"],"picked":"Headbutt","floor":13},{"not_picked":["Hemokinesis","Sword Boomerang"],"picked":"Disarm","floor":14},{"not_picked":["Immolate","Bludgeon"],"picked":"Juggernaut","floor":16},{"not_picked":["True Grit","Clash"],"picked":"Shrug It Off","floor":18},{"not_picked":["Second Wind+1","Clash+1"],"picked":"Iron Wave","floor":19},{"not_picked":["Wild Strike","Bloodletting"],"picked":"Battle Trance+1","floor":20},{"not_picked":["Headbutt","Warcry"],"picked":"Pommel Strike+1","floor":22},{"not_picked":["Pommel Strike","Flex"],"picked":"Uppercut+1","floor":24},{"not_picked":["Whirlwind","Iron Wave"],"picked":"Flex","floor":28},{"not_picked":["Feel No Pain","Exhume"],"picked":"Barricade","floor":30}],"player_experience":147541,"relics_obtained":[{"floor":6,"key":"Paper Frog"},{"floor":9,"key":"Whetstone"},{"floor":13,"key":"Sundial"},{"floor":26,"key":"Bottled Flame"},{"floor":30,"key":"Mummified Hand"}],"event_choices":[{"damage_healed":0,"gold_gain":0,"player_choice":"Entered Light","damage_taken":16,"max_hp_gain":0,"max_hp_loss":0,"event_name":"Shining Light","floor":2,"gold_loss":0,"cards_upgraded":["Bash","Defend_R"]},{"damage_healed":0,"gold_gain":0,"player_choice":"Success","damage_taken":7,"relics_obtained":["Oddly Smooth Stone"],"max_hp_gain":0,"max_hp_loss":0,"event_name":"Scrap Ooze","floor":11,"gold_loss":0},{"damage_healed":0,"gold_gain":0,"player_choice":"Ignored","damage_taken":0,"max_hp_gain":0,"max_hp_loss":0,"event_name":"Vampires","floor":29,"gold_loss":0}],"is_beta":false,"boss_relics":[{"not_picked":["White Beast Statue","Runic Pyramid"],"picked":"Lizard Tail"}],"items_purged_floors":[],"is_endless":false,"potions_floor_spawned":[3,6,8,10,13,20,24,28],"killed_by":"Cultist and Chosen","ascension_level":6}