{"gold_per_floor":[117,130,130,130,55,55,86,86,86,147,165,200,212,232,232,310,310,330,330,344,361,361,361,361,377,377,377,390,390,415,449,449,520,520,533,533,28,128,128,158,158,210,210,210,226,226,243,257,257,257,257],"floor_reached":51,"playtime":3046,"items_purged":["Strike_R","Defend_R"],"score":1431,"play_id":"b82bc1e1-5b50-438a-9326-5ee6677d4e3f","local_time":"20190505171518","is_ascension_mode":true,"campfire_choices":[{"data":"Cleave","floor":6,"key":"SMITH"},{"floor":8,"key":"REST"},{"data":"Armaments","floor":15,"key":"SMITH"},{"data":"Impervious","floor":24,"key":"SMITH"},{"data":"Demon Form","floor":27,"key":"SMITH"},{"floor":29,"key":"REST"},{"data":"Whirlwind","floor":32,"key":"SMITH"},{"data":"Battle Trance","floor":41,"key":"SMITH"},{"data":"Impervious","floor":44,"key":"SMITH"},{"data":"Shockwave","floor":49,"key":"SMITH"}],"neow_cost":"NONE","seed_source_timestamp":66020339489499,"circlet_count":0,"master_deck":["AscendersBane","Defend_R","Defend_R","Bash+1","Cleave+1","Demon Form+1","Whirlwind+1","Impervious+1","Armaments+1","Thunderclap","Feed","Reaper","Shrug It Off","Reaper","Bite","Bite","Bite","Bite","Bite","Shrug It Off","Thunderclap","Shrug It Off","Impervious+1","Battle Trance+1","Dropkick+1","Mind Blast+1","Feel No Pain","Inflame","Madness","Madness","Heavy Blade+1","Shockwave+1"],"relics":["Burning Blood","Centennial Puzzle","Question Card","Bag of Marbles","Paper Frog","Philosopher\u0027s Stone","Pear","Omamori","Red Mask","Sozu","Membership Card","Tiny Chest","Molten Egg 2","Incense Burner","Boot","StoneCalendar","Darkstone Periapt"],"potions_floor_usage":[10,12,20,30,42,51],"damage_taken":[{"damage":17,"enemies":"Jaw Worm","floor":1,"turns":4},{"damage":7,"enemies":"Small Slimes","floor":2,"turns":3},{"damage":45,"enemies":"3 Sentries","floor":7,"turns":9},{"damage":8,"enemies":"Gremlin Nob","floor":10,"turns":3},{"damage":0,"enemies":"Cultist","floor":11,"turns":2},{"damage":10,"enemies":"Lagavulin","floor":12,"turns":5},{"damage":0,"enemies":"Exordium Wildlife","floor":13,"turns":2},{"damage":4,"enemies":"2 Fungi Beasts","floor":14,"turns":3},{"damage":40,"enemies":"Hexaghost","floor":16,"turns":8},{"damage":24,"enemies":"2 Thieves","floor":18,"turns":2},{"damage":4,"enemies":"3 Byrds","floor":20,"turns":5},{"damage":47,"enemies":"Shelled Parasite and Fungi","floor":21,"turns":5},{"damage":24,"enemies":"Snake Plant","floor":25,"turns":5},{"damage":30,"enemies":"Sentry and Sphere","floor":28,"turns":5},{"damage":44,"enemies":"Gremlin Leader","floor":30,"turns":6},{"damage":14,"enemies":"Masked Bandits","floor":31,"turns":2},{"damage":82,"enemies":"Collector","floor":33,"turns":10},{"damage":0,"enemies":"3 Darklings","floor":35,"turns":1},{"damage":19,"enemies":"Mind Bloom Boss Battle","floor":38,"turns":5},{"damage":17,"enemies":"Giant Head","floor":40,"turns":7},{"damage":7,"enemies":"2 Orb Walkers","floor":42,"turns":3},{"damage":7,"enemies":"Orb Walker","floor":45,"turns":2},{"damage":4,"enemies":"Jaw Worm Horde","floor":47,"turns":2},{"damage":18,"enemies":"Transient","floor":48,"turns":6},{"damage":129,"enemies":"Awakened One","floor":50,"turns":10},{"damage":49,"enemies":"Time Eater","floor":51,"turns":5}],"seed_played":"-2140230056386163840","potions_obtained":[{"floor":2,"key":"Energy Potion"},{"floor":7,"key":"SkillPotion"},{"floor":12,"key":"GamblersBrew"},{"floor":13,"key":"Swift Potion"},{"floor":20,"key":"Explosive Potion"},{"floor":23,"key":"BloodPotion"},{"floor":28,"key":"SteroidPotion"},{"floor":30,"key":"SteroidPotion"}],"is_trial":false,"path_per_floor":["M","M","?","?","$","R","E","R","T","?","M","E","M","M","R","B",null,"M","?","M","M","?","?","R","M","T","R","M","R","E","?","R","B",null,"M","?","$","?","?","E","R","?","T","R","M","?","M","M","R","B","B"],"character_chosen":"IRONCLAD","items_purchased":["Membership Card","Tiny Chest","Battle Trance","Molten Egg 2"],"campfire_rested":2,"item_purchase_floors":[37,37,37,37],"current_hp_per_floor":[57,56,56,56,56,56,17,39,39,39,47,45,53,57,57,25,63,61,61,74,35,35,35,35,33,43,43,38,65,75,79,79,51,81,87,87,87,95,95,98,98,101,101,101,101,83,88,98,98,32,0],"gold":257,"neow_bonus":"UPGRADE_CARD","is_prod":false,"is_daily":false,"chose_seed":false,"campfire_upgraded":8,"win_rate":0,"timestamp":1557072918,"path_taken":["M","M","?","?","$","R","E","R","T","?","M","E","M","M","R","BOSS","M","?","?","M","?","?","R","?","T","R","M","R","E","?","R","BOSS","M","?","$","?","?","E","R","?","T","R","?","?","M","M","R","BOSS","BOSS"],"build_version":"2019-01-23","purchased_purges":2,"victory":false,"max_hp_per_floor":[75,75,75,75,75,75,75,75,75,75,75,75,75,75,75,75,75,75,75,78,78,78,78,78,78,88,88,91,91,91,91,91,91,91,91,91,91,95,95,98,98,101,101,101,101,101,101,101,101,101,101],"card_choices":[{"not_picked":["Bloodletting","Pommel Strike"],"picked":"Cleave","floor":1},{"not_picked":["Fire Breathing","Reckless Charge","Sword Boomerang"],"picked":"SKIP","floor":2},{"not_picked":["Sentinel","Iron Wave"],"picked":"Demon Form","floor":7},{"not_picked":["Sword Boomerang","Spot Weakness","Clothesline"],"picked":"Whirlwind","floor":10},{"not_picked":["True Grit","Sword Boomerang","Headbutt"],"picked":"Impervious","floor":11},{"not_picked":["Second Wind","Rampage","Cleave"],"picked":"Armaments","floor":12},{"not_picked":["Iron Wave","Warcry","Perfected Strike"],"picked":"Thunderclap","floor":13},{"not_picked":["Twin Strike","Warcry","Sentinel"],"picked":"Feed","floor":14},{"not_picked":["Demon Form","Feed","Brutality"],"picked":"Reaper","floor":16},{"not_picked":["Thunderclap","Anger","Pommel Strike","Disarm"],"picked":"SKIP","floor":18},{"not_picked":["True Grit","Corruption","Cleave"],"picked":"Shrug It Off","floor":20},{"not_picked":["Second Wind","Headbutt","Pommel Strike"],"picked":"Reaper","floor":21},{"not_picked":["Clash+1","Havoc","Flex"],"picked":"Shrug It Off","floor":25},{"not_picked":["Burning Pact","Power Through","Barricade","Body Slam"],"picked":"SKIP","floor":28},{"not_picked":["Pommel Strike","Body Slam","Twin Strike"],"picked":"Thunderclap","floor":30},{"not_picked":["Clash","Cleave","Hemokinesis"],"picked":"Shrug It Off","floor":31},{"not_picked":["Bludgeon","Double Tap","Berserk"],"picked":"Impervious","floor":33},{"not_picked":["Combust+1","Twin Strike+1","Sword Boomerang+1","Rage+1"],"picked":"SKIP","floor":35},{"not_picked":["Warcry","Thunderclap+1","Twin Strike+1"],"picked":"Dropkick+1","floor":38},{"not_picked":["HandOfGreed+1","Secret Weapon","Forethought"],"picked":"Mind Blast+1","floor":39},{"not_picked":["Clothesline+1","Havoc+1","Cleave+1","Reckless Charge+1"],"picked":"SKIP","floor":40},{"not_picked":["Blood for Blood+1","Pommel Strike+1","Seeing Red"],"picked":"Feel No Pain","floor":42},{"not_picked":["Shrug It Off","Thunderclap+1","Blood for Blood+1"],"picked":"Inflame","floor":45},{"not_picked":["Armaments","Reckless Charge+1","Carnage+1"],"picked":"Heavy Blade+1","floor":47},{"not_picked":["Wild Strike+1","Pommel Strike+1","Iron Wave+1"],"picked":"Shockwave","floor":48}],"player_experience":459180,"relics_obtained":[{"floor":7,"key":"Blood Vial"},{"floor":9,"key":"Question Card"},{"floor":10,"key":"Bag of Marbles"},{"floor":12,"key":"Paper Frog"},{"floor":26,"key":"Pear"},{"floor":30,"key":"Omamori"},{"floor":31,"key":"Red Mask"},{"floor":38,"key":"Incense Burner"},{"floor":40,"key":"Boot"},{"floor":42,"key":"StoneCalendar"},{"floor":43,"key":"Darkstone Periapt"}],"event_choices":[{"damage_healed":0,"gold_gain":0,"player_choice":"Box","damage_taken":0,"relics_obtained":["Centennial Puzzle"],"max_hp_gain":0,"max_hp_loss":0,"event_name":"Big Fish","floor":3,"gold_loss":0,"cards_obtained":["Regret"]},{"cards_removed":["Regret"],"damage_healed":0,"gold_gain":0,"player_choice":"Forget","damage_taken":0,"max_hp_gain":0,"max_hp_loss":0,"event_name":"Living Wall","floor":4,"gold_loss":0},{"damage_healed":0,"gold_gain":0,"player_choice":"Searched \u00271\u0027 times","damage_taken":0,"max_hp_gain":0,"max_hp_loss":0,"event_name":"Dead Adventurer","floor":10,"gold_loss":0},{"damage_healed":0,"gold_gain":0,"player_choice":"Ignored","damage_taken":0,"max_hp_gain":0,"max_hp_loss":0,"event_name":"N\u0027loth","floor":19,"gold_loss":0},{"damage_healed":0,"gold_gain":0,"player_choice":"Became a vampire (Vial)","damage_taken":0,"max_hp_gain":0,"max_hp_loss":0,"event_name":"Vampires","floor":22,"relics_lost":["Blood Vial"],"gold_loss":0,"cards_obtained":["Bite","Bite","Bite","Bite","Bite"]},{"damage_healed":0,"gold_gain":0,"player_choice":"Got Potions","damage_taken":0,"max_hp_gain":0,"max_hp_loss":0,"event_name":"Lab","floor":23,"gold_loss":0},{"damage_healed":0,"gold_gain":0,"player_choice":"Fought Bandits","damage_taken":0,"max_hp_gain":0,"max_hp_loss":0,"event_name":"Masked Bandits","floor":31,"gold_loss":0},{"cards_removed":["Defend_R"],"damage_healed":0,"gold_gain":0,"player_choice":"Removed Skill","damage_taken":0,"max_hp_gain":0,"max_hp_loss":0,"event_name":"Falling","floor":36,"gold_loss":0},{"damage_healed":0,"gold_gain":0,"player_choice":"Fight","damage_taken":0,"max_hp_gain":0,"max_hp_loss":0,"event_name":"MindBloom","floor":38,"gold_loss":0},{"damage_healed":0,"gold_gain":0,"player_choice":"Memory 1","damage_taken":0,"max_hp_gain":0,"max_hp_loss":0,"event_name":"SensoryStone","floor":39,"gold_loss":0},{"damage_healed":0,"gold_gain":0,"player_choice":"Fight","damage_taken":0,"max_hp_gain":0,"max_hp_loss":0,"event_name":"Mysterious Sphere","floor":42,"gold_loss":0},{"damage_healed":0,"gold_gain":0,"player_choice":"Embrace Madness","damage_taken":18,"max_hp_gain":0,"max_hp_loss":0,"event_name":"Winding Halls","floor":46,"gold_loss":0,"cards_obtained":["Madness","Madness"]}],"is_beta":false,"boss_relics":[{"not_picked":["Black Star","White Beast Statue"],"picked":"Philosopher\u0027s Stone"},{"not_picked":["Snecko Eye","Busted Crown"],"picked":"Sozu"}],"items_purged_floors":[5,37],"is_endless":false,"potions_floor_spawned":[2,7,12,13,20,28,30,31,38,40],"killed_by":"Time Eater","ascension_level":20}