{"gold_per_floor":[20,32,47,47,58,58,92,92,92,123,123,143,143,175,175,253,253,269,283,87,87,87,87,116,116,116,116,116,149,149,169,169,169],"floor_reached":33,"playtime":986,"items_purged":[],"score":627,"play_id":"360c0392-0137-482a-b91d-c5717a5d8960","local_time":"20190515021610","is_ascension_mode":true,"campfire_choices":[{"data":"Uppercut","floor":6.0,"key":"SMITH"},{"data":"Whirlwind","floor":8.0,"key":"SMITH"},{"floor":11.0,"key":"REST"},{"data":"Disarm","floor":15.0,"key":"SMITH"},{"data":"Battle Trance","floor":23,"key":"SMITH"},{"floor":25,"key":"REST"},{"floor":28,"key":"REST"},{"floor":30,"key":"REST"},{"data":"Defend_R","floor":32,"key":"SMITH"}],"neow_cost":"NO_GOLD","seed_source_timestamp":223416869871857,"circlet_count":0,"master_deck":["AscendersBane","Defend_R","Defend_R","Defend_R","Defend_R+1","Bash","Juggernaut","Whirlwind+1","Disarm+1","Uppercut+1","Battle Trance+1","Disarm+1","Spot Weakness+1","Limit Break+1","Anger","Shrug It Off+1","True Grit+1","Bite","Bite","Bite","Bite","Bite","Warcry+1","Armaments+1","Shrug It Off+1"],"special_seed":0,"relics":["Burning Blood","Toxic Egg 2","Pantograph","Blue Candle","Darkstone Periapt","Shuriken","Black Star","Orichalcum","Molten Egg 2","Incense Burner","The Courier"],"potions_floor_usage":[29,33],"damage_taken":[{"damage":7.0,"enemies":"Small Slimes","floor":1.0,"turns":4.0},{"damage":0.0,"enemies":"2 Louse","floor":2.0,"turns":1.0},{"damage":7.0,"enemies":"Jaw Worm","floor":3.0,"turns":6.0},{"damage":7.0,"enemies":"2 Fungi Beasts","floor":5.0,"turns":4.0},{"damage":26.0,"enemies":"Gremlin Nob","floor":7.0,"turns":4.0},{"damage":20.0,"enemies":"Lagavulin","floor":10.0,"turns":8.0},{"damage":10.0,"enemies":"Blue Slaver","floor":12.0,"turns":4.0},{"damage":15.0,"enemies":"3 Sentries","floor":14.0,"turns":3.0},{"damage":27.0,"enemies":"The Guardian","floor":16.0,"turns":11.0},{"damage":32.0,"enemies":"Spheric Guardian","floor":18.0,"turns":6.0},{"damage":14.0,"enemies":"Shell Parasite","floor":19.0,"turns":6.0},{"damage":34,"enemies":"Gremlin Leader","floor":24,"turns":6},{"damage":27,"enemies":"Book of Stabbing","floor":29,"turns":7},{"damage":14,"enemies":"Cultist and Chosen","floor":31,"turns":7},{"damage":63,"enemies":"Collector","floor":33,"turns":6}],"seed_played":"7218655957039179466","potions_obtained":[{"floor":1.0,"key":"EntropicBrew"},{"floor":3.0,"key":"Dexterity Potion"},{"floor":12.0,"key":"Energy Potion"},{"floor":14.0,"key":"BloodPotion"}],"is_trial":false,"path_per_floor":["M","M","M","?","M","R","E","R","T","E","R","M","?","E","R","B",null,"M","M","$","?","?","R","E","R","T","?","R","E","R","M","R","B"],"character_chosen":"IRONCLAD","items_purchased":["Shrug It Off+1","True Grit+1","Strength Potion","Fire Potion"],"campfire_rested":4,"item_purchase_floors":[20,20,20,20],"current_hp_per_floor":[67,73,72,72,71,71,51,51,51,37,59,55,44,35,35,39,66,40,32,32,32,32,32,12,27,27,27,42,28,43,47,47,0],"gold":169,"neow_bonus":"THREE_RARE_CARDS","is_prod":false,"is_daily":false,"chose_seed":false,"campfire_upgraded":5,"win_rate":0,"timestamp":1557897370,"path_taken":["M","M","M","?","M","R","E","R","T","E","R","M","?","E","R","BOSS","M","M","$","?","?","R","E","R","T","?","R","E","R","M","R","BOSS"],"build_version":"2019-01-23","purchased_purges":0,"victory":false,"max_hp_per_floor":[75,75,75,75,75,75,75,75,75,75,75,75,75,75,75,75,75,75,75,75,75,52,52,52,52,52,52,52,52,52,52,52,52],"card_choices":[{"not_picked":["Double Tap","Dark Embrace"],"picked":"Juggernaut","floor":0.0},{"not_picked":["Clash","Headbutt"],"picked":"Whirlwind","floor":1.0},{"not_picked":["Flex","Wild Strike"],"picked":"Disarm","floor":2.0},{"not_picked":["Clash","Heavy Blade"],"picked":"Uppercut","floor":3.0},{"not_picked":["Clothesline","Iron Wave"],"picked":"Battle Trance","floor":5.0},{"not_picked":["Intimidate","Reckless Charge","Sword Boomerang"],"picked":"SKIP","floor":7.0},{"not_picked":["Power Through+1","Evolve"],"picked":"Disarm+1","floor":10.0},{"not_picked":["Havoc+1","Warcry+1"],"picked":"Spot Weakness+1","floor":12.0},{"not_picked":["Thunderclap","Berserk","Headbutt"],"picked":"SKIP","floor":14.0},{"not_picked":["Dark Embrace","Juggernaut"],"picked":"Limit Break+1","floor":16.0},{"not_picked":["Perfected Strike","Blood for Blood+1","Evolve"],"picked":"SKIP","floor":18.0},{"not_picked":["Headbutt","Clash"],"picked":"Anger","floor":19.0},{"not_picked":["Perfected Strike","Juggernaut"],"picked":"Warcry+1","floor":24},{"not_picked":["Armaments+1","Anger+1"],"picked":"Shrug It Off+1","floor":29},{"not_picked":["Blood for Blood+1","Dropkick+1","Havoc+1"],"picked":"SKIP","floor":31},{"not_picked":["Blood for Blood+1","Dropkick+1","Havoc+1"],"picked":"SKIP","floor":31}],"player_experience":2327489,"relics_obtained":[{"floor":7.0,"key":"Toxic Egg 2"},{"floor":9.0,"key":"Pantograph"},{"floor":10.0,"key":"Blue Candle"},{"floor":14.0,"key":"Shuriken"},{"floor":24,"key":"Orichalcum"},{"floor":24,"key":"Molten Egg 2"},{"floor":26,"key":"Incense Burner"},{"floor":29,"key":"The Courier"}],"event_choices":[{"damage_healed":0.0,"max_hp_gain":0.0,"max_hp_loss":0.0,"gold_gain":0.0,"event_name":"The Cleric","player_choice":"Leave","floor":4.0,"gold_loss":0.0,"damage_taken":0.0},{"damage_healed":0.0,"max_hp_gain":0.0,"max_hp_loss":0.0,"gold_gain":0.0,"event_name":"Scrap Ooze","player_choice":"Success","floor":13.0,"gold_loss":0.0,"damage_taken":11.0,"relics_obtained":["Darkstone Periapt"]},{"damage_healed":0,"gold_gain":0,"player_choice":"Ignored","damage_taken":0,"max_hp_gain":0,"max_hp_loss":0,"event_name":"Cursed Tome","floor":21,"gold_loss":0},{"damage_healed":0,"gold_gain":0,"player_choice":"Became a vampire","damage_taken":0,"max_hp_gain":0,"max_hp_loss":23,"event_name":"Vampires","floor":22,"gold_loss":0,"cards_obtained":["Bite","Bite","Bite","Bite","Bite"]},{"damage_healed":0,"gold_gain":0,"player_choice":"Read","damage_taken":0,"max_hp_gain":0,"max_hp_loss":0,"event_name":"The Library","floor":27,"gold_loss":0,"cards_obtained":["Armaments"]}],"is_beta":false,"boss_relics":[{"not_picked":["Lizard Tail","Astrolabe"],"picked":"Black Star"}],"items_purged_floors":[],"is_endless":false,"potions_floor_spawned":[1,3,12,14,19],"killed_by":"Collector","ascension_level":20}