{"gold_per_floor":[215,231,247,422,67,67,93,104,104,104,117,136,136,148,148,246,246,260,287,287,5,21,21],"floor_reached":23,"playtime":582,"items_purged":["Doubt"],"score":309,"play_id":"4b798445-b0b8-4946-aa88-79f5cdeb65d1","local_time":"20180829140654","is_ascension_mode":true,"campfire_choices":[{"data":"Hyperbeam","floor":6,"key":"SMITH"},{"data":"Zap","floor":10,"key":"SMITH"},{"data":"Defragment","floor":13,"key":"SMITH"},{"data":"Consume","floor":15,"key":"SMITH"}],"neow_cost":"NONE","seed_source_timestamp":93923450296204,"circlet_count":0,"master_deck":["Strike_B","Strike_B","Strike_B","Strike_B+1","Defend_B","Defend_B","Defend_B","Defend_B","Zap+1","Dualcast","AscendersBane","Genetic Algorithm","Conserve Battery","Ball Lightning","Hyperbeam+1","Biased Cognition","Go for the Eyes+1","Cold Snap","Defragment+1","Consume+1","Core Surge","Reinforced Body","Compile Driver","Loop","Coolheaded","Glacier"],"special_seed":0,"relics":["Cracked Core","Runic Capacitor","Juzu Bracelet","Whetstone","Sozu","Red Mask","Lantern"],"potions_floor_usage":[7,16,19],"damage_taken":[{"damage":0.0,"enemies":"2 Louse","floor":1.0,"turns":3.0},{"damage":0.0,"enemies":"Small Slimes","floor":2.0,"turns":2.0},{"damage":13.0,"enemies":"Jaw Worm","floor":3.0,"turns":4.0},{"damage":8,"enemies":"Gremlin Nob","floor":7,"turns":3},{"damage":10,"enemies":"Exordium Wildlife","floor":8,"turns":3},{"damage":0,"enemies":"Red Slaver","floor":11,"turns":3},{"damage":5,"enemies":"Large Slime","floor":12,"turns":3},{"damage":1,"enemies":"Blue Slaver","floor":14,"turns":2},{"damage":1,"enemies":"Hexaghost","floor":16,"turns":8},{"damage":17,"enemies":"2 Thieves","floor":18,"turns":3},{"damage":1,"floor":19,"turns":2},{"damage":14,"enemies":"Shell Parasite","floor":22,"turns":4},{"damage":35,"enemies":"Slavers","floor":23,"turns":4}],"seed_played":"7613937056125615560","potions_obtained":[{"floor":1.0,"key":"Energy Potion"},{"floor":2.0,"key":"FearPotion"},{"floor":3.0,"key":"Explosive Potion"},{"floor":11,"key":"Block Potion"}],"is_trial":false,"path_per_floor":["M","M","M","?","$","R","E","M","T","R","M","M","R","M","R","B",null,"M","?","?","$","M"],"character_chosen":"DEFECT","items_purchased":["Runic Capacitor","Hyperbeam","Lantern","Loop","Coolheaded"],"campfire_rested":0,"item_purchase_floors":[5,5,21,21,21],"current_hp_per_floor":[68,68,55,55,55,55,47,37,37,37,37,32,32,31,31,30,64,47,46,46,46,32,0],"gold":21,"neow_bonus":"HUNDRED_GOLD","is_prod":false,"is_daily":false,"chose_seed":false,"campfire_upgraded":4,"win_rate":0,"timestamp":1535562414,"path_taken":["M","M","M","?","$","R","E","M","T","R","M","M","R","M","R","BOSS","M","?","?","$","M","E"],"build_version":"2018-07-12","purchased_purges":1,"victory":false,"max_hp_per_floor":[75,75,75,75,75,75,75,75,75,75,75,75,75,75,75,75,75,75,75,75,75,75,75],"card_choices":[{"not_picked":["Fusion","Skim"],"picked":"Genetic Algorithm","floor":1.0},{"not_picked":["Self Repair","Hologram"],"picked":"Conserve Battery","floor":2.0},{"not_picked":["Conserve Battery","Hologram"],"picked":"Ball Lightning","floor":3.0},{"not_picked":["Go for the Eyes","Redo"],"picked":"Biased Cognition","floor":7},{"not_picked":["Turbo","Redo"],"picked":"Go for the Eyes","floor":8},{"not_picked":["Lockon","Melter"],"picked":"Cold Snap","floor":11},{"not_picked":["Coolheaded","Streamline"],"picked":"Defragment","floor":12},{"not_picked":["Doom and Gloom","Melter"],"picked":"Consume","floor":14},{"not_picked":["Meteor Strike","Seek"],"picked":"Core Surge","floor":16},{"not_picked":["Hologram","Gash"],"picked":"Reinforced Body","floor":18},{"not_picked":["Fusion","Redo"],"picked":"Compile Driver","floor":19},{"not_picked":["Leap","Defragment+1"],"picked":"Glacier","floor":22}],"player_experience":741171,"relics_obtained":[{"floor":7,"key":"Juzu Bracelet"},{"floor":9,"key":"Whetstone"},{"floor":19,"key":"Red Mask"}],"event_choices":[{"event_name":"Liars Game","player_choice":"agreed","floor":4.0,"damage_taken":0.0},{"event_name":"Masked Bandits","player_choice":"Fought over 260 gold","floor":19,"damage_taken":0},{"event_name":"Beggar","player_choice":"Ignored","floor":20,"damage_taken":0}],"boss_relics":[{"not_picked":["Tiny House","Cursed Key"],"picked":"Sozu"}],"items_purged_floors":[5],"is_endless":false,"potions_floor_spawned":[1,2,3,11,22],"killed_by":"Slavers","ascension_level":12}