{"gold_per_floor":[109,127,22,38,51,51,76,76,99,129,129,144,144,160,160,250,250,150,150,150,150,150,150,150,150,150,150,150,150,150,75,75,75],"floor_reached":33,"playtime":1023,"items_purged":[],"score":626,"play_id":"97c49152-2cea-42a4-8ec0-58766bd9aeeb","local_time":"20190509230903","is_ascension_mode":true,"campfire_choices":[{"data":"Zap","floor":6.0,"key":"SMITH"},{"floor":8.0,"key":"REST"},{"floor":13.0,"key":"REST"},{"data":"Go for the Eyes","floor":15.0,"key":"SMITH"},{"floor":25,"key":"REST"},{"floor":29,"key":"REST"},{"floor":32,"key":"REST"}],"neow_cost":"TEN_PERCENT_HP_LOSS","seed_source_timestamp":375981243195299,"circlet_count":0,"master_deck":["AscendersBane","Strike_B+1","Defend_B","Defend_B","Defend_B","Zap+1","Dualcast","Barrage","Compile Driver+1","Doom and Gloom","Go for the Eyes+1","Leap","Coolheaded+1","Leap","All For One","Gash","BootSequence","Electrodynamics","Capacitor","Defragment","Reboot"],"special_seed":0,"relics":["Cracked Core","Happy Flower","Whetstone","Bag of Preparation","Bloody Idol","Ectoplasm","Centennial Puzzle","Juzu Bracelet","Prayer Wheel","Smiling Mask"],"potions_floor_usage":[24,27,30,30],"damage_taken":[{"damage":0.0,"enemies":"Cultist","floor":1.0,"turns":3.0},{"damage":2.0,"enemies":"Jaw Worm","floor":2.0,"turns":3.0},{"damage":1.0,"enemies":"2 Louse","floor":4.0,"turns":2.0},{"damage":12.0,"enemies":"2 Fungi Beasts","floor":5.0,"turns":3.0},{"damage":36.0,"enemies":"Gremlin Nob","floor":7.0,"turns":4.0},{"damage":15.0,"enemies":"3 Sentries","floor":10.0,"turns":4.0},{"damage":6.0,"enemies":"3 Louse","floor":12.0,"turns":2.0},{"damage":14.0,"enemies":"Gremlin Gang","floor":14.0,"turns":2.0},{"damage":3.0,"enemies":"The Guardian","floor":16.0,"turns":12.0},{"damage":10.0,"enemies":"2 Thieves","floor":18.0,"turns":4.0},{"damage":16,"enemies":"Chosen","floor":21,"turns":4},{"damage":13,"enemies":"Gremlin Leader","floor":23,"turns":7},{"damage":4,"enemies":"Snecko","floor":24,"turns":5},{"damage":17,"enemies":"Slavers","floor":27,"turns":4},{"damage":10,"enemies":"Gremlin Leader","floor":30,"turns":7},{"damage":40,"enemies":"Automaton","floor":33,"turns":6}],"seed_played":"6486734330932054530","potions_obtained":[{"floor":2.0,"key":"FocusPotion"},{"floor":5.0,"key":"Energy Potion"},{"floor":10.0,"key":"SkillPotion"},{"floor":21,"key":"AttackPotion"},{"floor":27,"key":"EntropicBrew"}],"is_trial":false,"path_per_floor":["M","M","$","M","M","R","E","R","T","E","?","M","R","M","R","B",null,"M","?","?","M","?","E","M","R","T","E","?","R","E","?","R","B"],"character_chosen":"DEFECT","items_purchased":["Compile Driver","Doom and Gloom"],"campfire_rested":5,"item_purchase_floors":[3,3],"current_hp_per_floor":[64,62,62,61,49,49,13,32,32,17,17,11,28,14,14,11,46,36,36,36,20,20,7,3,20,20,3,3,20,10,10,27,0],"gold":75,"neow_bonus":"REMOVE_TWO","is_prod":false,"is_daily":false,"chose_seed":false,"campfire_upgraded":2,"win_rate":0,"timestamp":1557454143,"path_taken":["M","M","$","?","M","R","E","R","T","E","?","M","R","M","R","BOSS","M","?","?","M","?","E","?","R","T","E","?","R","E","?","R","BOSS"],"build_version":"2019-01-23","purchased_purges":0,"victory":false,"max_hp_per_floor":[64,64,64,64,64,64,64,64,64,64,58,58,58,58,58,58,58,58,58,58,58,58,58,58,58,58,58,58,58,58,58,58,58],"card_choices":[{"not_picked":["Steam","Stack","Leap"],"picked":"SKIP","floor":1.0},{"not_picked":["Static Discharge","Hello World"],"picked":"Barrage","floor":2.0},{"not_picked":["Gash","Rip and Tear"],"picked":"Go for the Eyes","floor":4.0},{"not_picked":["Melter","Scrape","Skim"],"picked":"SKIP","floor":5.0},{"not_picked":["Hello World","Stack","Barrage"],"picked":"SKIP","floor":7.0},{"not_picked":["Compile Driver","Buffer"],"picked":"Leap","floor":10.0},{"not_picked":["Hologram","Sunder"],"picked":"Coolheaded","floor":12.0},{"not_picked":["Chaos","Skim"],"picked":"Leap","floor":14.0},{"not_picked":["Seek","Machine Learning"],"picked":"All For One","floor":16.0},{"not_picked":["Stack","Beam Cell"],"picked":"Gash","floor":18.0},{"not_picked":["Turbo","Ball Lightning","Beam Cell"],"picked":"SKIP","floor":21},{"not_picked":["Conserve Battery","Sweeping Beam"],"picked":"Electrodynamics","floor":23},{"not_picked":["Conserve Battery","Ball Lightning"],"picked":"Capacitor","floor":24},{"not_picked":["Leap","Hologram"],"picked":"Defragment","floor":27},{"not_picked":["Hologram","Thunder Strike","Sweeping Beam"],"picked":"SKIP","floor":30}],"player_experience":2292313,"relics_obtained":[{"floor":7.0,"key":"Happy Flower"},{"floor":9.0,"key":"Whetstone"},{"floor":10.0,"key":"Bag of Preparation"},{"floor":23,"key":"Centennial Puzzle"},{"floor":26,"key":"Juzu Bracelet"},{"floor":27,"key":"Prayer Wheel"},{"floor":30,"key":"Smiling Mask"}],"event_choices":[{"damage_healed":0.0,"max_hp_gain":0.0,"max_hp_loss":6.0,"gold_gain":0.0,"event_name":"Golden Idol","player_choice":"Lose Max HP","floor":11.0,"gold_loss":0.0,"damage_taken":0.0,"relics_obtained":["Golden Idol"]},{"damage_healed":0,"gold_gain":0,"player_choice":"Gave Idol","damage_taken":0,"relics_obtained":["Bloody Idol"],"max_hp_gain":0,"max_hp_loss":0,"event_name":"Forgotten Altar","floor":19,"relics_lost":["Golden Idol"],"gold_loss":0},{"damage_healed":0,"gold_gain":0,"player_choice":"Read","damage_taken":0,"max_hp_gain":0,"max_hp_loss":0,"event_name":"The Library","floor":20,"gold_loss":0,"cards_obtained":["BootSequence"]},{"damage_healed":0,"gold_gain":0,"player_choice":"Forge","damage_taken":0,"max_hp_gain":0,"max_hp_loss":0,"event_name":"Accursed Blacksmith","floor":22,"gold_loss":0,"cards_upgraded":["Coolheaded"]},{"damage_healed":0,"gold_gain":0,"cards_transformed":["Strike_B"],"player_choice":"Transformed","damage_taken":0,"max_hp_gain":0,"max_hp_loss":0,"event_name":"Transmorgrifier","floor":28,"gold_loss":0,"cards_obtained":["Reboot"]},{"cards_removed":["Strike_B"],"damage_healed":0,"gold_gain":0,"player_choice":"Gave Gold","damage_taken":0,"max_hp_gain":0,"max_hp_loss":0,"event_name":"Beggar","floor":31,"gold_loss":75}],"is_beta":false,"boss_relics":[{"not_picked":["Busted Crown","Runic Dome"],"picked":"Ectoplasm"}],"items_purged_floors":[],"is_endless":false,"potions_floor_spawned":[2,5,10,12,21,27],"killed_by":"Automaton","ascension_level":20}