{"gold_per_floor":[16,30,49,60,76,76,1,151,208,208,208,25,25,25],"floor_reached":14,"playtime":469,"items_purged":["Strike_R","Doubt"],"score":160,"play_id":"044ee333-545a-402a-ac80-48448763de63","local_time":"20190308100725","is_ascension_mode":true,"campfire_choices":[{"data":"Dark Embrace","floor":6.0,"key":"SMITH"},{"data":"1","floor":13.0,"key":"LIFT"}],"neow_cost":"NO_GOLD","seed_source_timestamp":601169231666783,"circlet_count":0,"master_deck":["AscendersBane","Strike_R","Strike_R","Strike_R","Strike_R","Defend_R","Defend_R","Defend_R","Defend_R","Bash","Shrug It Off","Feel No Pain+1","Sword Boomerang","Dark Embrace+1","Inflame"],"special_seed":0,"relics":["Burning Blood","Girya","Tiny Chest","Torii"],"potions_floor_usage":[],"damage_taken":[{"damage":1.0,"enemies":"Cultist","floor":1.0,"turns":3.0},{"damage":9.0,"enemies":"Jaw Worm","floor":2.0,"turns":4.0},{"damage":0.0,"enemies":"2 Louse","floor":3.0,"turns":2.0},{"damage":24.0,"enemies":"Lots of Slimes","floor":4.0,"turns":10.0},{"damage":14.0,"enemies":"Large Slime","floor":5.0,"turns":6.0},{"damage":51,"enemies":"Gremlin Nob","floor":14,"turns":4}],"seed_played":"4097331598434105346","potions_obtained":[{"floor":2.0,"key":"Block Potion"},{"floor":4.0,"key":"Fire Potion"}],"is_trial":false,"path_per_floor":["M","M","M","M","M","R","$","?","T","T","?","$","R","E"],"character_chosen":"IRONCLAD","items_purchased":["Inflame"],"campfire_rested":0,"item_purchase_floors":[12],"current_hp_per_floor":[73,70,75,57,49,49,49,49,49,49,49,49,49,0],"gold":25,"neow_bonus":"ONE_RARE_RELIC","is_prod":false,"is_daily":false,"chose_seed":false,"campfire_upgraded":1,"win_rate":0,"timestamp":1552010845,"path_taken":["M","?","M","M","M","R","?","?","T","?","?","$","R","E"],"build_version":"2019-01-23","purchased_purges":2,"victory":false,"max_hp_per_floor":[75,75,75,75,75,75,75,75,75,75,75,75,75,75],"card_choices":[{"not_picked":["Twin Strike","Heavy Blade","Headbutt"],"picked":"SKIP","floor":1.0},{"not_picked":["Armaments","Flex"],"picked":"Shrug It Off","floor":2.0},{"not_picked":["Hemokinesis","Havoc"],"picked":"Feel No Pain","floor":3.0},{"not_picked":["Shrug It Off","Body Slam"],"picked":"Sword Boomerang","floor":4.0},{"not_picked":["Pommel Strike","Iron Wave"],"picked":"Dark Embrace","floor":5.0}],"player_experience":1191320,"relics_obtained":[{"floor":9.0,"key":"Tiny Chest"},{"floor":10.0,"key":"Torii"}],"event_choices":[{"damage_healed":0.0,"max_hp_gain":0.0,"max_hp_loss":0.0,"gold_gain":150.0,"event_name":"Liars Game","player_choice":"AGREE","floor":8.0,"gold_loss":0.0,"damage_taken":0.0,"cards_obtained":["Doubt"]},{"damage_healed":0.0,"max_hp_gain":0.0,"max_hp_loss":0.0,"gold_gain":0.0,"event_name":"Upgrade Shrine","player_choice":"Upgraded","floor":11.0,"gold_loss":0.0,"damage_taken":0.0,"cards_upgraded":["Feel No Pain"]}],"is_beta":false,"boss_relics":[],"items_purged_floors":[7,12],"is_endless":false,"potions_floor_spawned":[2,4],"killed_by":"Gremlin Nob","ascension_level":20}