{"gold_per_floor":[113,37,37,60,60,100,100,139,193,229,229,248,267,310,310,406,406,406,26,26,26,26,26,26,26,26,26,26,26,26,26,26,26,26,26,26,26,26,26,26,26,26,26,26,26,26,26,26,26,26,26],"floor_reached":51,"playtime":1829,"items_purged":[],"score":1709,"play_id":"a9b5e5a6-6cbd-4ce0-a771-e70ce0bbb1e9","local_time":"20190507171017","is_ascension_mode":true,"campfire_choices":[{"data":"Bash","floor":7.0,"key":"SMITH"},{"floor":11.0,"key":"REST"},{"data":"Disarm","floor":15.0,"key":"SMITH"},{"floor":24.0,"key":"REST"},{"floor":32,"key":"REST"},{"floor":42,"key":"REST"},{"data":"Demon Form","floor":45,"key":"SMITH"},{"floor":47,"key":"RECALL"},{"floor":49,"key":"REST"}],"neow_cost":"NONE","seed_source_timestamp":180735277321927,"circlet_count":0,"master_deck":["AscendersBane","Strike_R","Strike_R","Strike_R","Strike_R","Strike_R","Defend_R","Defend_R","Defend_R","Bash+1","Spot Weakness","Whirlwind","Ghostly Armor","Disarm+1","Feed","Armaments","Demon Form+1","Limit Break","Heavy Blade","Power Through+1","True Grit+1","Iron Wave","Dark Embrace","Limit Break","Shrug It Off+1","Shrug It Off","Corruption","Disarm"],"special_seed":0,"relics":["Black Blood","NeowsBlessing","Bloody Idol","Pen Nib","Bag of Marbles","Question Card","Potion Belt","Bronze Scales","Regal Pillow","Ectoplasm","Blood Vial","Sling","Red Mask","Mummified Hand","Shuriken","Bottled Tornado","Bag of Preparation","The Courier","Lantern","Art of War","StoneCalendar"],"potions_floor_usage":[30,37,51,51],"damage_taken":[{"damage":0.0,"enemies":"Small Slimes","floor":1.0,"turns":1.0},{"damage":0.0,"enemies":"2 Louse","floor":4.0,"turns":1.0},{"damage":0.0,"enemies":"3 Sentries","floor":6.0,"turns":2.0},{"damage":40.0,"enemies":"Lagavulin","floor":8.0,"turns":6.0},{"damage":25.0,"enemies":"3 Sentries","floor":10.0,"turns":5.0},{"damage":0.0,"enemies":"Cultist","floor":12.0,"turns":2.0},{"damage":0.0,"enemies":"Exordium Wildlife","floor":13.0,"turns":2.0},{"damage":17.0,"enemies":"Lagavulin","floor":14.0,"turns":7.0},{"damage":10.0,"enemies":"Hexaghost","floor":16.0,"turns":9.0},{"damage":23.0,"enemies":"Shell Parasite","floor":18.0,"turns":6.0},{"damage":36.0,"enemies":"Masked Bandits","floor":22.0,"turns":7.0},{"damage":0.0,"enemies":"Gremlin Leader","floor":23.0,"turns":5.0},{"damage":30.0,"enemies":"Spheric Guardian","floor":25.0,"turns":4.0},{"damage":36,"enemies":"Book of Stabbing","floor":27,"turns":7},{"damage":14,"enemies":"Snake Plant","floor":28,"turns":4},{"damage":15,"enemies":"Gremlin Leader","floor":29,"turns":4},{"damage":25,"enemies":"Shelled Parasite and Fungi","floor":30,"turns":5},{"damage":13,"enemies":"Champ","floor":33,"turns":9},{"damage":29,"enemies":"3 Darklings","floor":35,"turns":5},{"damage":6,"enemies":"3 Shapes","floor":37,"turns":3},{"damage":46,"enemies":"Nemesis","floor":40,"turns":7},{"damage":38,"enemies":"Transient","floor":41,"turns":6},{"damage":24,"enemies":"Giant Head","floor":44,"turns":6},{"damage":20,"enemies":"Nemesis","floor":46,"turns":5},{"damage":72,"enemies":"Awakened One","floor":50,"turns":9},{"damage":36,"enemies":"Donu and Deca","floor":51,"turns":3}],"seed_played":"-3377689149425303035","potions_obtained":[{"floor":1.0,"key":"GamblersBrew"},{"floor":6.0,"key":"PowerPotion"},{"floor":10.0,"key":"Fire Potion"},{"floor":13.0,"key":"FearPotion"},{"floor":22.0,"key":"Dexterity Potion"},{"floor":29,"key":"BloodPotion"},{"floor":33,"key":"Strength Potion"},{"floor":44,"key":"LiquidBronze"},{"floor":46,"key":"Dexterity Potion"},{"floor":48,"key":"AttackPotion"},{"floor":48,"key":"SkillPotion"}],"is_trial":false,"path_per_floor":["M","$","?","M","?","E","R","E","T","E","R","M","M","E","R","B",null,"M","$","?","?","?","E","R","M","T","E","M","E","M","T","R","B",null,"M","?","M","$","?","E","M","R","T","E","R","E","R","?","R","B","B"],"character_chosen":"IRONCLAD","items_purchased":["Spot Weakness","Blood Vial","Sling"],"campfire_rested":5,"item_purchase_floors":[2,19,19],"current_hp_per_floor":[74,74,68,68,68,68,68,34,34,15,35,44,54,43,43,42,69,52,52,52,52,27,35,74,52,52,27,24,20,15,15,57,52,83,69,69,78,78,78,44,18,62,62,53,53,45,45,45,90,33,0],"gold":26,"neow_bonus":"THREE_ENEMY_KILL","is_prod":false,"is_daily":false,"chose_seed":false,"campfire_upgraded":3,"win_rate":0,"timestamp":1557259817,"path_taken":["M","$","?","M","?","E","R","E","T","E","R","M","M","E","R","BOSS","M","$","?","?","?","E","R","M","T","E","M","E","M","?","R","BOSS","M","?","M","$","?","E","M","R","T","E","R","E","R","?","R","BOSS","BOSS"],"build_version":"2019-01-23","purchased_purges":0,"victory":false,"max_hp_per_floor":[75,75,68,68,68,68,68,68,68,68,68,71,75,75,75,78,78,78,78,78,78,81,81,81,81,81,84,87,90,93,93,93,93,93,96,96,99,99,99,99,99,99,99,102,102,102,102,102,102,105,105],"card_choices":[{"not_picked":["True Grit","Havoc"],"picked":"Rampage","floor":1.0},{"not_picked":["Combust","Cleave"],"picked":"Whirlwind","floor":4.0},{"not_picked":["Spot Weakness","Rampage"],"picked":"Ghostly Armor","floor":6.0},{"not_picked":["True Grit","Headbutt"],"picked":"Disarm","floor":8.0},{"not_picked":["Thunderclap","Pummel","Havoc"],"picked":"Feed","floor":10.0},{"not_picked":["Hemokinesis","Twin Strike","Pommel Strike"],"picked":"Armaments","floor":12.0},{"not_picked":["Perfected Strike","Clothesline","Havoc","Hemokinesis"],"picked":"SKIP","floor":13.0},{"not_picked":["Flex","Whirlwind","Havoc"],"picked":"Demon Form","floor":14.0},{"not_picked":["Barricade","Berserk","Offering"],"picked":"Limit Break","floor":16.0},{"not_picked":["Sword Boomerang","Dual Wield+1","Metallicize"],"picked":"Heavy Blade","floor":18.0},{"not_picked":["Clash","Heavy Blade","Hemokinesis"],"picked":"Power Through+1","floor":22.0},{"not_picked":["Whirlwind","Sword Boomerang","Twin Strike","Armaments"],"picked":"SKIP","floor":23.0},{"not_picked":["Heavy Blade","Berserk","Cleave"],"picked":"True Grit+1","floor":25.0},{"not_picked":["Headbutt","Rampage","Pommel Strike"],"picked":"Iron Wave","floor":27},{"not_picked":["Clothesline","Twin Strike+1","Armaments","Cleave"],"picked":"SKIP","floor":28},{"not_picked":["Flex","Combust","Iron Wave"],"picked":"Dark Embrace","floor":29},{"not_picked":["Perfected Strike","Spot Weakness","Reckless Charge","Twin Strike"],"picked":"SKIP","floor":30},{"not_picked":["Demon Form","Offering","Berserk"],"picked":"Limit Break","floor":33},{"not_picked":["Flex","Rupture","Anger"],"picked":"Shrug It Off+1","floor":35},{"not_picked":["Wild Strike","Rampage","Burning Pact"],"picked":"Shrug It Off","floor":37},{"not_picked":["Iron Wave","Immolate","Hemokinesis","Rupture"],"picked":"SKIP","floor":40},{"not_picked":["Anger+1","Spot Weakness","Rampage"],"picked":"Corruption","floor":41},{"not_picked":["Thunderclap","Corruption","Demon Form","Twin Strike+1"],"picked":"SKIP","floor":44},{"not_picked":["Thunderclap","Corruption","Demon Form","Twin Strike+1"],"picked":"SKIP","floor":44},{"not_picked":["Ghostly Armor","Clash","Bludgeon"],"picked":"Disarm","floor":46}],"player_experience":2282138,"relics_obtained":[{"floor":6.0,"key":"Bag of Marbles"},{"floor":8.0,"key":"Question Card"},{"floor":9.0,"key":"Potion Belt"},{"floor":10.0,"key":"Bronze Scales"},{"floor":14.0,"key":"Regal Pillow"},{"floor":22.0,"key":"Red Mask"},{"floor":23.0,"key":"Mummified Hand"},{"floor":26.0,"key":"Shuriken"},{"floor":27,"key":"Bottled Tornado"},{"floor":29,"key":"Bag of Preparation"},{"floor":31,"key":"The Courier"},{"floor":40,"key":"Lantern"},{"floor":44,"key":"Art of War"},{"floor":46,"key":"StoneCalendar"}],"event_choices":[{"damage_healed":0.0,"max_hp_gain":0.0,"max_hp_loss":7.0,"gold_gain":0.0,"event_name":"Golden Idol","player_choice":"Lose Max HP","floor":3.0,"gold_loss":0.0,"damage_taken":0.0,"relics_obtained":["Golden Idol"]},{"cards_removed":["Rampage"],"damage_healed":0.0,"max_hp_gain":0.0,"max_hp_loss":0.0,"gold_gain":0.0,"event_name":"WeMeetAgain","player_choice":"Gave Card","floor":5.0,"gold_loss":0.0,"damage_taken":0.0,"relics_obtained":["Pen Nib"]},{"damage_healed":0.0,"max_hp_gain":0.0,"max_hp_loss":0.0,"gold_gain":0.0,"event_name":"Forgotten Altar","player_choice":"Gave Idol","floor":20.0,"relics_lost":["Golden Idol"],"gold_loss":0.0,"damage_taken":0.0,"relics_obtained":["Bloody Idol"]},{"damage_healed":0.0,"max_hp_gain":0.0,"max_hp_loss":0.0,"gold_gain":0.0,"event_name":"Beggar","player_choice":"Ignored","floor":21.0,"gold_loss":0.0,"damage_taken":0.0},{"damage_healed":0.0,"max_hp_gain":0.0,"max_hp_loss":0.0,"gold_gain":0.0,"event_name":"Masked Bandits","player_choice":"Fought Bandits","floor":22.0,"gold_loss":0.0,"damage_taken":0.0},{"cards_removed":["Defend_R"],"damage_healed":0,"gold_gain":0,"player_choice":"Removed Skill","damage_taken":0,"max_hp_gain":0,"max_hp_loss":0,"event_name":"Falling","floor":36,"gold_loss":0},{"damage_healed":0,"gold_gain":222,"player_choice":"Wore Mask","damage_taken":0,"max_hp_gain":0,"max_hp_loss":0,"event_name":"Tomb of Lord Red Mask","floor":39,"gold_loss":0},{"damage_healed":0,"gold_gain":0,"player_choice":"Got Potions","damage_taken":0,"max_hp_gain":0,"max_hp_loss":0,"event_name":"Lab","floor":48,"gold_loss":0}],"is_beta":false,"boss_relics":[{"not_picked":["Mark of Pain","Empty Cage"],"picked":"Ectoplasm"},{"not_picked":["Lizard Tail","Philosopher\u0027s Stone"],"picked":"Black Blood"}],"items_purged_floors":[],"is_endless":false,"potions_floor_spawned":[1,6,10,13,22,29,33,44,46],"killed_by":"Donu and Deca","ascension_level":20}