{"gold_per_floor":[360,370,370,421,65,95,108,108,179,237,12,12,12],"floor_reached":13,"playtime":654,"items_purged":["Injury"],"score":126,"play_id":"0974fdcf-696a-46df-8319-c951574c050a","local_time":"20190501181921","is_ascension_mode":true,"campfire_choices":[{"floor":8,"key":"REST"}],"neow_cost":"CURSE","seed_source_timestamp":1303340336883200,"circlet_count":0,"master_deck":["AscendersBane","Defend_G","Defend_G","Defend_G+1","Defend_G","Defend_G","Strike_G","Strike_G","Strike_G","Strike_G+1","Strike_G","Survivor","Neutralize","Leg Sweep","Leg Sweep","Cloak And Dagger","Bouncing Flask","Footwork","Footwork","Burst","Dark Shackles"],"relics":["Ring of the Snake","Dream Catcher","Ninja Scroll","Letter Opener","Pear","PreservedInsect"],"potions_floor_usage":[],"damage_taken":[{"damage":0,"enemies":"Jaw Worm","floor":1,"turns":7},{"damage":6,"enemies":"Cultist","floor":2,"turns":6},{"damage":29,"enemies":"Gremlin Nob","floor":6,"turns":6},{"damage":0,"enemies":"2 Louse","floor":7,"turns":3},{"damage":44,"enemies":"Gremlin Nob","floor":10,"turns":8},{"damage":1,"enemies":"3 Sentries","floor":13,"turns":2}],"seed_played":"8603728532239651977","potions_obtained":[],"is_trial":false,"path_per_floor":["M","M","?","T","$","E","M","R","T","?","$","?","E"],"character_chosen":"THE_SILENT","items_purchased":["Ninja Scroll","Cloak And Dagger","Burst","Dark Shackles"],"campfire_rested":1,"item_purchase_floors":[5,5,11,11],"current_hp_per_floor":[63,57,43,43,43,14,14,35,45,1,1,1,0],"gold":12,"neow_bonus":"TWO_FIFTY_GOLD","is_prod":false,"is_daily":false,"chose_seed":false,"campfire_upgraded":0,"win_rate":0,"timestamp":1556731161,"path_taken":["M","M","?","?","?","E","?","R","T","?","$","?","E"],"build_version":"2019-01-23","purchased_purges":1,"victory":false,"max_hp_per_floor":[70,70,70,70,70,70,70,70,80,80,80,80,80],"card_choices":[{"not_picked":["PiercingWail","Acrobatics"],"picked":"Leg Sweep","floor":1},{"not_picked":["Dodge and Roll","Endless Agony"],"picked":"Leg Sweep","floor":2},{"not_picked":["Outmaneuver","Phantasmal Killer","Setup"],"picked":"SKIP","floor":6},{"not_picked":["PiercingWail","Skewer"],"picked":"Bouncing Flask","floor":7},{"not_picked":["Escape Plan","Eviscerate"],"picked":"Footwork","floor":8},{"not_picked":["Dagger Spray","Acrobatics"],"picked":"Footwork","floor":10}],"player_experience":436734,"relics_obtained":[{"floor":4,"key":"Dream Catcher"},{"floor":6,"key":"Letter Opener"},{"floor":9,"key":"Pear"},{"floor":10,"key":"PreservedInsect"}],"event_choices":[{"damage_healed":0,"gold_gain":0,"player_choice":"Entered Light","damage_taken":14,"max_hp_gain":0,"max_hp_loss":0,"event_name":"Shining Light","floor":3,"gold_loss":0,"cards_upgraded":["Defend_G","Strike_G"]},{"damage_healed":0,"gold_gain":0,"player_choice":"Searched \u00271\u0027 times","damage_taken":0,"max_hp_gain":0,"max_hp_loss":0,"event_name":"Dead Adventurer","floor":10,"gold_loss":0},{"damage_healed":0,"gold_gain":0,"player_choice":"Ignored","damage_taken":0,"max_hp_gain":0,"max_hp_loss":0,"event_name":"Golden Wing","floor":12,"gold_loss":0}],"is_beta":false,"boss_relics":[],"items_purged_floors":[5],"is_endless":false,"potions_floor_spawned":[],"killed_by":"3 Sentries","ascension_level":11}