{"gold_per_floor":[113,129,129,129,40,70,70,81,104,124,124,140,167,167,167,260,260,260,260,260,260,132,132,132,132,132,132,132,132,132,132,132,132,132,132,82,82,82,82,82,82,82,82,82,82],"floor_reached":45,"playtime":1328,"items_purged":["Strike_R","Defend_R"],"score":1101,"play_id":"f8c4e043-65df-40be-aa3f-48f37e6a9819","local_time":"20190505171625","is_ascension_mode":true,"campfire_choices":[{"data":"Immolate","floor":7,"key":"SMITH"},{"data":"Armaments","floor":11,"key":"SMITH"},{"data":"Bash","floor":15,"key":"SMITH"},{"data":"Limit Break","floor":24,"key":"SMITH"},{"data":"Battle Trance","floor":28,"key":"SMITH"},{"floor":32,"key":"REST"},{"data":"Feed","floor":40,"key":"SMITH"},{"floor":42,"key":"RECALL"}],"neow_cost":"CURSE","seed_source_timestamp":8958226887701,"circlet_count":0,"master_deck":["AscendersBane","Defend_R","Defend_R","Defend_R","Bash+1","Rampage","Thunderclap","Immolate+1","Armaments+1","Battle Trance+1","Headbutt","Limit Break+1","Shrug It Off","Sword Boomerang","Inflame","Impervious","Shrug It Off","Shrug It Off","Feed+1","Whirlwind+1","Flame Barrier+1","Warcry+1"],"relics":["Burning Blood","Red Skull","PreservedInsect","Vajra","Golden Idol","Ectoplasm","Pocketwatch","Smiling Mask","Ornamental Fan","Unceasing Top","Astrolabe","Oddly Smooth Stone","Orichalcum"],"potions_floor_usage":[6,16,16,20,23,25,33,41,44,45,45,45],"damage_taken":[{"damage":2,"enemies":"2 Louse","floor":1,"turns":3},{"damage":9,"enemies":"Small Slimes","floor":2,"turns":4},{"damage":25,"enemies":"3 Sentries","floor":6,"turns":5},{"damage":0,"enemies":"Cultist","floor":8,"turns":2},{"damage":7,"enemies":"Exordium Wildlife","floor":10,"turns":3},{"damage":14,"enemies":"Red Slaver","floor":12,"turns":2},{"damage":25,"enemies":"Lagavulin","floor":13,"turns":6},{"damage":26,"enemies":"Hexaghost","floor":16,"turns":6},{"damage":12,"enemies":"Chosen","floor":18,"turns":3},{"damage":0,"enemies":"Spheric Guardian","floor":20,"turns":3},{"damage":34,"enemies":"3 Cultists","floor":21,"turns":5},{"damage":17,"enemies":"Book of Stabbing","floor":23,"turns":3},{"damage":13,"enemies":"Gremlin Leader","floor":25,"turns":3},{"damage":4,"enemies":"Centurion and Healer","floor":27,"turns":2},{"damage":16,"enemies":"Slavers","floor":29,"turns":2},{"damage":20,"enemies":"Shelled Parasite and Fungi","floor":31,"turns":4},{"damage":1,"enemies":"Champ","floor":33,"turns":7},{"damage":10,"enemies":"Orb Walker","floor":35,"turns":5},{"damage":2,"enemies":"3 Shapes","floor":37,"turns":5},{"damage":11,"enemies":"3 Darklings","floor":39,"turns":4},{"damage":35,"enemies":"Reptomancer","floor":41,"turns":4},{"damage":56,"enemies":"Writhing Mass","floor":44,"turns":11},{"damage":26,"enemies":"Nemesis","floor":45,"turns":4}],"seed_played":"1900562489152662664","potions_obtained":[{"floor":1,"key":"PowerPotion"},{"floor":2,"key":"FearPotion"},{"floor":8,"key":"EntropicBrew"},{"floor":23,"key":"PowerPotion"},{"floor":31,"key":"Regen Potion"},{"floor":33,"key":"Dexterity Potion"},{"floor":41,"key":"Regen Potion"},{"floor":44,"key":"EntropicBrew"}],"is_trial":false,"path_per_floor":["M","M","?","?","$","E","R","M","T","M","R","M","E","?","R","B",null,"M","?","M","M","$","E","R","E","T","M","R","E","?","M","R","B",null,"M","$","M","T","M","R","E","R","T","M","E"],"character_chosen":"IRONCLAD","items_purchased":["Immolate","SteroidPotion"],"campfire_rested":1,"item_purchase_floors":[5,22],"current_hp_per_floor":[86,83,83,76,76,57,57,63,63,62,62,54,35,35,35,15,65,59,81,81,53,53,42,42,35,35,37,37,27,27,13,37,56,75,74,74,81,81,76,76,51,51,51,20,0],"gold":82,"neow_bonus":"TWENTY_PERCENT_HP_BONUS","is_prod":false,"is_daily":false,"chose_seed":false,"campfire_upgraded":6,"win_rate":0,"timestamp":1557087385,"path_taken":["M","M","?","?","$","E","R","M","T","M","R","M","E","?","R","BOSS","M","?","M","?","$","E","R","E","T","M","R","E","?","M","R","BOSS","M","$","M","?","M","R","E","R","T","M","E"],"build_version":"2019-01-23","purchased_purges":2,"victory":false,"max_hp_per_floor":[89,89,89,89,89,89,89,89,89,89,89,89,89,81,81,81,81,81,81,81,81,81,81,81,81,81,81,81,81,81,81,81,81,81,84,84,87,87,87,87,91,91,91,95,95],"card_choices":[{"not_picked":["Wild Strike","Rage"],"picked":"Rampage","floor":1},{"not_picked":["Body Slam","Ghostly Armor"],"picked":"Thunderclap","floor":2},{"not_picked":["Warcry","Clash"],"picked":"Armaments","floor":6},{"not_picked":["Dropkick","Wild Strike","Heavy Blade"],"picked":"SKIP","floor":8},{"not_picked":["Anger","Perfected Strike"],"picked":"Battle Trance","floor":10},{"not_picked":["Iron Wave","Armaments"],"picked":"Headbutt","floor":12},{"not_picked":["Perfected Strike","Rampage","Ghostly Armor"],"picked":"SKIP","floor":13},{"not_picked":["Perfected Strike","Ghostly Armor"],"picked":"Rampage","floor":13},{"not_picked":["Exhume","Impervious"],"picked":"Limit Break","floor":16},{"not_picked":["Perfected Strike","Havoc","Dropkick"],"picked":"SKIP","floor":18},{"not_picked":["Power Through","Fire Breathing"],"picked":"Shrug It Off","floor":20},{"not_picked":["Power Through","Warcry"],"picked":"Sword Boomerang","floor":21},{"not_picked":["Pummel","Rampage"],"picked":"Inflame","floor":23},{"not_picked":["Rampage","Feel No Pain+1"],"picked":"Impervious","floor":25},{"not_picked":["Pommel Strike","Rupture","Wild Strike"],"picked":"SKIP","floor":27},{"not_picked":["Havoc","Evolve+1"],"picked":"Shrug It Off","floor":29},{"not_picked":["Clothesline","Pommel Strike"],"picked":"Shrug It Off","floor":31},{"not_picked":["Reaper","Limit Break"],"picked":"Feed","floor":33},{"not_picked":["Wild Strike","Sword Boomerang","Blood for Blood+1"],"picked":"SKIP","floor":35},{"not_picked":["Thunderclap+1","Perfected Strike","Body Slam"],"picked":"SKIP","floor":37},{"not_picked":["Clothesline","Sentinel","Dropkick"],"picked":"SKIP","floor":39},{"not_picked":["Brutality","Flex+1","Wild Strike"],"picked":"SKIP","floor":41},{"not_picked":["Armaments+1","Havoc","Pommel Strike"],"picked":"SKIP","floor":44}],"player_experience":2259007,"relics_obtained":[{"floor":6,"key":"Red Skull"},{"floor":9,"key":"PreservedInsect"},{"floor":13,"key":"Vajra"},{"floor":23,"key":"Pocketwatch"},{"floor":25,"key":"Smiling Mask"},{"floor":26,"key":"Ornamental Fan"},{"floor":29,"key":"Unceasing Top"},{"floor":38,"key":"Oddly Smooth Stone"},{"floor":41,"key":"Orichalcum"}],"event_choices":[{"damage_healed":0,"gold_gain":0,"player_choice":"Ignored","damage_taken":0,"max_hp_gain":0,"max_hp_loss":0,"event_name":"Liars Game","floor":3,"gold_loss":0},{"cards_removed":["Regret"],"damage_healed":0,"gold_gain":0,"player_choice":"Card Removal","damage_taken":7,"max_hp_gain":0,"max_hp_loss":0,"event_name":"Golden Wing","floor":4,"gold_loss":0},{"damage_healed":0,"gold_gain":0,"player_choice":"Lose Max HP","damage_taken":0,"relics_obtained":["Golden Idol"],"max_hp_gain":0,"max_hp_loss":8,"event_name":"Golden Idol","floor":14,"gold_loss":0},{"cards_removed":["Rampage"],"damage_healed":22,"gold_gain":0,"player_choice":"Offered Uncommon","damage_taken":0,"max_hp_gain":0,"max_hp_loss":0,"event_name":"Bonfire Elementals","floor":19,"gold_loss":0},{"cards_removed":["Strike_R"],"damage_healed":0,"gold_gain":0,"player_choice":"Card Removal","damage_taken":0,"max_hp_gain":0,"max_hp_loss":0,"event_name":"Wheel of Change","floor":30,"gold_loss":0}],"is_beta":false,"boss_relics":[{"not_picked":["Orrery","Mark of Pain"],"picked":"Ectoplasm"},{"not_picked":["Eternal Feather","Runic Pyramid"],"picked":"Astrolabe"}],"items_purged_floors":[22,36],"is_endless":false,"potions_floor_spawned":[1,2,8,18,23,31,33,35,41,44],"killed_by":"Nemesis","ascension_level":20}