{"gold_per_floor":[113,13,88,106,120,120,150,150,150,150,174,185,185,211,211,282,282,300,316,316,316,336,391,391,391],"floor_reached":25,"playtime":566,"items_purged":[],"score":401,"play_id":"65348c00-cf20-4815-b703-38983501cf1a","local_time":"20181016123603","is_ascension_mode":true,"campfire_choices":[{"data":"Streamline","floor":6,"key":"SMITH"},{"data":"Defend_B","floor":10,"key":"SMITH"},{"floor":13,"key":"REST"},{"data":"Barrage","floor":15,"key":"SMITH"},{"floor":24,"key":"REST"}],"neow_cost":"NONE","seed_source_timestamp":187801026407917,"circlet_count":0,"master_deck":["Strike_B","Strike_B","Strike_B","Strike_B","Defend_B","Defend_B","Defend_B","Defend_B+1","Zap+1","Dualcast","AscendersBane","Melter","Streamline+1","Ball Lightning","Ball Lightning","Conserve Battery","Barrage+1","Biased Cognition","Hologram","Conserve Battery","Defragment","Aggregate"],"relics":["Cracked Core","Ancient Tea Set","Cables","Anchor","Happy Flower","Inserter","Tiny Chest"],"potions_floor_usage":[16,16,23,25],"damage_taken":[{"damage":7,"enemies":"Jaw Worm","floor":1,"turns":3},{"damage":2,"enemies":"2 Louse","floor":4,"turns":2},{"damage":4,"enemies":"Small Slimes","floor":5,"turns":3},{"damage":16,"enemies":"Gremlin Nob","floor":7,"turns":3},{"damage":3,"enemies":"Blue Slaver","floor":12,"turns":2},{"damage":12,"enemies":"3 Sentries","floor":14,"turns":6},{"damage":16,"enemies":"Hexaghost","floor":16,"turns":7},{"damage":14,"enemies":"2 Thieves","floor":18,"turns":3},{"damage":5,"enemies":"Chosen","floor":19,"turns":4},{"damage":17,"enemies":"Centurion and Healer","floor":22,"turns":5},{"damage":27,"enemies":"Slavers","floor":23,"turns":4},{"damage":31,"enemies":"Snecko","floor":25,"turns":4}],"seed_played":"3189332762473037560","potions_obtained":[{"floor":1,"key":"AttackPotion"},{"floor":7,"key":"LiquidBronze"},{"floor":22,"key":"Fire Potion"},{"floor":23,"key":"Weak Potion"}],"is_trial":false,"path_per_floor":["M","$","?","M","M","R","E","?","T","R","T","M","R","E","R","B",null,"M","M","?","?","M","E","R"],"character_chosen":"DEFECT","items_purchased":["Streamline","SteroidPotion"],"campfire_rested":2,"item_purchase_floors":[2,2],"current_hp_per_floor":[57,57,46,44,40,40,24,24,24,24,24,21,42,30,30,14,57,43,38,38,52,35,8,29,0],"gold":391,"neow_bonus":"UPGRADE_CARD","is_prod":false,"is_daily":false,"chose_seed":false,"campfire_upgraded":3,"win_rate":0,"timestamp":1539704163,"path_taken":["M","$","?","M","M","R","E","?","T","R","?","M","R","E","R","BOSS","M","?","?","?","M","E","R","M"],"build_version":"2018-07-12","purchased_purges":0,"victory":false,"max_hp_per_floor":[71,71,71,71,71,71,71,71,71,71,71,71,71,71,71,71,71,71,71,71,71,71,71,71,71],"card_choices":[{"not_picked":["Reprogram","Hologram"],"picked":"Melter","floor":1},{"not_picked":["Go for the Eyes","Redo"],"picked":"Ball Lightning","floor":4},{"not_picked":["Reinforced Body","Go for the Eyes"],"picked":"Ball Lightning","floor":5},{"not_picked":["Aggregate","Coolheaded","Double Energy"],"picked":"SKIP","floor":7},{"not_picked":["Aggregate","Coolheaded","Double Energy"],"picked":"SKIP","floor":7},{"not_picked":["Loop","Go for the Eyes"],"picked":"Conserve Battery","floor":12},{"not_picked":["Self Repair","Rainbow"],"picked":"Barrage","floor":14},{"not_picked":["Rainbow","Multi-Cast"],"picked":"Biased Cognition","floor":16},{"not_picked":["Streamline","Barrage"],"picked":"Hologram","floor":18},{"not_picked":["Ball Lightning","Skim","Lockon"],"picked":"SKIP","floor":19},{"not_picked":["Rip and Tear","Stack"],"picked":"Defragment","floor":22},{"not_picked":["Rip and Tear","Aggregate","Amplify"],"picked":"SKIP","floor":23},{"not_picked":["Rip and Tear","Amplify"],"picked":"Aggregate","floor":23}],"player_experience":968891,"relics_obtained":[{"floor":7,"key":"Ancient Tea Set"},{"floor":9,"key":"Cables"},{"floor":11,"key":"Anchor"},{"floor":14,"key":"Happy Flower"},{"floor":23,"key":"Tiny Chest"}],"event_choices":[{"event_name":"World of Goop","player_choice":"Gather Gold","floor":3,"damage_taken":0},{"event_name":"Golden Idol","player_choice":"Ignored","floor":8,"damage_taken":0},{"event_name":"Duplicator","player_choice":"One dupe","floor":20,"damage_taken":0},{"event_name":"The Library","player_choice":"Heal","floor":21,"damage_taken":0}],"boss_relics":[{"not_picked":["Runic Dome","Philosopher\u0027s Stone"],"picked":"Inserter"}],"items_purged_floors":[],"is_endless":false,"potions_floor_spawned":[1,4,7,12,22,23],"killed_by":"Snecko","ascension_level":15}