{"gold_per_floor":[111,36,1,1,1,1,20,20,20,20,20,55,71,82,82,82],"floor_reached":16,"playtime":388,"items_purged":["Writhe"],"score":113,"play_id":"1b7c5ba3-649c-446c-849b-608adea7ae21","local_time":"20190426231733","is_ascension_mode":true,"campfire_choices":[{"data":"Enlightenment","floor":6,"key":"SMITH"},{"data":"Bash","floor":8,"key":"SMITH"},{"data":"Shrug It Off","floor":10,"key":"SMITH"},{"data":"Bludgeon","floor":15,"key":"SMITH"}],"neow_cost":"CURSE","seed_source_timestamp":310338747573628,"circlet_count":0,"master_deck":["Strike_R","Strike_R","Strike_R","Strike_R","Strike_R","Defend_R","Defend_R","Defend_R","Bash+1","Dramatic Entrance","Enlightenment+1","Shrug It Off+1","Headbutt","Bludgeon+1","Warcry"],"relics":["Burning Blood","Blue Candle","Paper Frog"],"potions_floor_usage":[16,16],"damage_taken":[{"damage":0,"enemies":"Small Slimes","floor":1,"turns":3},{"damage":0,"enemies":"2 Louse","floor":7,"turns":2},{"damage":44,"enemies":"3 Sentries","floor":12,"turns":10},{"damage":0,"enemies":"Cultist","floor":13,"turns":3},{"damage":33,"enemies":"Exordium Thugs","floor":14,"turns":6},{"damage":38,"enemies":"Slime Boss","floor":16,"turns":5}],"seed_played":"2968971018835928614","potions_obtained":[{"floor":7,"key":"EssenceOfSteel"},{"floor":13,"key":"BloodPotion"},{"floor":14,"key":"Energy Potion"}],"is_trial":false,"path_per_floor":["M","$","?","?","$","R","M","R","T","R","?","E","M","M","R","B"],"character_chosen":"IRONCLAD","items_purchased":[],"campfire_rested":0,"item_purchase_floors":[],"current_hp_per_floor":[80,80,80,73,73,73,79,79,79,79,84,46,52,25,25,0],"gold":82,"neow_bonus":"RANDOM_COLORLESS_2","is_prod":false,"is_daily":false,"chose_seed":false,"campfire_upgraded":4,"win_rate":0,"timestamp":1556338653,"path_taken":["M","$","?","?","$","R","M","R","T","R","?","E","M","M","R","BOSS"],"build_version":"2019-01-23","purchased_purges":1,"victory":false,"max_hp_per_floor":[80,80,80,80,80,80,80,80,80,80,85,85,85,85,85,85],"card_choices":[{"not_picked":["Iron Wave","Sword Boomerang"],"picked":"Shrug It Off","floor":1},{"not_picked":["Pommel Strike","Cleave","Armaments"],"picked":"SKIP","floor":7},{"not_picked":["Flex","Armaments"],"picked":"Headbutt","floor":12},{"not_picked":["Corruption","Shrug It Off"],"picked":"Bludgeon","floor":13},{"not_picked":["Clothesline","Sword Boomerang"],"picked":"Warcry","floor":14}],"player_experience":109495,"relics_obtained":[{"floor":9,"key":"Blue Candle"},{"floor":12,"key":"Paper Frog"}],"event_choices":[{"damage_healed":20,"gold_gain":0,"player_choice":"Healed","damage_taken":0,"max_hp_gain":0,"max_hp_loss":0,"event_name":"The Cleric","floor":3,"gold_loss":35},{"cards_removed":["Defend_R"],"damage_healed":0,"gold_gain":0,"player_choice":"Card Removal","damage_taken":7,"max_hp_gain":0,"max_hp_loss":0,"event_name":"Golden Wing","floor":4,"gold_loss":0},{"damage_healed":0,"gold_gain":0,"player_choice":"Donut","damage_taken":0,"max_hp_gain":5,"max_hp_loss":0,"event_name":"Big Fish","floor":11,"gold_loss":0}],"is_beta":false,"boss_relics":[],"items_purged_floors":[2],"is_endless":false,"potions_floor_spawned":[7,13,14],"killed_by":"Slime Boss","ascension_level":3}