{"gold_per_floor":[110,127,142,158,176,201,201,234,234,234,191,191,191,202,202,305,305,315,328,328,328,253,287,189,189,212,232,232],"floor_reached":28,"playtime":1439,"items_purged":["Strike_R"],"score":322,"play_id":"ae68bc05-2f18-4636-9bf7-6a55915801d2","local_time":"20181217174952","is_ascension_mode":true,"campfire_choices":[{"floor":7,"key":"REST"},{"floor":15,"key":"REST"}],"neow_cost":"NONE","seed_source_timestamp":366673268500190,"circlet_count":0,"master_deck":["Strike_R","Strike_R","Strike_R","Defend_R","Defend_R","Defend_R","Defend_R","Bash","Pommel Strike","Dual Wield","Iron Wave","Headbutt","Uppercut","Rage","Sentinel","Armaments","Perfected Strike","Offering","Corruption","Burning Pact+1","Battle Trance","True Grit"],"relics":["Burning Blood","Centennial Puzzle","Ornamental Fan","Bottled Flame","Question Card","Busted Crown","Sundial","Matryoshka","Toxic Egg 2","Omamori"],"potions_floor_usage":[3,16,19,23,28],"damage_taken":[{"damage":0,"enemies":"Small Slimes","floor":1,"turns":3},{"damage":3,"enemies":"2 Louse","floor":2,"turns":3},{"damage":7,"enemies":"Jaw Worm","floor":3,"turns":3},{"damage":20,"enemies":"Lots of Slimes","floor":4,"turns":6},{"damage":15,"enemies":"Large Slime","floor":5,"turns":4},{"damage":30,"enemies":"3 Sentries","floor":6,"turns":8},{"damage":50,"enemies":"Lagavulin","floor":8,"turns":8},{"damage":0,"enemies":"2 Fungi Beasts","floor":14,"turns":3},{"damage":50,"enemies":"The Guardian","floor":16,"turns":11},{"damage":6,"enemies":"Chosen","floor":18,"turns":4},{"damage":0,"enemies":"3 Byrds","floor":19,"turns":1},{"damage":43,"enemies":"Slavers","floor":23,"turns":6},{"damage":9,"enemies":"Centurion and Healer","floor":27,"turns":6},{"damage":19,"enemies":"Snake Plant","floor":28,"turns":3}],"seed_played":"6818747269019352821","potions_obtained":[{"floor":1,"key":"SteroidPotion"},{"floor":6,"key":"SkillPotion"},{"floor":8,"key":"AttackPotion"},{"floor":16,"key":"Energy Potion"},{"floor":18,"key":"GamblersBrew"},{"floor":19,"key":"Swift Potion"},{"floor":27,"key":"Energy Potion"}],"is_trial":false,"path_per_floor":["M","M","M","M","M","E","R","E","T","$","?","?","?","M","R","B",null,"M","M","?","?","?","E","$","T","T","M","M"],"character_chosen":"IRONCLAD","items_purchased":["True Grit"],"campfire_rested":2,"item_purchase_floors":[24],"current_hp_per_floor":[78,80,79,65,56,32,56,12,12,12,12,38,38,44,68,24,66,66,72,72,57,57,20,20,20,20,17,0],"gold":232,"neow_bonus":"RANDOM_COMMON_RELIC","is_prod":false,"is_daily":false,"chose_seed":false,"campfire_upgraded":0,"win_rate":0,"timestamp":1545086992,"path_taken":["M","M","M","M","M","E","R","E","T","$","?","?","?","?","R","BOSS","M","M","?","?","?","E","$","?","T","M","M"],"build_version":"2018-12-13","purchased_purges":1,"victory":false,"max_hp_per_floor":[80,80,80,80,80,80,80,80,80,80,80,80,80,80,80,80,80,80,80,80,85,85,85,85,85,85,85,85],"card_choices":[{"not_picked":["Disarm","Cleave"],"picked":"Pommel Strike","floor":1},{"not_picked":["True Grit","Wild Strike"],"picked":"Dual Wield","floor":2},{"not_picked":["Feel No Pain","Warcry"],"picked":"Iron Wave","floor":3},{"not_picked":["Wild Strike","Flex"],"picked":"Headbutt","floor":4},{"not_picked":["Headbutt","Thunderclap"],"picked":"Uppercut","floor":5},{"not_picked":["Exhume","Heavy Blade"],"picked":"Rage","floor":6},{"not_picked":["Burning Pact","Carnage"],"picked":"Sentinel","floor":8},{"not_picked":["Clash","Heavy Blade","Cleave"],"picked":"Perfected Strike","floor":14},{"not_picked":["Fiend Fire","Feed","Bludgeon"],"picked":"Offering","floor":16},{"not_picked":["Heavy Blade"],"picked":"Corruption","floor":18},{"not_picked":["Twin Strike"],"picked":"Burning Pact+1","floor":19},{"not_picked":["Headbutt","Fire Breathing"],"picked":"SKIP","floor":23},{"not_picked":["Body Slam","Wild Strike+1"],"picked":"SKIP","floor":27}],"player_experience":151392,"relics_obtained":[{"floor":6,"key":"Ornamental Fan"},{"floor":8,"key":"Bottled Flame"},{"floor":9,"key":"Question Card"},{"floor":23,"key":"Sundial"},{"floor":25,"key":"Matryoshka"},{"floor":26,"key":"Toxic Egg 2"},{"floor":26,"key":"Omamori"}],"event_choices":[{"damage_healed":0,"gold_gain":0,"player_choice":"Left Gold","damage_taken":0,"max_hp_gain":0,"max_hp_loss":0,"event_name":"World of Goop","floor":11,"gold_loss":43},{"damage_healed":26,"gold_gain":0,"player_choice":"Banana","damage_taken":0,"max_hp_gain":0,"max_hp_loss":0,"event_name":"Big Fish","floor":12,"gold_loss":0},{"damage_healed":0,"gold_gain":0,"player_choice":"1 cards matched","damage_taken":0,"max_hp_gain":0,"max_hp_loss":0,"event_name":"Match and Keep!","floor":13,"gold_loss":0,"cards_obtained":["Armaments"]},{"damage_healed":0,"gold_gain":0,"player_choice":"Read","damage_taken":0,"max_hp_gain":0,"max_hp_loss":0,"event_name":"The Library","floor":20,"gold_loss":0,"cards_obtained":["Battle Trance"]},{"damage_healed":0,"gold_gain":0,"player_choice":"Shed Blood","damage_taken":20,"max_hp_gain":5,"max_hp_loss":0,"event_name":"Forgotten Altar","floor":21,"gold_loss":0},{"cards_removed":["Strike_R"],"damage_healed":0,"gold_gain":0,"player_choice":"Gave Gold","damage_taken":0,"max_hp_gain":0,"max_hp_loss":0,"event_name":"Beggar","floor":22,"gold_loss":75}],"is_beta":false,"boss_relics":[{"not_picked":["Calling Bell","Cursed Key"],"picked":"Busted Crown"}],"items_purged_floors":[24],"is_endless":false,"potions_floor_spawned":[1,6,8,16,18,19,27],"killed_by":"Snake Plant","ascension_level":6}