{"gold_per_floor":[110,129,129,204,217,217,142,171,171,9,9,27,54,14],"floor_reached":14,"playtime":511,"items_purged":[],"score":196,"play_id":"91c6f94a-2aea-4ef3-a744-05547f3ac1a2","local_time":"20190402131435","is_ascension_mode":true,"campfire_choices":[{"floor":6.0,"key":"REST"}],"neow_cost":"NONE","seed_source_timestamp":0,"circlet_count":0,"master_deck":["AscendersBane","Bash","Corruption","Infernal Blade","Seeing Red","Limit Break","Exhume","Thunderclap","Blood for Blood","Sentinel","Dropkick","Feel No Pain","Sentinel","Intimidate","Disarm","Dual Wield"],"special_seed":0,"relics":["Pandora\u0027s Box","Gremlin Horn","The Courier","FaceOfCleric","Red Skull"],"potions_floor_usage":[],"damage_taken":[{"damage":16.0,"enemies":"2 Louse","floor":1.0,"turns":4.0},{"damage":12.0,"enemies":"Jaw Worm","floor":2.0,"turns":2.0},{"damage":1.0,"enemies":"Cultist","floor":5.0,"turns":3.0},{"damage":17.0,"enemies":"3 Sentries","floor":8.0,"turns":6.0},{"damage":13,"enemies":"Gremlin Gang","floor":12,"turns":4},{"damage":17,"enemies":"Lagavulin","floor":13,"turns":6},{"damage":10,"enemies":"Looter","floor":14,"turns":2}],"seed_played":"-8059726486040200194","potions_obtained":[{"floor":5.0,"key":"Dexterity Potion"},{"floor":12,"key":"SpeedPotion"}],"is_trial":false,"path_per_floor":["M","M","?","?","M","R","?","E","T","$","?","M","E","M"],"character_chosen":"IRONCLAD","items_purchased":["Intimidate","Disarm","Dual Wield"],"campfire_rested":1,"item_purchase_floors":[10,10,10],"current_hp_per_floor":[52,40,40,29,28,50,50,33,33,33,33,21,5,0],"gold":14,"neow_bonus":"BOSS_RELIC","is_prod":false,"is_daily":false,"chose_seed":false,"campfire_upgraded":0,"win_rate":0,"timestamp":1554182075,"path_taken":["M","M","?","?","M","R","?","E","T","?","?","?","E","M"],"build_version":"2019-01-23","purchased_purges":0,"victory":false,"max_hp_per_floor":[75,75,75,75,75,75,75,75,75,75,75,76,77,77],"card_choices":[{"not_picked":["True Grit","Blood for Blood"],"picked":"Sentinel","floor":1.0},{"not_picked":["Perfected Strike","Warcry"],"picked":"Dropkick","floor":2.0},{"not_picked":["Disarm","Headbutt","Anger"],"picked":"SKIP","floor":5.0},{"not_picked":["Rupture","Battle Trance"],"picked":"Sentinel","floor":8.0},{"not_picked":["Sword Boomerang","Thunderclap","Clash"],"picked":"SKIP","floor":12},{"not_picked":["Combust","Hemokinesis","Headbutt"],"picked":"SKIP","floor":13}],"player_experience":1409264,"relics_obtained":[{"floor":8.0,"key":"Gremlin Horn"},{"floor":9.0,"key":"The Courier"},{"floor":13,"key":"Red Skull"}],"event_choices":[{"damage_healed":0.0,"max_hp_gain":0.0,"max_hp_loss":0.0,"gold_gain":0.0,"cards_transformed":["Combust"],"event_name":"Living Wall","player_choice":"Change","floor":3.0,"gold_loss":0.0,"damage_taken":0.0,"cards_obtained":["Feel No Pain"]},{"damage_healed":0.0,"max_hp_gain":0.0,"max_hp_loss":0.0,"gold_gain":75.0,"event_name":"World of Goop","player_choice":"Gather Gold","floor":4.0,"gold_loss":0.0,"damage_taken":11.0},{"cards_removed":["Twin Strike"],"damage_healed":0.0,"max_hp_gain":0.0,"max_hp_loss":0.0,"gold_gain":0.0,"event_name":"The Cleric","player_choice":"Card Removal","floor":7.0,"gold_loss":75.0,"damage_taken":0.0},{"damage_healed":0.0,"max_hp_gain":0.0,"max_hp_loss":0.0,"gold_gain":0.0,"event_name":"FaceTrader","player_choice":"Trade","floor":11.0,"gold_loss":0.0,"damage_taken":0.0,"relics_obtained":["FaceOfCleric"]}],"is_beta":false,"boss_relics":[],"items_purged_floors":[],"is_endless":false,"potions_floor_spawned":[5,12],"killed_by":"Looter","ascension_level":20}