{"gold_per_floor":[113,127,147,165,21,21,21,37,37,37,62,62,74,102,102,181,181,196,196,2,2,2,2,12,12,12,32,32,32,65,65,65,139,139,157,176,176],"floor_reached":37,"playtime":1071,"items_purged":["Strike_B"],"score":695,"play_id":"79dbc162-95e0-4cc2-a6f6-490778cd2d1f","local_time":"20180830182228","is_ascension_mode":true,"campfire_choices":[{"data":"Zap","floor":6.0,"key":"SMITH"},{"data":"Streamline","floor":10.0,"key":"SMITH"},{"data":"Capacitor","floor":15.0,"key":"SMITH"},{"data":"Consume","floor":23.0,"key":"SMITH"},{"data":"Biased Cognition","floor":25.0,"key":"SMITH"},{"floor":28.0,"key":"REST"},{"data":"Barrage","floor":32.0,"key":"SMITH"}],"neow_cost":"NONE","seed_source_timestamp":194984380362976,"circlet_count":0,"master_deck":["Strike_B","Strike_B","Strike_B","Defend_B","Defend_B","Defend_B","Defend_B","Zap+1","Dualcast","AscendersBane","Steam","Streamline+1","Capacitor+1","Electrodynamics","Coolheaded","Conserve Battery","Barrage+1","Biased Cognition+1","Consume+1","Ball Lightning","Zap+1","Seek","Buffer","Leap"],"special_seed":0,"relics":["Cracked Core","Oddly Smooth Stone","Singing Bowl","Symbiotic Virus","Cables","Inserter","Art of War","Turnip","Pantograph","Fusion Hammer"],"potions_floor_usage":[33,37],"damage_taken":[{"damage":0.0,"enemies":"Jaw Worm","floor":1.0,"turns":5.0},{"damage":6.0,"enemies":"Cultist","floor":2.0,"turns":3.0},{"damage":0.0,"enemies":"Small Slimes","floor":3.0,"turns":3.0},{"damage":2.0,"enemies":"Looter","floor":4.0,"turns":4.0},{"damage":0.0,"enemies":"Lots of Slimes","floor":8.0,"turns":1.0},{"damage":15.0,"enemies":"Lagavulin","floor":11.0,"turns":7.0},{"damage":1.0,"enemies":"Blue Slaver","floor":13.0,"turns":3.0},{"damage":8.0,"enemies":"Gremlin Nob","floor":14.0,"turns":3.0},{"damage":8.0,"enemies":"Slime Boss","floor":16.0,"turns":7.0},{"damage":9.0,"enemies":"2 Thieves","floor":18.0,"turns":4.0},{"damage":14.0,"enemies":"Shell Parasite","floor":24.0,"turns":4.0},{"damage":18.0,"enemies":"Snecko","floor":27.0,"turns":4.0},{"damage":12.0,"enemies":"Book of Stabbing","floor":30.0,"turns":3.0},{"damage":36,"enemies":"Collector","floor":33,"turns":7},{"damage":11,"enemies":"Flame Bruiser 1 Orb","floor":35,"turns":4},{"damage":8,"enemies":"3 Shapes","floor":36,"turns":2},{"damage":51,"enemies":"Flame Bruiser 2 Orb","floor":37,"turns":2}],"seed_played":"8921347371183039389","potions_obtained":[{"floor":2.0,"key":"GamblersBrew"},{"floor":4.0,"key":"Regen Potion"},{"floor":30.0,"key":"EssenceOfSteel"},{"floor":36,"key":"Fruit Juice"}],"is_trial":false,"path_per_floor":["M","M","M","M","$","R","?","M","T","R","E","?","M","E","R","B",null,"M","?","$","?","?","R","M","R","T","M","R","?","E","T","R","B",null,"M","M"],"character_chosen":"DEFECT","items_purchased":["Electrodynamics","Ball Lightning","LiquidBronze"],"campfire_rested":1,"item_purchase_floors":[5,20,20],"current_hp_per_floor":[64,58,58,56,56,56,56,56,56,56,41,41,49,41,41,33,62,53,53,53,53,53,53,41,41,41,25,47,47,35,35,35,24,62,51,45,0],"gold":176,"neow_bonus":"RANDOM_COMMON_RELIC","is_prod":false,"is_daily":false,"chose_seed":false,"campfire_upgraded":6,"win_rate":0,"timestamp":1535664148,"path_taken":["M","M","M","M","$","R","?","?","T","R","E","?","M","E","R","BOSS","M","?","$","?","?","R","M","R","T","?","R","?","E","?","R","BOSS","M","M","M"],"build_version":"2018-07-12","purchased_purges":1,"victory":false,"max_hp_per_floor":[71,71,71,71,71,71,71,71,71,71,71,71,71,71,71,71,71,71,71,71,71,71,71,73,73,73,75,75,75,75,75,75,75,75,75,77,82],"card_choices":[{"not_picked":["Hologram","Compile Driver","Stack"],"picked":"SKIP","floor":1.0},{"not_picked":["Compile Driver","Rebound"],"picked":"Steam","floor":2.0},{"not_picked":["Sweeping Beam","Stack"],"picked":"Streamline","floor":3.0},{"not_picked":["Steam","Sweeping Beam"],"picked":"Capacitor","floor":4.0},{"not_picked":["Turbo","Streamline","Force Field"],"picked":"SKIP","floor":8.0},{"not_picked":["Amplify","Doom and Gloom"],"picked":"Coolheaded","floor":11.0},{"not_picked":["Barrage","Genetic Algorithm"],"picked":"Conserve Battery","floor":13.0},{"not_picked":["Darkness","Fusion"],"picked":"Barrage","floor":14.0},{"not_picked":["Echo Form","Buffer"],"picked":"Biased Cognition","floor":16.0},{"not_picked":["Streamline","Rebound"],"picked":"Consume","floor":18.0},{"not_picked":["Gash","Ball Lightning","Turbo"],"picked":"Singing Bowl","floor":24.0},{"not_picked":["Turbo","FTL","Rebound"],"picked":"Singing Bowl","floor":27.0},{"not_picked":["Skim+1","Electrodynamics"],"picked":"Seek","floor":30.0},{"not_picked":["Rainbow","Machine Learning"],"picked":"Buffer","floor":33},{"not_picked":["Go for the Eyes","Steam"],"picked":"Leap","floor":35},{"not_picked":["Go for the Eyes","Sweeping Beam+1","Rebound"],"picked":"Singing Bowl","floor":36}],"player_experience":774021,"relics_obtained":[{"floor":9.0,"key":"Singing Bowl"},{"floor":11.0,"key":"Symbiotic Virus"},{"floor":14.0,"key":"Cables"},{"floor":26.0,"key":"Art of War"},{"floor":30.0,"key":"Turnip"},{"floor":31.0,"key":"Pantograph"}],"event_choices":[{"event_name":"Shining Light","player_choice":"Ignored","floor":7.0,"damage_taken":0.0},{"event_name":"Golden Idol","player_choice":"Ignored","floor":12.0,"damage_taken":0.0},{"event_name":"Vampires","player_choice":"Ignored","floor":19.0,"damage_taken":0.0},{"event_name":"Addict","player_choice":"Ignored","floor":21.0,"damage_taken":0.0},{"event_name":"Duplicator","player_choice":"One dupe","floor":22.0,"damage_taken":0.0},{"event_name":"Ghosts","player_choice":"Ignored","floor":29.0,"damage_taken":0.0}],"boss_relics":[{"not_picked":["Pandora\u0027s Box","White Beast Statue"],"picked":"Inserter"},{"not_picked":["Lizard Tail","Empty Cage"],"picked":"Fusion Hammer"}],"items_purged_floors":[20],"is_endless":false,"potions_floor_spawned":[2,4,30,36],"killed_by":"Flame Bruiser 2 Orb","ascension_level":15}