{"gold_per_floor":[117,117,130,80,80,115,115,144,144,144,170,182,4,20,20,119,119,134,134,49,61,84,96,122,134,199,211,241,253,665,704,716,829,841,870,882,970,993,1019,1060,472,472,496,508,526,14,14,26,26,26,26,26,26,26],"floor_reached":54,"playtime":6671,"items_purged":["Strike_B","Strike_B+1","Defend_B+1"],"score":828,"play_id":"c861286b-bd00-46ff-8a31-a9571aa59ca1","local_time":"20190512011633","is_ascension_mode":true,"campfire_choices":[{"data":"Streamline","floor":7,"key":"SMITH"},{"data":"Zap","floor":10,"key":"SMITH"},{"data":"Leap","floor":15,"key":"SMITH"},{"data":"Leap","floor":23,"key":"SMITH"},{"data":"Defragment","floor":27,"key":"SMITH"},{"data":"Dualcast","floor":29,"key":"SMITH"},{"floor":32,"key":"RECALL"},{"data":"Buffer","floor":42,"key":"SMITH"},{"data":"Echo Form","floor":49,"key":"SMITH"},{"data":"Conserve Battery","floor":52,"key":"SMITH"}],"neow_cost":"NONE","seed_source_timestamp":5019023198991600,"circlet_count":0,"master_deck":["Defend_B+1","Defend_B+1","Defend_B+1","Zap+1","Dualcast+1","Gash","Coolheaded","Streamline+1","Undo","Gash","Leap+1","Leap+1","Electrodynamics","Gash","Self Repair","Go for the Eyes+1","Defragment+1","All For One","Gash","Hologram+1","Echo Form+1","Reprogram+1","Madness","Madness","Go for the Eyes+1","Leap","Fusion+1","Gash","Buffer+1","Force Field+1","Amplify","Leap+1","Reinforced Body+1","Defragment","Gash","Auto Shields+1","Conserve Battery+1"],"relics":["Cracked Core","NeowsBlessing","Bird Faced Urn","Potion Belt","Vajra","Orrery","MawBank","Boot","Strawberry","Old Coin","Letter Opener","Prayer Wheel","White Beast Statue","Pantograph","Ornamental Fan","OrangePellets","Art of War","Omamori","Sundial"],"potions_floor_usage":[16,16,30,31,33,44,44,48,50,50,50,54],"damage_taken":[{"damage":0,"enemies":"Small Slimes","floor":1,"turns":1},{"damage":0,"enemies":"2 Louse","floor":3,"turns":1},{"damage":0,"enemies":"Gremlin Nob","floor":6,"turns":1},{"damage":18,"enemies":"Lagavulin","floor":8,"turns":6},{"damage":6,"enemies":"Jaw Worm","floor":12,"turns":2},{"damage":0,"enemies":"Exordium Wildlife","floor":14,"turns":4},{"damage":8,"enemies":"Hexaghost","floor":16,"turns":10},{"damage":17,"enemies":"Spheric Guardian","floor":18,"turns":5},{"damage":2,"enemies":"Shell Parasite","floor":22,"turns":7},{"damage":2,"enemies":"Centurion and Healer","floor":24,"turns":4},{"damage":21,"enemies":"3 Cultists","floor":28,"turns":5},{"damage":1,"enemies":"Colosseum Slavers","floor":30,"turns":4},{"damage":16,"enemies":"Colosseum Nobs","floor":30,"turns":4},{"damage":24,"enemies":"Slavers","floor":31,"turns":6},{"damage":35,"enemies":"Collector","floor":33,"turns":7},{"damage":6,"enemies":"3 Shapes","floor":35,"turns":4},{"damage":5,"enemies":"Orb Walker","floor":38,"turns":4},{"damage":19,"enemies":"Writhing Mass","floor":39,"turns":8},{"damage":19,"enemies":"Giant Head","floor":40,"turns":8},{"damage":0,"enemies":"Jaw Worm Horde","floor":44,"turns":3},{"damage":1,"enemies":"3 Darklings","floor":45,"turns":7},{"damage":0,"enemies":"Spire Growth","floor":48,"turns":6},{"damage":70,"enemies":"Awakened One","floor":50,"turns":14},{"damage":90,"enemies":"Shield and Spear","floor":54,"turns":7}],"seed_played":"-240625110513726201","potions_obtained":[{"floor":1,"key":"Dexterity Potion"},{"floor":12,"key":"Block Potion"},{"floor":14,"key":"Poison Potion"},{"floor":16,"key":"SteroidPotion"},{"floor":18,"key":"Fire Potion"},{"floor":28,"key":"Fire Potion"},{"floor":33,"key":"Fire Potion"},{"floor":35,"key":"Fire Potion"},{"floor":38,"key":"Fire Potion"},{"floor":39,"key":"PowerPotion"},{"floor":40,"key":"PowerPotion"},{"floor":44,"key":"Regen Potion"},{"floor":45,"key":"Explosive Potion"},{"floor":48,"key":"Weak Potion"}],"is_trial":false,"path_per_floor":["M","?","M","?","?","E","R","E","T","R","T","M","$","M","R","B",null,"M","?","?","?","M","R","M","T","T","R","M","R","?","E","R","B",null,"M","?","T","M","M","E","$","R","T","M","M","$","$","M","R","B",null,"R","$","E"],"character_chosen":"DEFECT","items_purchased":["Gash","Leap","OrangePellets","Buffer","Art of War","Defragment","Gash","Sundial"],"campfire_rested":0,"item_purchase_floors":[13,13,41,41,41,46,46,46],"current_hp_per_floor":[75,75,75,75,68,68,68,50,50,50,50,44,44,44,44,36,75,65,65,65,65,74,74,75,75,82,82,72,72,75,62,62,40,82,82,72,72,71,63,61,61,61,61,63,70,70,70,82,82,49,82,82,82,0],"gold":26,"neow_bonus":"THREE_ENEMY_KILL","is_prod":false,"is_daily":false,"chose_seed":false,"campfire_upgraded":9,"win_rate":0,"timestamp":1557638193,"path_taken":["M","?","M","?","?","E","R","E","T","R","?","M","$","M","R","BOSS","M","?","?","?","M","R","M","?","T","R","M","R","?","E","R","BOSS","M","?","?","M","M","E","$","R","T","M","?","?","$","?","R","BOSS","R","$","E"],"build_version":"2019-01-23","purchased_purges":3,"victory":false,"max_hp_per_floor":[75,75,75,75,75,75,75,75,75,75,75,75,75,75,75,75,75,75,75,75,75,75,75,75,75,82,82,82,82,82,82,82,82,82,82,82,82,82,82,82,82,82,82,82,82,82,82,82,82,82,82,82,82,82],"card_choices":[{"not_picked":["Recycle","Rebound"],"picked":"Gash","floor":1},{"not_picked":["Recycle","Rainbow"],"picked":"Coolheaded","floor":3},{"not_picked":["Darkness","Consume"],"picked":"Streamline","floor":6},{"not_picked":["Steam Power","Amplify","Darkness"],"picked":"SKIP","floor":8},{"not_picked":["Melter","Capacitor"],"picked":"Undo","floor":12},{"not_picked":["Reprogram","FTL"],"picked":"Leap","floor":14},{"not_picked":["Creative AI","Buffer"],"picked":"Electrodynamics","floor":16},{"not_picked":["Auto Shields","Steam"],"picked":"Gash","floor":17},{"not_picked":["Skim","Hologram"],"picked":"Self Repair","floor":17},{"not_picked":["Ball Lightning","FTL"],"picked":"Go for the Eyes+1","floor":18},{"not_picked":["Compile Driver","Go for the Eyes"],"picked":"All For One","floor":22},{"not_picked":["Steam","Ball Lightning","Stack"],"picked":"SKIP","floor":24},{"not_picked":["Fusion","Chill"],"picked":"Gash","floor":28},{"not_picked":["Barrage","Go for the Eyes"],"picked":"Hologram+1","floor":30},{"not_picked":["Sweeping Beam+1","Streamline+1","Cold Snap"],"picked":"SKIP","floor":31},{"not_picked":["Creative AI","Reboot"],"picked":"Echo Form","floor":33},{"not_picked":["Turbo","Compile Driver+1"],"picked":"Reprogram+1","floor":35},{"not_picked":["Streamline","Ball Lightning+1","Consume"],"picked":"SKIP","floor":35},{"not_picked":["Steam","Self Repair"],"picked":"Go for the Eyes+1","floor":38},{"not_picked":["Melter","Streamline+1"],"picked":"Leap","floor":38},{"not_picked":["Leap","Conserve Battery+1"],"picked":"Fusion+1","floor":39},{"not_picked":["Coolheaded+1","Go for the Eyes"],"picked":"Gash","floor":39},{"not_picked":["Sweeping Beam","Coolheaded+1","Undo"],"picked":"SKIP","floor":40},{"not_picked":["Auto Shields","Stack"],"picked":"Force Field+1","floor":44},{"not_picked":["Auto Shields","Chaos"],"picked":"Amplify","floor":44},{"not_picked":["Go for the Eyes","Scrape"],"picked":"Leap+1","floor":45},{"not_picked":["Recycle+1","Glacier"],"picked":"Reinforced Body+1","floor":45},{"not_picked":["Recycle+1","Hologram"],"picked":"Auto Shields+1","floor":48},{"not_picked":["Turbo+1","Skim+1"],"picked":"Conserve Battery","floor":48}],"player_experience":102504,"relics_obtained":[{"floor":6,"key":"Bird Faced Urn"},{"floor":8,"key":"Potion Belt"},{"floor":11,"key":"Vajra"},{"floor":25,"key":"Boot"},{"floor":26,"key":"Strawberry"},{"floor":30,"key":"Old Coin"},{"floor":30,"key":"Letter Opener"},{"floor":31,"key":"Prayer Wheel"},{"floor":37,"key":"Pantograph"},{"floor":40,"key":"Ornamental Fan"},{"floor":43,"key":"Omamori"}],"event_choices":[{"damage_healed":0,"gold_gain":0,"player_choice":"Ignored","damage_taken":0,"max_hp_gain":0,"max_hp_loss":0,"event_name":"Liars Game","floor":2,"gold_loss":0},{"cards_removed":["Strike_B"],"damage_healed":0,"gold_gain":0,"player_choice":"Card Removal","damage_taken":0,"max_hp_gain":0,"max_hp_loss":0,"event_name":"The Cleric","floor":4,"gold_loss":50},{"cards_removed":["Strike_B"],"damage_healed":0,"gold_gain":0,"player_choice":"Card Removal","damage_taken":7,"max_hp_gain":0,"max_hp_loss":0,"event_name":"Golden Wing","floor":5,"gold_loss":0},{"damage_healed":0,"gold_gain":0,"player_choice":"Read","damage_taken":0,"max_hp_gain":0,"max_hp_loss":0,"event_name":"The Library","floor":19,"gold_loss":0,"cards_obtained":["Defragment"]},{"damage_healed":0,"gold_gain":0,"player_choice":"Obtained Relic","damage_taken":0,"relics_obtained":["MawBank"],"max_hp_gain":0,"max_hp_loss":0,"event_name":"Addict","floor":20,"gold_loss":85},{"damage_healed":0,"gold_gain":0,"player_choice":"Simplicity","damage_taken":0,"max_hp_gain":0,"max_hp_loss":0,"event_name":"Back to Basics","floor":21,"gold_loss":0,"cards_upgraded":["Strike_B","Defend_B","Defend_B","Defend_B","Defend_B"]},{"damage_healed":0,"gold_gain":0,"player_choice":"Fight","damage_taken":0,"max_hp_gain":0,"max_hp_loss":0,"event_name":"Colosseum","floor":30,"gold_loss":0},{"damage_healed":0,"gold_gain":0,"player_choice":"Fought Nobs","damage_taken":0,"max_hp_gain":0,"max_hp_loss":0,"event_name":"Colosseum","floor":30,"gold_loss":0},{"damage_healed":0,"gold_gain":0,"player_choice":"Embrace Madness","damage_taken":10,"max_hp_gain":0,"max_hp_loss":0,"event_name":"Winding Halls","floor":36,"gold_loss":0,"cards_obtained":["Madness","Madness"]}],"is_beta":false,"boss_relics":[{"not_picked":["Runic Dome","Runic Pyramid"],"picked":"Orrery"},{"not_picked":["Astrolabe","Snecko Eye"],"picked":"White Beast Statue"}],"items_purged_floors":[13,41,46],"is_endless":false,"potions_floor_spawned":[1,12,14,16,18,28,30,33,35,38,39,40,44,45,48],"killed_by":"Shield and Spear","ascension_level":1}