{"gold_per_floor":[116,131,150,165,24,24,42,42,69,80,97,123,42,42,42,146,146,164,178,28,28,38,38,66,66,92,92,102,17,35,52,52,52],"floor_reached":33,"playtime":4296,"items_purged":[],"score":271,"play_id":"309585ca-526c-4afc-a519-87b2732dcd5f","local_time":"20190502012713","is_ascension_mode":false,"campfire_choices":[{"floor":6,"key":"REST"},{"floor":8,"key":"REST"},{"floor":15,"key":"REST"},{"floor":23,"key":"REST"},{"floor":25,"key":"REST"},{"floor":27,"key":"REST"},{"floor":32,"key":"REST"}],"neow_cost":"","seed_source_timestamp":1783805713078100,"circlet_count":0,"master_deck":["Strike_R","Strike_R","Strike_R","Strike_R","Strike_R","Defend_R","Defend_R","Defend_R","Defend_R","Bash","Pommel Strike","Headbutt","Sword Boomerang","Iron Wave","Perfected Strike","Metallicize","Sword Boomerang","Pommel Strike","Corruption","Rage","Infernal Blade","Blood for Blood","Shrug It Off","Offering","Shrug It Off","Doubt","Brutality","Blood for Blood","Iron Wave","Whirlwind","Shockwave+1","Inflame"],"relics":["Burning Blood","Red Skull","Happy Flower","Lantern","Runic Pyramid","Pen Nib","Orichalcum","Juzu Bracelet","Oddly Smooth Stone"],"potions_floor_usage":[16,16,24,24,24,33,33],"damage_taken":[{"damage":7,"enemies":"Small Slimes","floor":1,"turns":3},{"damage":6,"enemies":"Cultist","floor":2,"turns":3},{"damage":11,"enemies":"Jaw Worm","floor":3,"turns":2},{"damage":21,"enemies":"Red Slaver","floor":4,"turns":3},{"damage":25,"enemies":"Gremlin Gang","floor":7,"turns":5},{"damage":9,"enemies":"Blue Slaver","floor":10,"turns":3},{"damage":22,"enemies":"2 Fungi Beasts","floor":11,"turns":4},{"damage":31,"enemies":"Lagavulin","floor":12,"turns":5},{"damage":28,"enemies":"The Guardian","floor":16,"turns":9},{"damage":39,"enemies":"3 Byrds","floor":18,"turns":6},{"damage":17,"enemies":"2 Thieves","floor":19,"turns":3},{"damage":8,"enemies":"Snake Plant","floor":22,"turns":2},{"damage":26,"enemies":"Book of Stabbing","floor":24,"turns":5},{"damage":14,"enemies":"Sentry and Sphere","floor":28,"turns":5},{"damage":30,"enemies":"3 Cultists","floor":30,"turns":6},{"damage":24,"enemies":"Snake Plant","floor":31,"turns":4},{"damage":64,"enemies":"Champ","floor":33,"turns":8}],"seed_played":"-501047200024883530","potions_obtained":[{"floor":2,"key":"SteroidPotion"},{"floor":3,"key":"Explosive Potion"},{"floor":7,"key":"EssenceOfSteel"},{"floor":19,"key":"Swift Potion"},{"floor":22,"key":"EssenceOfSteel"},{"floor":24,"key":"Swift Potion"},{"floor":31,"key":"Energy Potion"}],"is_trial":false,"path_per_floor":["M","M","M","M","$","R","M","R","T","M","M","E","$","?","R","B",null,"M","M","$","?","M","R","E","R","T","R","M","?","M","M","R","B"],"character_chosen":"IRONCLAD","items_purchased":["Perfected Strike","Metallicize","Sword Boomerang","Blood for Blood","Shrug It Off","Pen Nib"],"campfire_rested":7,"item_purchase_floors":[5,5,5,13,13,20],"current_hp_per_floor":[79,79,74,59,59,80,61,80,80,77,61,36,36,18,42,20,80,47,36,36,36,34,58,38,62,62,80,72,72,48,30,54,0],"gold":52,"neow_bonus":"","is_prod":false,"is_daily":false,"chose_seed":false,"campfire_upgraded":0,"win_rate":0.0,"timestamp":1556774833,"path_taken":["M","M","M","M","$","R","M","R","T","M","M","E","$","?","R","BOSS","M","M","$","?","M","R","E","R","T","R","M","?","M","M","R","BOSS"],"build_version":"2019-01-23","purchased_purges":0,"victory":false,"max_hp_per_floor":[80,80,80,80,80,80,80,80,80,80,80,80,80,80,80,80,80,80,80,80,80,80,80,80,80,80,80,80,80,80,80,80,80],"card_choices":[{"not_picked":["Combust","Power Through"],"picked":"Pommel Strike","floor":1},{"not_picked":["Clothesline","Second Wind"],"picked":"Headbutt","floor":2},{"not_picked":["Iron Wave","Thunderclap"],"picked":"Sword Boomerang","floor":3},{"not_picked":["Headbutt","Clothesline"],"picked":"Iron Wave","floor":4},{"not_picked":["Anger","True Grit"],"picked":"Pommel Strike","floor":7},{"not_picked":["True Grit","Fiend Fire"],"picked":"Corruption","floor":10},{"not_picked":["Body Slam","Armaments"],"picked":"Rage","floor":11},{"not_picked":["Clothesline","Clash"],"picked":"Infernal Blade","floor":12},{"not_picked":["Fiend Fire","Dark Embrace"],"picked":"Offering","floor":16},{"not_picked":["Flex","Combust","Sword Boomerang+1"],"picked":"SKIP","floor":18},{"not_picked":["Pommel Strike","Clothesline"],"picked":"Shrug It Off","floor":19},{"not_picked":["Seeing Red","Uppercut+1"],"picked":"Blood for Blood","floor":22},{"not_picked":["Blood for Blood","Disarm+1"],"picked":"Iron Wave","floor":24},{"not_picked":["True Grit","Seeing Red"],"picked":"Whirlwind","floor":28},{"not_picked":["Dropkick+1","Armaments"],"picked":"Shockwave+1","floor":30},{"not_picked":["Sword Boomerang","Warcry"],"picked":"Inflame","floor":31}],"player_experience":0,"relics_obtained":[{"floor":9,"key":"Red Skull"},{"floor":12,"key":"Happy Flower"},{"floor":24,"key":"Orichalcum"},{"floor":26,"key":"Juzu Bracelet"}],"event_choices":[{"damage_healed":0,"gold_gain":0,"player_choice":"Success","damage_taken":18,"relics_obtained":["Lantern"],"max_hp_gain":0,"max_hp_loss":0,"event_name":"Scrap Ooze","floor":14,"gold_loss":0},{"damage_healed":0,"gold_gain":0,"player_choice":"2 cards matched","damage_taken":0,"max_hp_gain":0,"max_hp_loss":0,"event_name":"Match and Keep!","floor":21,"gold_loss":0,"cards_obtained":["Doubt","Brutality"]},{"damage_healed":0,"gold_gain":0,"player_choice":"Obtained Relic","damage_taken":0,"relics_obtained":["Oddly Smooth Stone"],"max_hp_gain":0,"max_hp_loss":0,"event_name":"Addict","floor":29,"gold_loss":85}],"is_beta":false,"boss_relics":[{"not_picked":["Snecko Eye","Eternal Feather"],"picked":"Runic Pyramid"}],"items_purged_floors":[],"is_endless":false,"potions_floor_spawned":[2,3,7,11,19,22,24,31],"killed_by":"Champ","ascension_level":0}