{"gold_per_floor":[119,119,119,130,142,142,159,159,159,159,171,147,165,180,180,285,285,302,319,418,495,506,506,66,80,106,106,106,106,119,0,0,98,98,112,112,0,0,0,0,17,17,17,17,35,35,49,49,49,49],"floor_reached":50,"playtime":2279,"items_purged":[],"score":457,"play_id":"4c667588-2b23-450e-83ca-15debf9f3208","local_time":"20181128002826","is_ascension_mode":false,"campfire_choices":[{"data":"Armaments","floor":6,"key":"SMITH"},{"data":"Flex","floor":10,"key":"SMITH"},{"data":"Inflame","floor":15,"key":"SMITH"},{"floor":23,"key":"REST"},{"data":"Demon Form","floor":27,"key":"SMITH"},{"data":"Offering","floor":29,"key":"SMITH"},{"floor":32,"key":"REST"},{"data":"Metamorphosis","floor":40,"key":"SMITH"},{"data":"Heavy Blade","floor":42,"key":"SMITH"},{"floor":44,"key":"DIG"},{"floor":49,"key":"REST"}],"neow_cost":"NONE","seed_source_timestamp":1084527771954251,"circlet_count":0,"master_deck":["Strike_R","Strike_R","Strike_R","Strike_R","Defend_R","Defend_R","Bash","Flex+1","Anger","Dramatic Entrance","Armaments+1","Double Tap","Cleave","Inflame+1","Headbutt","Ghostly Armor","Sword Boomerang","Offering+1","Berserk+1","Juggernaut+1","Headbutt+1","Intimidate","Flex+1","Iron Wave+1","Blood for Blood+1","Demon Form+1","Shrug It Off","Pummel+1","Reaper","Sword Boomerang","Rage+1","Disarm","Shockwave+1","Heavy Blade+1","Warcry+1","Metamorphosis+1","Finesse","Madness","Madness","Shrug It Off+1","Battle Trance","Flex+1","Clash+1"],"relics":["Burning Blood","Dream Catcher","Astrolabe","Ornamental Fan","Incense Burner","Strawberry","MutagenicStrength","Orrery","Red Mask","Darkstone Periapt","Shovel","Sundial","Girya"],"potions_floor_usage":[16,19,25,33,33,50,50,50],"damage_taken":[{"damage":13,"enemies":"Jaw Worm","floor":1,"turns":6},{"damage":0,"enemies":"Cultist","floor":4,"turns":3},{"damage":5,"enemies":"2 Louse","floor":5,"turns":2},{"damage":9,"enemies":"Exordium Wildlife","floor":7,"turns":5},{"damage":0,"enemies":"2 Fungi Beasts","floor":11,"turns":2},{"damage":0,"enemies":"3 Louse","floor":13,"turns":2},{"damage":5,"enemies":"Looter","floor":14,"turns":2},{"damage":60,"enemies":"The Guardian","floor":16,"turns":10},{"damage":33,"enemies":"3 Byrds","floor":18,"turns":4},{"damage":27,"enemies":"Shell Parasite","floor":19,"turns":4},{"damage":14,"enemies":"3 Cultists","floor":22,"turns":4},{"damage":1,"enemies":"Chosen and Byrds","floor":25,"turns":6},{"damage":34,"enemies":"Cultist and Chosen","floor":30,"turns":7},{"damage":72,"enemies":"Automaton","floor":33,"turns":8},{"damage":36,"enemies":"3 Darklings","floor":35,"turns":6},{"damage":30,"enemies":"3 Shapes","floor":41,"turns":4},{"damage":15,"enemies":"Transient","floor":45,"turns":5},{"damage":23,"enemies":"4 Shapes","floor":47,"turns":5},{"damage":55,"enemies":"Donu and Deca","floor":50,"turns":4}],"seed_played":"8190707210771694703","potions_obtained":[{"floor":1,"key":"SneckoOil"},{"floor":5,"key":"LiquidBronze"},{"floor":11,"key":"SteroidPotion"},{"floor":16,"key":"Explosive Potion"},{"floor":18,"key":"PowerPotion"},{"floor":22,"key":"Ancient Potion"},{"floor":25,"key":"Regen Potion"},{"floor":45,"key":"Ancient Potion"},{"floor":47,"key":"Dexterity Potion"}],"is_trial":false,"path_per_floor":["M","?","?","M","M","R","M","?","T","R","M","$","M","M","R","B",null,"M","M","?","T","M","R","$","M","T","R","?","R","M","?","R","B",null,"M","?","?","T","?","R","M","R","T","R","M","T","M","$","R","B"],"character_chosen":"IRONCLAD","items_purchased":["Headbutt","Incense Burner","Demon Form"],"campfire_rested":3,"item_purchase_floors":[12,24,24],"current_hp_per_floor":[73,73,73,79,80,80,77,77,77,77,80,80,80,80,80,26,80,53,32,32,32,24,48,48,53,60,60,60,60,32,32,58,7,87,69,64,64,64,53,53,47,47,47,47,38,38,21,21,47,0],"gold":49,"neow_bonus":"RANDOM_COLORLESS","is_prod":false,"is_daily":false,"chose_seed":false,"campfire_upgraded":7,"win_rate":0.0,"timestamp":1543382906,"path_taken":["M","?","?","?","M","R","M","?","T","R","M","?","M","M","R","BOSS","M","M","?","?","M","R","$","M","T","R","?","R","M","?","R","BOSS","M","?","?","?","?","R","M","R","T","R","M","?","M","$","R","BOSS"],"build_version":"2018-11-15","purchased_purges":0,"victory":false,"max_hp_per_floor":[80,80,80,80,80,80,80,80,80,80,80,80,80,80,80,80,80,80,80,80,80,80,80,80,80,87,87,87,87,87,87,87,87,87,87,87,87,87,87,87,87,87,87,87,87,87,87,87,87,87],"card_choices":[{"not_picked":["Twin Strike","Headbutt"],"picked":"Flex","floor":1},{"not_picked":["Sever Soul","Rage"],"picked":"Armaments","floor":4},{"not_picked":["Headbutt","Clothesline"],"picked":"Double Tap","floor":5},{"not_picked":["Entrench","Whirlwind"],"picked":"Cleave","floor":7},{"not_picked":["Shrug It Off","Reaper"],"picked":"Inflame","floor":11},{"not_picked":["Spot Weakness","Hemokinesis"],"picked":"Ghostly Armor","floor":13},{"not_picked":["Warcry","Rage"],"picked":"Sword Boomerang","floor":14},{"not_picked":["Fiend Fire","Impervious"],"picked":"Offering","floor":16},{"not_picked":["Blood for Blood","Clothesline"],"picked":"Intimidate","floor":18},{"not_picked":["Sever Soul+1","Second Wind"],"picked":"Flex+1","floor":19},{"not_picked":["Flex+1","Battle Trance+1"],"picked":"Iron Wave+1","floor":22},{"not_picked":["Warcry","Perfected Strike+1"],"picked":"Blood for Blood+1","floor":23},{"not_picked":["Whirlwind+1","Wild Strike","Sever Soul"],"picked":"SKIP","floor":25},{"not_picked":["Anger+1","Blood for Blood"],"picked":"Shrug It Off","floor":30},{"not_picked":["Clash","Sword Boomerang"],"picked":"Pummel+1","floor":32},{"not_picked":["Dark Embrace","Immolate"],"picked":"Reaper","floor":33},{"not_picked":["Clothesline","Dual Wield"],"picked":"Sword Boomerang","floor":34},{"not_picked":["Carnage","Anger"],"picked":"Rage+1","floor":34},{"not_picked":["Flex","Wild Strike+1"],"picked":"Disarm","floor":34},{"not_picked":["Entrench","Uppercut"],"picked":"Shockwave+1","floor":34},{"not_picked":["Sword Boomerang+1","Armaments"],"picked":"Heavy Blade","floor":34},{"not_picked":["Hemokinesis","Rampage+1"],"picked":"Warcry+1","floor":35},{"not_picked":["Swift Strike","Enlightenment"],"picked":"Metamorphosis","floor":36},{"not_picked":["Dramatic Entrance","The Bomb"],"picked":"Finesse","floor":36},{"not_picked":["Searing Blow","Pommel Strike"],"picked":"Shrug It Off+1","floor":41},{"not_picked":["Blood for Blood","Burning Pact"],"picked":"Battle Trance","floor":45},{"not_picked":["True Grit","Heavy Blade"],"picked":"Flex+1","floor":47},{"not_picked":["Armaments","Warcry"],"picked":"Clash+1","floor":49}],"player_experience":50191,"relics_obtained":[{"floor":9,"key":"Dream Catcher"},{"floor":21,"key":"Ornamental Fan"},{"floor":26,"key":"Strawberry"},{"floor":38,"key":"Darkstone Periapt"},{"floor":43,"key":"Shovel"},{"floor":44,"key":"Sundial"},{"floor":46,"key":"Girya"}],"event_choices":[{"cards_removed":["Purity"],"damage_healed":0,"gold_gain":0,"player_choice":"Forget","damage_taken":0,"max_hp_gain":0,"max_hp_loss":0,"event_name":"Living Wall","floor":2,"gold_loss":0},{"damage_healed":0,"gold_gain":0,"player_choice":"2 cards matched","damage_taken":0,"max_hp_gain":0,"max_hp_loss":0,"event_name":"Match and Keep!","floor":3,"gold_loss":0,"cards_obtained":["Anger","Dramatic Entrance"]},{"damage_healed":0,"gold_gain":0,"player_choice":"2 cards matched","damage_taken":0,"max_hp_gain":0,"max_hp_loss":0,"event_name":"Match and Keep!","floor":3,"gold_loss":0,"cards_obtained":["Anger","Dramatic Entrance"]},{"damage_healed":0,"gold_gain":0,"player_choice":"Ignored","damage_taken":0,"max_hp_gain":0,"max_hp_loss":0,"event_name":"Liars Game","floor":8,"gold_loss":0},{"damage_healed":0,"gold_gain":99,"player_choice":"Stole From Cult","damage_taken":0,"max_hp_gain":0,"max_hp_loss":0,"event_name":"Nest","floor":20,"gold_loss":0},{"damage_healed":0,"gold_gain":0,"player_choice":"Inject Mutagens","damage_taken":0,"relics_obtained":["MutagenicStrength"],"max_hp_gain":0,"max_hp_loss":0,"event_name":"Drug Dealer","floor":28,"gold_loss":0},{"damage_healed":0,"gold_gain":0,"player_choice":"Paid Fearfully","damage_taken":0,"max_hp_gain":0,"max_hp_loss":0,"event_name":"Masked Bandits","floor":31,"gold_loss":119},{"damage_healed":0,"gold_gain":0,"player_choice":"Memory 2","damage_taken":5,"max_hp_gain":0,"max_hp_loss":0,"event_name":"SensoryStone","floor":36,"gold_loss":0},{"damage_healed":0,"gold_gain":0,"player_choice":"Paid","damage_taken":0,"relics_obtained":["Red Mask"],"max_hp_gain":0,"max_hp_loss":0,"event_name":"Tomb of Lord Red Mask","floor":37,"gold_loss":112},{"damage_healed":0,"gold_gain":0,"player_choice":"Embrace Madness","damage_taken":11,"max_hp_gain":0,"max_hp_loss":0,"event_name":"Winding Halls","floor":39,"gold_loss":0,"cards_obtained":["Madness","Madness"]}],"is_beta":false,"boss_relics":[{"not_picked":["Cursed Key","Runic Dome"],"picked":"Astrolabe"},{"not_picked":["Black Star","Fusion Hammer"],"picked":"Orrery"}],"items_purged_floors":[],"is_endless":false,"potions_floor_spawned":[1,5,11,16,18,22,25,45,47],"killed_by":"Donu and Deca","ascension_level":0}