{"gold_per_floor":[19,31,31,31,51,51,68,88,112,112,112,126,153,169,169,246,246,265,265,280,294,294,326,326,356,356,384,384,218,218,22,22,96,96,110,130,130,147,147,173,173,199,223,223,223,223,238,0,0,0],"floor_reached":51,"playtime":3576,"items_purged":[],"score":1508,"play_id":"ce2ed2c9-42a0-4940-a782-d8048d9290cb","local_time":"20190508215628","is_ascension_mode":true,"campfire_choices":[{"floor":6,"key":"REST"},{"data":"Neutralize","floor":11,"key":"SMITH"},{"data":"Tools of the Trade","floor":15,"key":"SMITH"},{"floor":24,"key":"REST"},{"floor":28,"key":"REST"},{"data":"Blade Dance","floor":32,"key":"SMITH"},{"floor":41,"key":"REST"},{"data":"Cloak And Dagger","floor":44,"key":"SMITH"},{"data":"Burst","floor":46,"key":"SMITH"},{"floor":49,"key":"REST"}],"neow_cost":"NO_GOLD","seed_source_timestamp":341559558431400,"circlet_count":0,"master_deck":["AscendersBane","Defend_G+1","Defend_G+1","Defend_G+1","Defend_G+1","Strike_G+1","Strike_G+1","Strike_G+1","Strike_G+1","Survivor","Neutralize+1","Blur","Poisoned Stab+1","Crippling Poison","Footwork","Leg Sweep","Tools of the Trade+1","Footwork","Storm of Steel","Blade Dance+1","Tools of the Trade+1","Well Laid Plans","Backstab+1","Burst+1","Predator+1","J.A.X.","A Thousand Cuts","Reflex","Burst","Doubt","Regret","Injury","Dodge and Roll","Panache","Cloak And Dagger+1"],"relics":["Ring of the Snake","Incense Burner","Tingsha","Kunai","PreservedInsect","Mercury Hourglass","Sozu","Oddly Smooth Stone","Potion Belt","Blue Candle","Juzu Bracelet","Boot","Calling Bell","Lantern","Pear","Thread and Needle","Meat on the Bone","Smiling Mask","Whetstone","Red Mask"],"potions_floor_usage":[5,13,14,23],"damage_taken":[{"damage":4,"enemies":"2 Louse","floor":1,"turns":3},{"damage":1,"enemies":"Jaw Worm","floor":2,"turns":6},{"damage":0,"enemies":"Cultist","floor":5,"turns":4},{"damage":0,"enemies":"Blue Slaver","floor":7,"turns":4},{"damage":8,"enemies":"Gremlin Gang","floor":8,"turns":5},{"damage":0,"enemies":"Looter","floor":12,"turns":5},{"damage":15,"enemies":"3 Sentries","floor":13,"turns":14},{"damage":1,"enemies":"Blue Slaver","floor":14,"turns":4},{"damage":12,"enemies":"Slime Boss","floor":16,"turns":16},{"damage":17,"enemies":"Chosen","floor":18,"turns":6},{"damage":6,"enemies":"3 Byrds","floor":20,"turns":4},{"damage":7,"enemies":"Shelled Parasite and Fungi","floor":21,"turns":7},{"damage":4,"enemies":"Gremlin Leader","floor":23,"turns":7},{"damage":1,"enemies":"Book of Stabbing","floor":25,"turns":6},{"damage":16,"enemies":"Slavers","floor":27,"turns":5},{"damage":9,"enemies":"Champ","floor":33,"turns":11},{"damage":1,"enemies":"3 Darklings","floor":35,"turns":4},{"damage":6,"enemies":"3 Shapes","floor":36,"turns":4},{"damage":3,"enemies":"Sphere and 2 Shapes","floor":38,"turns":3},{"damage":4,"enemies":"Reptomancer","floor":40,"turns":6},{"damage":16,"enemies":"Giant Head","floor":42,"turns":9},{"damage":1,"enemies":"3 Darklings","floor":47,"turns":3},{"damage":27,"enemies":"Awakened One","floor":50,"turns":14}],"seed_played":"2786443663985901231","potions_obtained":[{"floor":2,"key":"GamblersBrew"},{"floor":5,"key":"Block Potion"},{"floor":8,"key":"PowerPotion"},{"floor":14,"key":"Fruit Juice"}],"is_trial":false,"path_per_floor":["M","M","?","T","M","R","M","M","T","?","R","M","E","M","R","B",null,"M","?","M","M","?","E","R","E","T","E","R","$","?","$","R","B",null,"M","M","?","M","?","E","R","E","T","R","?","R","M","?","R","B",null],"character_chosen":"THE_SILENT","items_purchased":["Boot","A Thousand Cuts","Reflex"],"campfire_rested":5,"item_purchase_floors":[29,31,31],"current_hp_per_floor":[55,54,36,36,36,55,55,47,47,47,47,47,32,36,36,24,59,42,42,36,29,29,25,46,45,45,29,50,50,50,50,50,41,74,73,67,67,64,64,60,81,65,65,65,65,65,64,64,81,54],"gold":0,"neow_bonus":"ONE_RARE_RELIC","is_prod":false,"is_daily":false,"chose_seed":false,"campfire_upgraded":5,"win_rate":0,"timestamp":1557348988,"path_taken":["M","M","?","?","?","R","M","M","T","?","R","M","E","?","R","BOSS","M","?","?","M","?","E","R","E","T","E","R","$","?","?","R","BOSS","M","M","?","M","?","E","R","E","T","R","?","R","M","?","R","BOSS"],"build_version":"2019-01-23","purchased_purges":0,"victory":true,"max_hp_per_floor":[66,66,66,66,66,66,66,66,66,66,66,66,66,71,71,71,71,71,71,71,71,71,71,71,71,71,71,71,71,71,71,71,71,81,81,81,81,81,81,81,81,81,81,81,81,81,81,81,81,81],"card_choices":[{"not_picked":["Deflect","Sucker Punch"],"picked":"Blur","floor":1},{"not_picked":["Caltrops","Masterful Stab"],"picked":"Poisoned Stab","floor":2},{"not_picked":["Skewer","Flechettes","Bane"],"picked":"SKIP","floor":5},{"not_picked":["Blur","Acrobatics"],"picked":"Crippling Poison","floor":7},{"not_picked":["All Out Attack","Slice"],"picked":"Footwork","floor":8},{"not_picked":["Slice","Blade Dance"],"picked":"Leg Sweep","floor":12},{"not_picked":["Setup","Night Terror"],"picked":"Tools of the Trade","floor":13},{"not_picked":["Riddle With Holes","Cloak And Dagger"],"picked":"Footwork","floor":14},{"not_picked":["Unload","Night Terror"],"picked":"Storm of Steel","floor":16},{"not_picked":["Acrobatics","Bane+1"],"picked":"Blade Dance","floor":18},{"not_picked":["Blade Dance","Prepared","Quick Slash"],"picked":"SKIP","floor":20},{"not_picked":["Deadly Poison+1","Masterful Stab"],"picked":"Well Laid Plans","floor":21},{"not_picked":["Flying Knee","Catalyst"],"picked":"Backstab+1","floor":23},{"not_picked":["Deflect","Sucker Punch"],"picked":"Burst","floor":25},{"not_picked":["Flying Knee","Deadly Poison"],"picked":"Predator","floor":27},{"not_picked":["Die Die Die","Malaise"],"picked":"Burst","floor":33},{"not_picked":["Accuracy+1","Acrobatics"],"picked":"Dodge and Roll","floor":35},{"not_picked":["Acrobatics","Outmaneuver","Bullet Time"],"picked":"SKIP","floor":36},{"not_picked":["Violence","Enlightenment"],"picked":"Panache","floor":37},{"not_picked":["Setup","Underhanded Strike+1"],"picked":"Cloak And Dagger","floor":38},{"not_picked":["Setup+1","Dagger Throw","Dodge and Roll"],"picked":"SKIP","floor":40},{"not_picked":["Masterful Stab+1","All Out Attack+1","Skewer"],"picked":"SKIP","floor":42},{"not_picked":["Masterful Stab+1","All Out Attack+1","Skewer"],"picked":"SKIP","floor":42},{"not_picked":["Underhanded Strike","Accuracy","Outmaneuver+1"],"picked":"SKIP","floor":47}],"player_experience":484266,"relics_obtained":[{"floor":4,"key":"Kunai"},{"floor":9,"key":"PreservedInsect"},{"floor":13,"key":"Mercury Hourglass"},{"floor":23,"key":"Oddly Smooth Stone"},{"floor":25,"key":"Potion Belt"},{"floor":26,"key":"Blue Candle"},{"floor":27,"key":"Juzu Bracelet"},{"floor":34,"key":"Lantern"},{"floor":34,"key":"Pear"},{"floor":34,"key":"Thread and Needle"},{"floor":40,"key":"Meat on the Bone"},{"floor":42,"key":"Smiling Mask"},{"floor":43,"key":"Whetstone"}],"event_choices":[{"damage_healed":0,"gold_gain":0,"player_choice":"Success","damage_taken":18,"relics_obtained":["Tingsha"],"max_hp_gain":0,"max_hp_loss":0,"event_name":"Scrap Ooze","floor":3,"gold_loss":0},{"cards_removed":["Strike_G"],"damage_healed":0,"gold_gain":0,"player_choice":"Offered Basic","damage_taken":0,"max_hp_gain":0,"max_hp_loss":0,"event_name":"Bonfire Elementals","floor":10,"gold_loss":0},{"damage_healed":0,"gold_gain":0,"player_choice":"Copied","damage_taken":0,"max_hp_gain":0,"max_hp_loss":0,"event_name":"Duplicator","floor":19,"gold_loss":0,"cards_obtained":["Tools of the Trade"]},{"damage_healed":0,"gold_gain":0,"player_choice":"Simplicity","damage_taken":0,"max_hp_gain":0,"max_hp_loss":0,"event_name":"Back to Basics","floor":22,"gold_loss":0,"cards_upgraded":["Defend_G","Defend_G","Defend_G","Defend_G","Defend_G","Strike_G","Strike_G","Strike_G","Strike_G"]},{"damage_healed":0,"gold_gain":0,"player_choice":"Obtain J.A.X.","damage_taken":0,"max_hp_gain":0,"max_hp_loss":0,"event_name":"Drug Dealer","floor":30,"gold_loss":0,"cards_obtained":["J.A.X."]},{"damage_healed":0,"gold_gain":0,"player_choice":"Memory 1","damage_taken":0,"max_hp_gain":0,"max_hp_loss":0,"event_name":"SensoryStone","floor":37,"gold_loss":0},{"damage_healed":0,"gold_gain":0,"player_choice":"Ignored","damage_taken":0,"max_hp_gain":0,"max_hp_loss":0,"event_name":"Mysterious Sphere","floor":39,"gold_loss":0},{"cards_removed":["Defend_G"],"damage_healed":0,"gold_gain":0,"player_choice":"Removed Skill","damage_taken":0,"max_hp_gain":0,"max_hp_loss":0,"event_name":"Falling","floor":45,"gold_loss":0},{"damage_healed":0,"gold_gain":0,"player_choice":"Paid","damage_taken":0,"relics_obtained":["Red Mask"],"max_hp_gain":0,"max_hp_loss":0,"event_name":"Tomb of Lord Red Mask","floor":48,"gold_loss":238}],"is_beta":false,"boss_relics":[{"not_picked":["Astrolabe","WristBlade"],"picked":"Sozu"},{"not_picked":["Pandora\u0027s Box","Tiny House"],"picked":"Calling Bell"}],"items_purged_floors":[],"is_endless":false,"potions_floor_spawned":[2,5,8,12,14,21,23,33,35,47],"ascension_level":17}