{"gold_per_floor":[119,44,64,20,20,54,54,68,68,98,116,141,141,168,168,247,247,265,265,265,265,265,299,26,58,112,112,5,5,23,101,101,175,175,190,244,105,124,124,124,144,156,156,182,182,212,41,72,72,72,72,72,72,22,54,54],"floor_reached":56,"playtime":3021,"items_purged":["Writhe","Scrape","Thunder Strike"],"score":2190,"play_id":"637d763b-be95-410b-96f3-fb6ac0807437","local_time":"20190510014203","is_ascension_mode":true,"campfire_choices":[{"floor":13.0,"key":"REST"},{"data":"Coolheaded","floor":15.0,"key":"SMITH"},{"data":"Fission","floor":27.0,"key":"SMITH"},{"data":"Defragment","floor":29.0,"key":"SMITH"},{"data":"Buffer","floor":32.0,"key":"SMITH"},{"data":"Heatsinks","floor":40.0,"key":"SMITH"},{"data":"Coolheaded","floor":45.0,"key":"SMITH"},{"floor":49.0,"key":"RECALL"},{"data":"Capacitor","floor":53.0,"key":"SMITH"}],"neow_cost":"NONE","seed_source_timestamp":382753152224378,"circlet_count":0,"master_deck":["AscendersBane","Zap+1","Dualcast","Cold Snap","Chill","Doom and Gloom","Compile Driver","Ball Lightning","Coolheaded+1","Hologram","Sweeping Beam","Fission+1","Self Repair","Buffer+1","Redo","Coolheaded+1","Compile Driver","Defragment+1","Coolheaded","Rainbow","Echo Form","Glacier","Heatsinks+1","Hologram+1","Dark Shackles","Go for the Eyes+1","Hologram+1","Force Field+1","Compile Driver+1","Capacitor+1","FTL","Recycle+1","Amplify"],"special_seed":0,"relics":["Cracked Core","NeowsBlessing","Bottled Flame","Pantograph","Darkstone Periapt","Cables","DataDisk","Philosopher\u0027s Stone","Enchiridion","PreservedInsect","War Paint","Mummified Hand","Smiling Mask","Art of War","Pandora\u0027s Box","Girya","Question Card","Pear","Kunai","Orichalcum","Symbiotic Virus"],"potions_floor_usage":[56,56],"damage_taken":[{"damage":0.0,"enemies":"Small Slimes","floor":1.0,"turns":1.0},{"damage":0.0,"enemies":"Jaw Worm","floor":3.0,"turns":1.0},{"damage":0.0,"enemies":"Lagavulin","floor":6.0,"turns":1.0},{"damage":0.0,"enemies":"2 Louse","floor":8.0,"turns":2.0},{"damage":13.0,"enemies":"Gremlin Nob","floor":10.0,"turns":3.0},{"damage":10.0,"enemies":"Red Slaver","floor":11.0,"turns":2.0},{"damage":13.0,"enemies":"3 Sentries","floor":12.0,"turns":4.0},{"damage":16.0,"enemies":"Lagavulin","floor":14.0,"turns":5.0},{"damage":30.0,"enemies":"The Guardian","floor":16.0,"turns":12.0},{"damage":2.0,"enemies":"3 Byrds","floor":18.0,"turns":5.0},{"damage":33.0,"enemies":"Book of Stabbing","floor":23.0,"turns":4.0},{"damage":0.0,"enemies":"Gremlin Leader","floor":25.0,"turns":5.0},{"damage":0.0,"enemies":"Spheric Guardian","floor":30.0,"turns":3.0},{"damage":11.0,"enemies":"Champ","floor":33.0,"turns":17.0},{"damage":0.0,"enemies":"3 Shapes","floor":35.0,"turns":2.0},{"damage":26.0,"enemies":"2 Orb Walkers","floor":36.0,"turns":4.0},{"damage":0.0,"enemies":"Orb Walker","floor":38.0,"turns":2.0},{"damage":0.0,"enemies":"Maw","floor":41.0,"turns":8.0},{"damage":20.0,"enemies":"Transient","floor":42.0,"turns":6.0},{"damage":0.0,"enemies":"Reptomancer","floor":44.0,"turns":5.0},{"damage":0.0,"enemies":"Nemesis","floor":46.0,"turns":5.0},{"damage":5.0,"enemies":"Giant Head","floor":48.0,"turns":7.0},{"damage":4.0,"enemies":"Time Eater","floor":50.0,"turns":17.0},{"damage":25.0,"enemies":"Awakened One","floor":51.0,"turns":14.0},{"damage":44,"enemies":"Shield and Spear","floor":55,"turns":7},{"damage":75,"enemies":"The Heart","floor":56,"turns":12}],"seed_played":"-1143596657433531448","potions_obtained":[{"floor":6.0,"key":"SteroidPotion"},{"floor":8.0,"key":"PowerPotion"},{"floor":18.0,"key":"AttackPotion"},{"floor":25.0,"key":"PowerPotion"},{"floor":36.0,"key":"Poison Potion"}],"is_trial":false,"path_per_floor":["M","?","M","$","?","E","?","M","T","E","M","E","R","E","R","B",null,"M","?","?","?","?","E","$","E","T","R","$","R","M","T","R","B",null,"M","?","$","M","?","R","M","M","T","E","R","E","$","E","R","B","B",null,"R","$","E","B"],"character_chosen":"DEFECT","items_purchased":["Doom and Gloom","Mummified Hand","Defragment","Coolheaded","Heatsinks","Capacitor","FTL"],"campfire_rested":1,"item_purchase_floors":[4,24,28,28,37,47,47],"current_hp_per_floor":[64,64,64,64,64,64,64,64,64,51,41,28,49,33,33,28,60,58,58,37,51,57,31,31,45,45,45,45,45,52,52,52,73,76,76,57,57,64,54,54,61,48,48,65,65,65,65,74,74,87,69,83,83,83,46,0],"gold":54,"neow_bonus":"THREE_ENEMY_KILL","is_prod":false,"is_daily":false,"chose_seed":false,"campfire_upgraded":7,"win_rate":0,"timestamp":1557463323,"path_taken":["M","?","M","$","?","E","?","M","T","E","M","E","R","E","R","BOSS","M","?","?","?","?","E","$","E","T","R","$","R","M","?","R","BOSS","M","?","$","M","?","R","M","M","T","E","R","E","?","E","R","BOSS","BOSS","R","$","E","BOSS"],"build_version":"2019-01-23","purchased_purges":3,"victory":false,"max_hp_per_floor":[71,71,71,71,71,71,71,71,71,71,71,71,71,71,71,71,71,71,71,71,71,77,77,77,77,77,77,77,77,77,77,77,77,77,77,77,77,77,77,77,77,77,77,87,87,87,87,87,87,87,87,87,87,87,87,87],"card_choices":[{"not_picked":["Hologram","Rebound"],"picked":"Cold Snap","floor":1.0},{"not_picked":["Tempest","Undo"],"picked":"Chill","floor":3.0},{"not_picked":["Steam","Darkness"],"picked":"Compile Driver","floor":6.0},{"not_picked":["Redo","Turbo"],"picked":"Ball Lightning","floor":8.0},{"not_picked":["Multi-Cast","Redo"],"picked":"Coolheaded","floor":10.0},{"not_picked":["Stack","Steam Power"],"picked":"Hologram","floor":11.0},{"not_picked":["Redo","Hologram"],"picked":"Sweeping Beam","floor":12.0},{"not_picked":["Redo","All For One","Go for the Eyes"],"picked":"SKIP","floor":14.0},{"not_picked":["Thunder Strike","Multi-Cast"],"picked":"Fission","floor":16.0},{"not_picked":["Barrage","Ball Lightning"],"picked":"Self Repair","floor":18.0},{"not_picked":["Leap","Steam Power+1"],"picked":"Coolheaded","floor":23.0},{"not_picked":["Chaos","Rebound"],"picked":"Compile Driver","floor":25.0},{"not_picked":["Fusion","All For One","Cold Snap+1"],"picked":"SKIP","floor":30.0},{"not_picked":["Go for the Eyes","Steam","Rebound"],"picked":"SKIP","floor":35.0},{"not_picked":["Rebound","Lockon"],"picked":"Hologram+1","floor":38.0},{"not_picked":["Thinking Ahead","Deep Breath"],"picked":"Dark Shackles","floor":39.0},{"not_picked":["Redo","Coolheaded"],"picked":"Go for the Eyes+1","floor":41.0},{"not_picked":["Turbo","Sweeping Beam"],"picked":"Hologram+1","floor":42.0},{"not_picked":["Reprogram","Stack+1","Cold Snap"],"picked":"Force Field+1","floor":44.0},{"not_picked":["Cold Snap+1","Fusion","Barrage"],"picked":"Compile Driver+1","floor":46.0},{"not_picked":["Gash","Rebound","Multi-Cast"],"picked":"Recycle+1","floor":48.0},{"not_picked":["Aggregate+1","Melter","Gash"],"picked":"Amplify","floor":55}],"player_experience":2297939,"relics_obtained":[{"floor":6.0,"key":"Bottled Flame"},{"floor":9.0,"key":"Pantograph"},{"floor":10.0,"key":"Darkstone Periapt"},{"floor":12.0,"key":"Cables"},{"floor":14.0,"key":"DataDisk"},{"floor":20.0,"key":"Enchiridion"},{"floor":23.0,"key":"War Paint"},{"floor":25.0,"key":"Smiling Mask"},{"floor":26.0,"key":"Art of War"},{"floor":36.0,"key":"Girya"},{"floor":43.0,"key":"Question Card"},{"floor":44.0,"key":"Pear"},{"floor":46.0,"key":"Kunai"},{"floor":48.0,"key":"Orichalcum"},{"floor":55,"key":"Symbiotic Virus"}],"event_choices":[{"cards_removed":["Strike_B"],"damage_healed":0.0,"max_hp_gain":0.0,"max_hp_loss":0.0,"gold_gain":0.0,"event_name":"The Cleric","player_choice":"Card Removal","floor":2.0,"gold_loss":75.0,"damage_taken":0.0},{"damage_healed":0.0,"max_hp_gain":0.0,"max_hp_loss":0.0,"gold_gain":0.0,"event_name":"Living Wall","player_choice":"Grow","floor":5.0,"gold_loss":0.0,"damage_taken":0.0,"cards_upgraded":["Zap"]},{"damage_healed":0.0,"max_hp_gain":0.0,"max_hp_loss":0.0,"gold_gain":0.0,"event_name":"Liars Game","player_choice":"Ignored","floor":7.0,"gold_loss":0.0,"damage_taken":0.0},{"damage_healed":0.0,"max_hp_gain":0.0,"max_hp_loss":0.0,"gold_gain":0.0,"cards_transformed":["Strike_B","Strike_B"],"event_name":"Drug Dealer","player_choice":"Became Test Subject","floor":19.0,"gold_loss":0.0,"damage_taken":0.0,"cards_obtained":["Buffer","Redo"]},{"damage_healed":0.0,"max_hp_gain":0.0,"max_hp_loss":0.0,"gold_gain":0.0,"event_name":"Cursed Tome","player_choice":"Obtained Book","floor":20.0,"gold_loss":0.0,"damage_taken":21.0},{"damage_healed":14.0,"max_hp_gain":0.0,"max_hp_loss":0.0,"gold_gain":0.0,"event_name":"The Library","player_choice":"Heal","floor":21.0,"gold_loss":0.0,"damage_taken":0.0},{"damage_healed":0.0,"max_hp_gain":0.0,"max_hp_loss":0.0,"gold_gain":0.0,"event_name":"The Mausoleum","player_choice":"Opened","floor":22.0,"gold_loss":0.0,"damage_taken":0.0,"relics_obtained":["PreservedInsect"],"cards_obtained":["Writhe"]},{"damage_healed":0.0,"max_hp_gain":0.0,"max_hp_loss":0.0,"gold_gain":0.0,"event_name":"Mysterious Sphere","player_choice":"Fight","floor":36.0,"gold_loss":0.0,"damage_taken":0.0},{"damage_healed":0.0,"max_hp_gain":0.0,"max_hp_loss":0.0,"gold_gain":0.0,"event_name":"SensoryStone","player_choice":"Memory 3","floor":39.0,"gold_loss":0.0,"damage_taken":10.0}],"is_beta":false,"boss_relics":[{"not_picked":["Tiny House","Snecko Eye"],"picked":"Philosopher\u0027s Stone"},{"not_picked":["Runic Dome","FrozenCore"],"picked":"Pandora\u0027s Box"}],"items_purged_floors":[37,47,54],"is_endless":false,"potions_floor_spawned":[6,8,14,18,25,30,36,44],"killed_by":"The Heart","ascension_level":20}