{"gold_per_floor":[115,132,142,161,175,175,208,133,133,133,133],"floor_reached":11,"playtime":386,"items_purged":["Defend_B"],"score":86,"play_id":"d975f4bb-bc8a-4c31-aec7-45d50b6ac040","local_time":"20180723085408","is_ascension_mode":true,"campfire_choices":[{"data":"Dualcast","floor":6,"key":"SMITH"},{"data":"Echo Form","floor":10,"key":"SMITH"}],"neow_cost":"NONE","seed_source_timestamp":208182318313373,"circlet_count":0,"master_deck":["Strike_B","Strike_B","Strike_B","Strike_B","Defend_B","Defend_B","Defend_B","Zap","Dualcast+1","Skim","Echo Form+1","Glacier","White Noise","Reprogram"],"relics":["Cracked Core","Bronze Scales","Bag of Preparation","Turnip"],"potions_floor_usage":[11],"damage_taken":[{"damage":1,"enemies":"Cultist","floor":1,"turns":4},{"damage":0,"enemies":"2 Louse","floor":2,"turns":3},{"damage":2,"enemies":"Jaw Worm","floor":3,"turns":3},{"damage":11,"enemies":"Looter","floor":4,"turns":3},{"damage":8,"enemies":"Large Slime","floor":5,"turns":6},{"damage":28,"enemies":"Gremlin Nob","floor":7,"turns":5},{"damage":35,"enemies":"Lagavulin","floor":11,"turns":3}],"seed_played":"5385169837026018043","potions_obtained":[{"floor":1,"key":"PowerPotion"},{"floor":5,"key":"SneckoOil"},{"floor":7,"key":"Energy Potion"}],"is_trial":false,"path_per_floor":["M","M","M","M","M","R","E","$","T","R"],"character_chosen":"DEFECT","items_purchased":[],"campfire_rested":0,"item_purchase_floors":[],"current_hp_per_floor":[74,74,72,61,53,53,25,25,25,25,0],"gold":133,"neow_bonus":"RANDOM_COMMON_RELIC","is_prod":false,"is_daily":false,"chose_seed":false,"campfire_upgraded":2,"win_rate":0,"timestamp":1532354048,"path_taken":["M","M","M","?","M","R","E","?","T","R","E"],"build_version":"2018-07-19","purchased_purges":1,"victory":false,"max_hp_per_floor":[75,75,75,75,75,75,75,75,75,75,75],"card_choices":[{"not_picked":["Sweeping Beam","Conserve Battery"],"picked":"Skim","floor":1},{"not_picked":["Streamline","Sunder","Conserve Battery"],"picked":"SKIP","floor":2},{"not_picked":["Steam Power","Skim"],"picked":"Echo Form","floor":3},{"not_picked":["Beam Cell","Go for the Eyes"],"picked":"Glacier","floor":4},{"not_picked":["Skim","Capacitor"],"picked":"White Noise","floor":5},{"not_picked":["Steam Power","Static Discharge"],"picked":"Reprogram","floor":7}],"player_experience":232658,"relics_obtained":[{"floor":7,"key":"Bag of Preparation"},{"floor":9,"key":"Turnip"}],"event_choices":[],"is_beta":true,"boss_relics":[],"items_purged_floors":[8],"is_endless":false,"potions_floor_spawned":[1,5,7],"killed_by":"Lagavulin","ascension_level":3}