{"gold_per_floor":[119,136,148,158,168,199,199,209,239,116,116,146,146,178,178,274,274,286,5,5,24,34,34,67,67,67,99,99,99],"floor_reached":29,"playtime":1481,"items_purged":["Strike_B"],"score":311,"play_id":"f69fdcf2-2da0-4b42-a06a-a88ca6a75cc6","local_time":"20180731135502","is_ascension_mode":true,"campfire_choices":[{"data":"Zap","floor":7,"key":"SMITH"},{"data":"Echo Form","floor":15,"key":"SMITH"},{"floor":23,"key":"REST"},{"floor":25,"key":"REST"},{"data":"Chaos","floor":28,"key":"SMITH"}],"neow_cost":"NONE","seed_source_timestamp":189323219708378,"circlet_count":0,"master_deck":["Strike_B","Strike_B","Strike_B","Defend_B","Defend_B","Defend_B","Defend_B","Zap+1","Dualcast","Rebound","Streamline","Cold Snap","Conserve Battery","Glacier","Stack","Echo Form+1","Capacitor","Seek","Cold Snap","Capacitor","White Noise","Coolheaded","Compile Driver+1","Hologram+1","Chaos+1"],"relics":["Cracked Core","Anchor","Regal Pillow","Tiny Chest","Bag of Preparation","Strawberry","Cursed Key","Art of War","Bottled Lightning","Peace Pipe"],"potions_floor_usage":[12,16,21,24,24],"damage_taken":[{"damage":1,"enemies":"Jaw Worm","floor":1,"turns":4},{"damage":0,"enemies":"2 Louse","floor":2,"turns":2},{"damage":1,"enemies":"Cultist","floor":3,"turns":3},{"damage":14,"enemies":"2 Fungi Beasts","floor":4,"turns":4},{"damage":4,"enemies":"Blue Slaver","floor":5,"turns":4},{"damage":9,"enemies":"3 Sentries","floor":6,"turns":8},{"damage":1,"enemies":"Large Slime","floor":8,"turns":6},{"damage":12,"enemies":"Gremlin Nob","floor":12,"turns":4},{"damage":6,"enemies":"Lagavulin","floor":14,"turns":7},{"damage":12,"enemies":"Slime Boss","floor":16,"turns":7},{"damage":15,"enemies":"Spheric Guardian","floor":18,"turns":5},{"damage":5,"enemies":"2 Thieves","floor":21,"turns":4},{"damage":28,"enemies":"Chosen and Byrds","floor":22,"turns":10},{"damage":42,"enemies":"Slavers","floor":24,"turns":6},{"damage":34,"enemies":"Book of Stabbing","floor":27,"turns":7},{"damage":45,"enemies":"Gremlin Leader","floor":29,"turns":4}],"seed_played":"4896348441983664792","potions_obtained":[{"floor":2,"key":"GamblersBrew"},{"floor":4,"key":"Poison Potion"},{"floor":12,"key":"Energy Potion"},{"floor":14,"key":"Block Potion"},{"floor":16,"key":"Weak Potion"},{"floor":22,"key":"FearPotion"},{"floor":27,"key":"SteroidPotion"}],"is_trial":false,"path_per_floor":["M","M","M","M","M","E","R","M","T","$","?","E","$","E","R","B",null,"M","$","?","M","M","R","E","R","T","E","R"],"character_chosen":"DEFECT","items_purchased":["Fire Potion","Art of War","Capacitor","Strength Potion"],"campfire_rested":2,"item_purchase_floors":[10,19,19,19],"current_hp_per_floor":[74,74,73,59,55,46,46,45,45,45,45,33,33,34,34,22,82,67,67,67,62,41,80,38,77,77,43,43,0],"gold":99,"neow_bonus":"RANDOM_COMMON_RELIC","is_prod":false,"is_daily":false,"chose_seed":false,"campfire_upgraded":3,"win_rate":1,"timestamp":1533056102,"path_taken":["M","M","M","M","M","E","R","M","T","$","?","E","$","E","R","BOSS","M","$","?","M","?","R","E","R","T","E","R","E"],"build_version":"2018-07-12","purchased_purges":1,"victory":false,"max_hp_per_floor":[75,75,75,75,75,75,75,75,75,75,75,75,75,82,82,82,82,82,82,82,82,82,82,82,82,82,82,82,82],"card_choices":[{"not_picked":["Gash","Hologram"],"picked":"Rebound","floor":1},{"not_picked":["Conserve Battery","Reinforced Body"],"picked":"Streamline","floor":2},{"not_picked":["Coolheaded","Barrage"],"picked":"Cold Snap","floor":3},{"not_picked":["Glacier","Beam Cell"],"picked":"Conserve Battery","floor":4},{"not_picked":["Conserve Battery","Biased Cognition"],"picked":"Glacier","floor":5},{"not_picked":["Sweeping Beam","Heatsinks","Hologram"],"picked":"SKIP","floor":6},{"not_picked":["Double Energy","Hologram"],"picked":"Stack","floor":8},{"not_picked":["Rebound","Barrage"],"picked":"Echo Form","floor":12},{"not_picked":["Go for the Eyes","Tempest"],"picked":"Capacitor","floor":14},{"not_picked":["All For One","Thunder Strike"],"picked":"Seek","floor":16},{"not_picked":["Lockon+1","Heatsinks+1"],"picked":"Cold Snap","floor":18},{"not_picked":["Barrage+1","Hologram"],"picked":"Coolheaded","floor":21},{"not_picked":["Lockon","Force Field"],"picked":"Compile Driver+1","floor":22},{"not_picked":["Reinforced Body","Compile Driver"],"picked":"Hologram+1","floor":24},{"not_picked":["Streamline","Genetic Algorithm"],"picked":"Chaos","floor":27}],"player_experience":412296,"relics_obtained":[{"floor":6,"key":"Regal Pillow"},{"floor":9,"key":"Tiny Chest"},{"floor":12,"key":"Bag of Preparation"},{"floor":14,"key":"Strawberry"},{"floor":24,"key":"Bottled Lightning"},{"floor":27,"key":"Peace Pipe"}],"event_choices":[{"event_name":"Dead Adventurer","player_choice":"Searched \u00270\u0027 times","floor":11,"damage_taken":0},{"event_name":"The Library","player_choice":"Read","floor":20,"damage_taken":0}],"boss_relics":[{"not_picked":["Runic Pyramid","Astrolabe"],"picked":"Cursed Key"}],"items_purged_floors":[10],"is_endless":false,"potions_floor_spawned":[2,4,12,14,16,22,27],"killed_by":"Gremlin Leader","ascension_level":2}