{"gold_per_floor":[117,18,18,18,30,30,8,43,68,68,97,47,47,59,59,155,155,169,184,28,39,54,86,86,100,100,15,15,32,32,42,42,42],"floor_reached":33,"playtime":737,"items_purged":["Defend_R"],"score":445,"play_id":"5e5224ef-09dc-4c48-a13e-cf273b98e366","local_time":"20190427205328","is_ascension_mode":true,"campfire_choices":[{"data":"Perfected Strike","floor":6,"key":"SMITH"},{"data":"Perfected Strike","floor":10,"key":"SMITH"},{"floor":13,"key":"REST"},{"data":"Perfected Strike","floor":15,"key":"SMITH"},{"data":"Perfected Strike","floor":24,"key":"SMITH"},{"data":"Dual Wield","floor":28,"key":"SMITH"},{"data":"Perfected Strike","floor":32,"key":"SMITH"}],"neow_cost":"NONE","seed_source_timestamp":387767044721005,"circlet_count":0,"master_deck":["Strike_R","Strike_R","Strike_R","Strike_R","Strike_R","Defend_R","Defend_R","Defend_R","Bash","Perfected Strike+1","Perfected Strike+1","Perfected Strike+1","Offering","Perfected Strike+1","Twin Strike","Armaments","Dual Wield+1","Twin Strike","Headbutt+1","Perfected Strike+1","Perfected Strike"],"relics":["Burning Blood","WarpedTongs","Du-Vu Doll","Juzu Bracelet","Gremlin Horn","Orrery","Bag of Marbles","Thread and Needle","Sundial","Regal Pillow"],"potions_floor_usage":[29,33],"damage_taken":[{"damage":18,"enemies":"Jaw Worm","floor":1,"turns":4},{"damage":5,"enemies":"Small Slimes","floor":5,"turns":2},{"damage":30,"enemies":"3 Sentries","floor":8,"turns":7},{"damage":38,"enemies":"Lagavulin","floor":11,"turns":4},{"damage":0,"enemies":"Cultist","floor":14,"turns":2},{"damage":6,"enemies":"Slime Boss","floor":16,"turns":4},{"damage":0,"enemies":"Spheric Guardian","floor":18,"turns":2},{"damage":2,"enemies":"Chosen","floor":19,"turns":3},{"damage":0,"enemies":"Snake Plant","floor":21,"turns":2},{"damage":15,"enemies":"Centurion and Healer","floor":22,"turns":4},{"damage":6,"enemies":"Gremlin Leader","floor":23,"turns":3},{"damage":0,"enemies":"Snecko","floor":25,"turns":2},{"damage":20,"enemies":"Snake Plant","floor":29,"turns":3},{"damage":8,"enemies":"Cultist and Chosen","floor":31,"turns":3},{"damage":81,"enemies":"Champ","floor":33,"turns":6}],"seed_played":"2704946103327167549","potions_obtained":[{"floor":1,"key":"LiquidBronze"},{"floor":5,"key":"Strength Potion"},{"floor":16,"key":"Ancient Potion"},{"floor":18,"key":"AttackPotion"},{"floor":21,"key":"Swift Potion"},{"floor":31,"key":"Swift Potion"}],"is_trial":false,"path_per_floor":["M","$","?","?","M","R","$","E","T","R","E","?","R","M","R","B",null,"M","M","$","M","M","E","R","M","T","?","R","M","?","M","R","B"],"character_chosen":"IRONCLAD","items_purchased":["Perfected Strike","Perfected Strike","Bag of Marbles"],"campfire_rested":1,"item_purchase_floors":[2,7,20],"current_hp_per_floor":[68,68,73,73,74,74,74,50,50,50,18,18,43,49,49,49,85,85,85,85,85,76,76,76,82,82,82,82,68,68,66,66,0],"gold":42,"neow_bonus":"THREE_CARDS","is_prod":false,"is_daily":false,"chose_seed":false,"campfire_upgraded":6,"win_rate":0,"timestamp":1556416408,"path_taken":["M","$","?","?","M","R","$","E","T","R","E","?","R","M","R","BOSS","M","M","$","M","M","E","R","M","T","?","R","M","?","M","R","BOSS"],"build_version":"2019-01-23","purchased_purges":1,"victory":false,"max_hp_per_floor":[80,80,85,85,85,85,85,85,85,85,85,85,85,85,85,85,85,85,85,85,85,85,85,85,85,85,85,85,85,85,85,85,85],"card_choices":[{"not_picked":["Heavy Blade","Evolve"],"picked":"Perfected Strike","floor":1},{"not_picked":["True Grit","Clothesline","Heavy Blade"],"picked":"SKIP","floor":5},{"not_picked":["Bloodletting","Sentinel"],"picked":"Offering","floor":8},{"not_picked":["Exhume","Ghostly Armor"],"picked":"Perfected Strike","floor":11},{"not_picked":["Feel No Pain","Power Through","Disarm"],"picked":"SKIP","floor":14},{"not_picked":["Uppercut","Metallicize"],"picked":"Twin Strike","floor":17},{"not_picked":["Cleave","Uppercut"],"picked":"Armaments","floor":17},{"not_picked":["Body Slam","Flame Barrier"],"picked":"Dual Wield","floor":18},{"not_picked":["Spot Weakness","Clothesline","Anger"],"picked":"SKIP","floor":19},{"not_picked":["Heavy Blade","Body Slam","Infernal Blade"],"picked":"SKIP","floor":21},{"not_picked":["Shrug It Off","Cleave","Demon Form"],"picked":"SKIP","floor":22},{"not_picked":["Iron Wave","Power Through"],"picked":"Twin Strike","floor":23},{"not_picked":["Metallicize","Corruption"],"picked":"Headbutt+1","floor":25},{"not_picked":["Iron Wave+1","Hemokinesis","Clothesline"],"picked":"SKIP","floor":29},{"not_picked":["Intimidate","Flex"],"picked":"Perfected Strike","floor":31}],"player_experience":113953,"relics_obtained":[{"floor":8,"key":"Du-Vu Doll"},{"floor":9,"key":"Juzu Bracelet"},{"floor":11,"key":"Gremlin Horn"},{"floor":23,"key":"Thread and Needle"},{"floor":26,"key":"Sundial"}],"event_choices":[{"damage_healed":0,"gold_gain":0,"player_choice":"Donut","damage_taken":0,"max_hp_gain":5,"max_hp_loss":0,"event_name":"Big Fish","floor":3,"gold_loss":0},{"damage_healed":0,"gold_gain":0,"player_choice":"Rummage","damage_taken":0,"relics_obtained":["WarpedTongs"],"max_hp_gain":0,"max_hp_loss":0,"event_name":"Accursed Blacksmith","floor":4,"gold_loss":0,"cards_obtained":["Pain"]},{"cards_removed":["Pain"],"damage_healed":0,"gold_gain":0,"player_choice":"Card Removal","damage_taken":0,"max_hp_gain":0,"max_hp_loss":0,"event_name":"The Cleric","floor":12,"gold_loss":50},{"damage_healed":0,"gold_gain":0,"player_choice":"Obtained Relic","damage_taken":0,"relics_obtained":["Regal Pillow"],"max_hp_gain":0,"max_hp_loss":0,"event_name":"Addict","floor":27,"gold_loss":85},{"damage_healed":0,"gold_gain":0,"player_choice":"Read","damage_taken":0,"max_hp_gain":0,"max_hp_loss":0,"event_name":"The Library","floor":30,"gold_loss":0,"cards_obtained":["Perfected Strike"]}],"is_beta":false,"boss_relics":[{"not_picked":["Runic Pyramid","Eternal Feather"],"picked":"Orrery"}],"items_purged_floors":[2],"is_endless":false,"potions_floor_spawned":[1,5,16,18,21,25,31],"killed_by":"Champ","ascension_level":4}