{"gold_per_floor":[16,16,16,16,16,16,34,34,46,58,80,92,129,152,164,176],"floor_reached":16,"playtime":307,"items_purged":[],"score":113,"play_id":"8560adb1-dea8-4e92-8536-3307f4589482","local_time":"20190416201709","is_ascension_mode":true,"campfire_choices":[{"floor":6,"key":"DIG"},{"floor":8,"key":"DIG"},{"floor":12,"key":"DIG"},{"floor":15,"key":"DIG"}],"neow_cost":"NO_GOLD","seed_source_timestamp":298467623506470,"circlet_count":0,"master_deck":["Strike_R","Strike_R","Strike_R+1","Strike_R+1","Defend_R","Defend_R","Defend_R","Defend_R","Bash+1"],"relics":["Burning Blood","Shovel","Frozen Egg 2","Lantern","MawBank","Mummified Hand","Centennial Puzzle","Peace Pipe","Pocketwatch"],"potions_floor_usage":[16],"damage_taken":[{"damage":0,"enemies":"2 Louse","floor":1,"turns":3},{"damage":0,"enemies":"Jaw Worm","floor":7,"turns":3},{"damage":0,"enemies":"Small Slimes","floor":11,"turns":2},{"damage":40,"enemies":"Lagavulin","floor":13,"turns":6},{"damage":4,"enemies":"Red Slaver","floor":14,"turns":4},{"damage":27,"enemies":"Hexaghost","floor":16,"turns":8}],"seed_played":"-7356205369913619668","potions_obtained":[{"floor":13,"key":"SkillPotion"},{"floor":14,"key":"SmokeBomb"}],"is_trial":false,"path_per_floor":["M","?","?","?","?","R","M","R","T","?","M","R","E","M","R","B"],"character_chosen":"IRONCLAD","items_purchased":[],"campfire_rested":0,"item_purchase_floors":[],"current_hp_per_floor":[80,80,64,46,46,46,52,52,52,52,58,58,24,26,26,0],"gold":176,"neow_bonus":"ONE_RARE_RELIC","is_prod":false,"is_daily":false,"chose_seed":false,"campfire_upgraded":0,"win_rate":0,"timestamp":1555463829,"path_taken":["M","?","?","?","?","R","M","R","T","?","?","R","E","M","R","BOSS"],"build_version":"2019-04-04","purchased_purges":0,"victory":false,"max_hp_per_floor":[80,80,80,80,80,80,80,80,80,80,80,80,80,80,80,80],"card_choices":[{"not_picked":["Sword Boomerang","Thunderclap","Havoc"],"picked":"SKIP","floor":1},{"not_picked":["Flex","Body Slam","Clothesline"],"picked":"SKIP","floor":7},{"not_picked":["Pommel Strike","Headbutt","Body Slam"],"picked":"SKIP","floor":11},{"not_picked":["Anger","Ghostly Armor","Offering"],"picked":"SKIP","floor":13},{"not_picked":["Twin Strike","Blood for Blood","Ghostly Armor"],"picked":"SKIP","floor":14}],"player_experience":264363,"relics_obtained":[{"floor":6,"key":"Lantern"},{"floor":8,"key":"MawBank"},{"floor":9,"key":"Mummified Hand"},{"floor":12,"key":"Centennial Puzzle"},{"floor":13,"key":"Peace Pipe"},{"floor":15,"key":"Pocketwatch"}],"event_choices":[{"damage_healed":0,"gold_gain":0,"player_choice":"Leave","damage_taken":0,"max_hp_gain":0,"max_hp_loss":0,"event_name":"The Cleric","floor":2,"gold_loss":0},{"damage_healed":0,"gold_gain":0,"player_choice":"Entered Light","damage_taken":16,"max_hp_gain":0,"max_hp_loss":0,"event_name":"Shining Light","floor":3,"gold_loss":0,"cards_upgraded":["Strike_R","Strike_R"]},{"damage_healed":0,"gold_gain":0,"player_choice":"Success","damage_taken":18,"relics_obtained":["Frozen Egg 2"],"max_hp_gain":0,"max_hp_loss":0,"event_name":"Scrap Ooze","floor":4,"gold_loss":0},{"cards_removed":["Strike_R"],"damage_healed":0,"gold_gain":0,"player_choice":"Forget","damage_taken":0,"max_hp_gain":0,"max_hp_loss":0,"event_name":"Living Wall","floor":5,"gold_loss":0},{"damage_healed":0,"gold_gain":0,"player_choice":"Forge","damage_taken":0,"max_hp_gain":0,"max_hp_loss":0,"event_name":"Accursed Blacksmith","floor":10,"gold_loss":0,"cards_upgraded":["Bash"]}],"is_beta":true,"boss_relics":[],"items_purged_floors":[],"is_endless":false,"potions_floor_spawned":[13,14],"killed_by":"Hexaghost","ascension_level":3}