{"gold_per_floor":[112,125,141,153,167,198,198,225,225,240,253,268,279,88,88,185,185,205,304,136,120,120,150,25,25,50,66,66,66,16,16,16,16],"floor_reached":33,"playtime":1093,"items_purged":["Strike_B","Strike_B","Strike_B"],"score":469,"play_id":"d7b6dff1-028e-4e17-93d9-435a42562b7b","local_time":"20180803182535","is_ascension_mode":true,"campfire_choices":[{"floor":7,"key":"REST"},{"data":"Zap","floor":15,"key":"SMITH"},{"floor":25,"key":"REST"},{"floor":32,"key":"REST"}],"neow_cost":"NONE","seed_source_timestamp":21946933953568,"circlet_count":0,"master_deck":["Defend_B","Defend_B","Defend_B","Defend_B","Zap+1","Dualcast","White Noise","Rebound+1","Ball Lightning","Self Repair","Conserve Battery","Ball Lightning","Leap","Cold Snap","Glacier","Sunder","Machine Learning","Capacitor","Go for the Eyes","Bite","Bite","Bite","Bite","Bite","Leap"],"relics":["Cracked Core","Cables","Whetstone","Darkstone Periapt","Sozu","Dodecahedron","Centennial Puzzle","Bottled Flame"],"potions_floor_usage":[6,11,16,23,33,33],"damage_taken":[{"damage":0,"enemies":"Small Slimes","floor":1,"turns":3},{"damage":2,"enemies":"Jaw Worm","floor":2,"turns":3},{"damage":3,"enemies":"2 Louse","floor":3,"turns":3},{"damage":11,"enemies":"Looter","floor":4,"turns":4},{"damage":13,"enemies":"2 Fungi Beasts","floor":5,"turns":4},{"damage":28,"enemies":"Gremlin Nob","floor":6,"turns":4},{"damage":19,"enemies":"3 Sentries","floor":8,"turns":5},{"damage":4,"enemies":"Blue Slaver","floor":10,"turns":3},{"damage":2,"enemies":"3 Louse","floor":11,"turns":3},{"damage":11,"enemies":"Gremlin Gang","floor":12,"turns":5},{"damage":4,"enemies":"Looter","floor":13,"turns":3},{"damage":0,"enemies":"Hexaghost","floor":16,"turns":9},{"damage":5,"enemies":"Shell Parasite","floor":18,"turns":7},{"damage":22,"enemies":"2 Thieves","floor":21,"turns":4},{"damage":48,"enemies":"Slavers","floor":23,"turns":5},{"damage":31,"enemies":"Chosen and Byrds","floor":27,"turns":6},{"damage":80,"enemies":"Champ","floor":33,"turns":10}],"seed_played":"8327778495405293445","potions_obtained":[{"floor":2,"key":"Poison Potion"},{"floor":4,"key":"Fire Potion"},{"floor":8,"key":"SpeedPotion"},{"floor":13,"key":"Dexterity Potion"},{"floor":16,"key":"GamblersBrew"}],"is_trial":false,"path_per_floor":["M","M","M","M","M","E","R","E","T","M","M","M","M","$","R","B",null,"M","?","$","M","?","E","$","R","T","M","$","?","$","T","R"],"character_chosen":"DEFECT","items_purchased":["Glacier","Sunder","Capacitor","Leap"],"campfire_rested":3,"item_purchase_floors":[14,14,20,30],"current_hp_per_floor":[68,66,63,52,39,25,47,35,35,31,36,25,28,28,28,35,65,67,67,67,52,52,11,11,33,33,9,9,9,9,9,24,0],"gold":16,"neow_bonus":"THREE_SMALL_POTIONS","is_prod":false,"is_daily":false,"chose_seed":false,"campfire_upgraded":1,"win_rate":0,"timestamp":1533331535,"path_taken":["M","M","M","M","M","E","R","E","T","M","M","M","M","$","R","BOSS","M","?","$","M","?","E","$","R","T","M","?","?","$","?","R","BOSS"],"build_version":"2018-07-12","purchased_purges":3,"victory":false,"max_hp_per_floor":[75,75,75,75,75,75,75,75,75,75,75,75,75,75,75,75,75,75,75,75,75,75,75,75,75,75,75,75,52,52,52,52,52],"card_choices":[{"not_picked":["Coolheaded","Rebound"],"picked":"White Noise","floor":1},{"not_picked":["Rebound","Redo","Turbo"],"picked":"SKIP","floor":2},{"not_picked":["Redo","Turbo"],"picked":"Rebound","floor":2},{"not_picked":["Gash","Turbo","Steam Power"],"picked":"SKIP","floor":3},{"not_picked":["Gash","Turbo","Steam Power"],"picked":"SKIP","floor":3},{"not_picked":["Go for the Eyes","Double Energy"],"picked":"Ball Lightning","floor":4},{"not_picked":["Core Surge","Redo"],"picked":"Self Repair","floor":5},{"not_picked":["Steam Power","Self Repair"],"picked":"Conserve Battery","floor":6},{"not_picked":["Lockon","Compile Driver"],"picked":"Ball Lightning","floor":8},{"not_picked":["Rip and Tear","Barrage"],"picked":"Leap","floor":10},{"not_picked":["Rebound","Auto Shields"],"picked":"Cold Snap","floor":11},{"not_picked":["Streamline","Double Energy","Gash"],"picked":"SKIP","floor":12},{"not_picked":["Barrage","Amplify","Recycle"],"picked":"SKIP","floor":13},{"not_picked":["Meteor Strike","Amplify"],"picked":"Machine Learning","floor":16},{"not_picked":["Reprogram","Hologram","Barrage+1"],"picked":"SKIP","floor":18},{"not_picked":["Reprogram","Hologram","Barrage+1"],"picked":"SKIP","floor":18},{"not_picked":["Blizzard","Recycle"],"picked":"Go for the Eyes","floor":21},{"not_picked":["Beam Cell+1","Thunder Strike","Turbo"],"picked":"SKIP","floor":23},{"not_picked":["Beam Cell+1","Thunder Strike","Turbo"],"picked":"SKIP","floor":23},{"not_picked":["Rebound","Sweeping Beam","Ball Lightning"],"picked":"SKIP","floor":27}],"player_experience":450259,"relics_obtained":[{"floor":6,"key":"Cables"},{"floor":8,"key":"Whetstone"},{"floor":9,"key":"Darkstone Periapt"},{"floor":23,"key":"Dodecahedron"},{"floor":26,"key":"Centennial Puzzle"},{"floor":31,"key":"Bottled Flame"}],"event_choices":[{"event_name":"Nest","player_choice":"Stole From Cult","floor":19,"damage_taken":0},{"event_name":"Ghosts","player_choice":"Ignored","floor":22,"damage_taken":0},{"event_name":"Vampires","player_choice":"Became a vampire","floor":29,"damage_taken":0}],"boss_relics":[{"not_picked":["Eternal Feather","Runic Pyramid"],"picked":"Sozu"}],"items_purged_floors":[14,20,24],"is_endless":false,"potions_floor_spawned":[2,4,8,10,13,16,18],"killed_by":"Champ","ascension_level":7}