{"gold_per_floor":[115,80,98,24,39,39,65,82,382,400,426,426,445,457,457,457],"floor_reached":16,"playtime":582,"items_purged":[],"score":154,"play_id":"1b067a36-b36b-4100-9671-6bc90e332a87","local_time":"20180803160215","is_ascension_mode":true,"campfire_choices":[{"data":"Zap","floor":6.0,"key":"SMITH"},{"floor":12,"key":"REST"},{"data":"Go for the Eyes","floor":15,"key":"SMITH"}],"neow_cost":"NONE","seed_source_timestamp":8453702872769,"circlet_count":0,"master_deck":["Strike_B","Strike_B","Strike_B","Strike_B","Defend_B","Defend_B","Defend_B","Defend_B","Zap+1","Dualcast","Go for the Eyes+1","Scrape","Capacitor","Gash","Gash","Self Repair","Conserve Battery","Capacitor","Cold Snap","Ball Lightning"],"special_seed":0,"relics":["Cracked Core","Question Card","Old Coin","Sundial"],"potions_floor_usage":[7,7,13,16],"damage_taken":[{"damage":0.0,"enemies":"Small Slimes","floor":1.0,"turns":3.0},{"damage":4.0,"enemies":"Jaw Worm","floor":3.0,"turns":4.0},{"damage":9.0,"enemies":"Cultist","floor":5.0,"turns":4.0},{"damage":20,"enemies":"Gremlin Nob","floor":7,"turns":4},{"damage":7,"enemies":"Blue Slaver","floor":8,"turns":3},{"damage":14,"enemies":"Red Slaver","floor":10,"turns":3},{"damage":25,"enemies":"3 Sentries","floor":11,"turns":8},{"damage":6,"enemies":"2 Fungi Beasts","floor":13,"turns":4},{"damage":8,"enemies":"Blue Slaver","floor":14,"turns":4},{"damage":31,"enemies":"The Guardian","floor":16,"turns":8}],"seed_played":"-8186090225603425314","potions_obtained":[{"floor":5.0,"key":"Block Potion"},{"floor":10,"key":"Energy Potion"},{"floor":11,"key":"Block Potion"},{"floor":14,"key":"EssenceOfSteel"}],"is_trial":false,"path_per_floor":["M","?","M","$","M","R","E","M","T","M","E","R","M","M","R"],"character_chosen":"DEFECT","items_purchased":["Capacitor"],"campfire_rested":1,"item_purchase_floors":[4],"current_hp_per_floor":[68,75,71,71,62,62,42,35,35,28,3,25,26,25,25,0],"gold":457,"neow_bonus":"THREE_SMALL_POTIONS","is_prod":false,"is_daily":false,"chose_seed":false,"campfire_upgraded":2,"win_rate":0,"timestamp":1533322935,"path_taken":["M","?","M","$","M","R","E","M","T","M","E","R","?","M","R","BOSS"],"build_version":"2018-07-12","purchased_purges":0,"victory":false,"max_hp_per_floor":[75,75,75,75,75,75,75,75,75,75,75,75,75,75,75,75],"card_choices":[{"not_picked":["Sweeping Beam","Coolheaded"],"picked":"Go for the Eyes","floor":1.0},{"not_picked":["Stack","Barrage"],"picked":"Scrape","floor":3.0},{"not_picked":["Turbo","Barrage"],"picked":"Gash","floor":5.0},{"not_picked":["Barrage","Skim"],"picked":"Gash","floor":7},{"not_picked":["Go for the Eyes","Beam Cell","Barrage"],"picked":"Self Repair","floor":8},{"not_picked":["Creative AI","Rip and Tear","Hologram"],"picked":"Conserve Battery","floor":10},{"not_picked":["Hologram","Cold Snap","Sweeping Beam"],"picked":"Capacitor","floor":11},{"not_picked":["Streamline","Hello World","Rebound"],"picked":"Cold Snap","floor":13},{"not_picked":["Lockon","Streamline","Redo"],"picked":"Ball Lightning","floor":14}],"player_experience":442262,"relics_obtained":[{"floor":7,"key":"Question Card"},{"floor":9,"key":"Old Coin"},{"floor":11,"key":"Sundial"}],"event_choices":[{"event_name":"The Cleric","player_choice":"Healed","floor":2.0,"damage_taken":0.0}],"boss_relics":[],"items_purged_floors":[],"is_endless":false,"potions_floor_spawned":[3,5,10,11,14],"killed_by":"The Guardian","ascension_level":7}