{"gold_per_floor":[367,380,36,55,69,95,95,95,95,108,123,123,48,65,65,140,140,159,259,270,286,8,8,8,26,95,108,108,108,108,108,108,108],"floor_reached":33,"playtime":971,"items_purged":["Strike_R","Strike_R"],"score":498,"play_id":"33e248e7-d5aa-47f3-be5e-ac7b1bdcfcf5","local_time":"20190227002845","is_ascension_mode":true,"campfire_choices":[{"data":"Carnage","floor":7.0,"key":"SMITH"},{"data":"True Grit","floor":12.0,"key":"SMITH"},{"data":"Bash","floor":15.0,"key":"SMITH"},{"data":"Body Slam","floor":23.0,"key":"SMITH"},{"data":"Entrench","floor":28.0,"key":"SMITH"},{"data":"Dark Embrace","floor":30.0,"key":"SMITH"},{"data":"Sword Boomerang","floor":32.0,"key":"SMITH"}],"neow_cost":"PERCENT_DAMAGE","seed_source_timestamp":523818324242847,"circlet_count":0,"master_deck":["AscendersBane","Strike_R","Strike_R","Defend_R","Defend_R","Defend_R","Defend_R","Bash+1","Ghostly Armor","Shrug It Off","Carnage+1","Burning Pact","Wild Strike","True Grit+1","Battle Trance","Dark Embrace+1","Body Slam+1","Sword Boomerang+1","Offering","Shrug It Off","Writhe","Entrench+1"],"special_seed":0,"relics":["Burning Blood","Medical Kit","Charon\u0027s Ashes","Singing Bowl","Nunchaku","Velvet Choker","Du-Vu Doll","Dodecahedron","Bag of Preparation","Self Forming Clay","Enchiridion","Molten Egg 2"],"potions_floor_usage":[],"damage_taken":[{"damage":11.0,"enemies":"Small Slimes","floor":1.0,"turns":5.0},{"damage":6.0,"enemies":"Jaw Worm","floor":2.0,"turns":6.0},{"damage":5.0,"enemies":"2 Louse","floor":4.0,"turns":3.0},{"damage":12.0,"enemies":"Exordium Wildlife","floor":5.0,"turns":7.0},{"damage":50.0,"enemies":"3 Sentries","floor":6.0,"turns":16.0},{"damage":0.0,"enemies":"Looter","floor":10.0,"turns":3.0},{"damage":0.0,"enemies":"3 Louse","floor":11.0,"turns":4.0},{"damage":4.0,"enemies":"Exordium Thugs","floor":14.0,"turns":4.0},{"damage":16.0,"enemies":"Hexaghost","floor":16.0,"turns":8.0},{"damage":0.0,"enemies":"2 Thieves","floor":18.0,"turns":4.0},{"damage":14.0,"enemies":"Colosseum Slavers","floor":19.0,"turns":3.0},{"damage":8.0,"enemies":"Colosseum Nobs","floor":19.0,"turns":4.0},{"damage":0.0,"enemies":"3 Byrds","floor":20.0,"turns":7.0},{"damage":25.0,"enemies":"Snake Plant","floor":21.0,"turns":4.0},{"damage":6.0,"enemies":"Snecko","floor":25.0,"turns":2.0},{"damage":15.0,"enemies":"Shelled Parasite and Fungi","floor":27.0,"turns":3.0},{"damage":0,"enemies":"Collector","floor":33,"turns":1}],"seed_played":"2015016058762487424","potions_obtained":[{"floor":1.0,"key":"Swift Potion"},{"floor":5.0,"key":"FairyPotion"},{"floor":6.0,"key":"Explosive Potion"},{"floor":11.0,"key":"Strength Potion"},{"floor":16.0,"key":"FearPotion"},{"floor":18.0,"key":"LiquidBronze"},{"floor":21.0,"key":"GamblersBrew"},{"floor":25.0,"key":"Strength Potion"},{"floor":27.0,"key":"Swift Potion"}],"is_trial":false,"path_per_floor":["M","M","$","M","M","E","R","?","T","M","M","R","?","M","R","B",null,"M","?","M","M","$","R","?","M","T","M","R","?","R","T","R","B"],"character_chosen":"IRONCLAD","items_purchased":["Carnage","Medical Kit","Offering","Shrug It Off"],"campfire_rested":0,"item_purchase_floors":[3,3,22,22],"current_hp_per_floor":[45,45,45,46,40,8,8,3,3,9,15,15,15,19,19,9,60,66,56,64,47,47,47,47,49,49,40,40,19,19,19,19,19],"gold":108,"neow_bonus":"TWO_FIFTY_GOLD","is_prod":false,"is_daily":false,"chose_seed":false,"campfire_upgraded":7,"win_rate":0,"timestamp":1551198525,"path_taken":["M","M","$","M","M","E","R","?","T","M","M","R","?","M","R","BOSS","M","?","M","M","$","R","?","M","T","?","R","?","R","?","R","BOSS"],"build_version":"2019-01-23","purchased_purges":2,"victory":false,"max_hp_per_floor":[75,75,75,75,75,75,75,75,75,75,75,75,75,77,77,77,77,77,77,79,81,81,81,81,83,83,83,83,83,83,83,83,83],"card_choices":[{"not_picked":["Twin Strike","Pummel"],"picked":"Ghostly Armor","floor":1.0},{"not_picked":["Sentinel","Reckless Charge"],"picked":"Shrug It Off","floor":2.0},{"not_picked":["Fire Breathing","Clothesline","Perfected Strike"],"picked":"SKIP","floor":4.0},{"not_picked":["Clothesline","Rage"],"picked":"Burning Pact","floor":5.0},{"not_picked":["Fire Breathing","Pummel"],"picked":"Wild Strike","floor":6.0},{"not_picked":["Dropkick","Combust"],"picked":"True Grit","floor":10.0},{"not_picked":["Immolate","Warcry"],"picked":"Battle Trance","floor":11.0},{"not_picked":["Shrug It Off","Cleave","Flex"],"picked":"Singing Bowl","floor":14.0},{"not_picked":["Demon Form","Brutality"],"picked":"Dark Embrace","floor":16.0},{"not_picked":["Shrug It Off","Iron Wave"],"picked":"Body Slam","floor":18.0},{"not_picked":["Warcry","Rage"],"picked":"Sword Boomerang","floor":19.0},{"not_picked":["Twin Strike","Sword Boomerang","Infernal Blade"],"picked":"Singing Bowl","floor":20.0},{"not_picked":["Pommel Strike","Intimidate","Headbutt"],"picked":"Singing Bowl","floor":21.0},{"not_picked":["Whirlwind","Thunderclap","Cleave"],"picked":"Singing Bowl","floor":25.0},{"not_picked":["True Grit","Thunderclap"],"picked":"Entrench","floor":27.0}],"player_experience":1079112,"relics_obtained":[{"floor":6.0,"key":"Charon\u0027s Ashes"},{"floor":9.0,"key":"Nunchaku"},{"floor":19.0,"key":"Du-Vu Doll"},{"floor":19.0,"key":"Dodecahedron"},{"floor":26.0,"key":"Self Forming Clay"},{"floor":29.0,"key":"Enchiridion"},{"floor":31.0,"key":"Molten Egg 2"}],"event_choices":[{"damage_healed":0.0,"max_hp_gain":0.0,"max_hp_loss":0.0,"gold_gain":0.0,"event_name":"Scrap Ooze","player_choice":"Success","floor":8.0,"gold_loss":0.0,"damage_taken":5.0,"relics_obtained":["Singing Bowl"]},{"cards_removed":["Strike_R"],"damage_healed":0.0,"max_hp_gain":0.0,"max_hp_loss":0.0,"gold_gain":0.0,"event_name":"The Cleric","player_choice":"Card Removal","floor":13.0,"gold_loss":75.0,"damage_taken":0.0},{"damage_healed":0.0,"max_hp_gain":0.0,"max_hp_loss":0.0,"gold_gain":0.0,"event_name":"Colosseum","player_choice":"Fight","floor":19.0,"gold_loss":0.0,"damage_taken":0.0},{"damage_healed":0.0,"max_hp_gain":0.0,"max_hp_loss":0.0,"gold_gain":0.0,"event_name":"Colosseum","player_choice":"Fought Nobs","floor":19.0,"gold_loss":0.0,"damage_taken":0.0},{"damage_healed":0.0,"max_hp_gain":0.0,"max_hp_loss":0.0,"gold_gain":0.0,"event_name":"The Mausoleum","player_choice":"Opened","floor":24.0,"gold_loss":0.0,"damage_taken":0.0,"relics_obtained":["Bag of Preparation"],"cards_obtained":["Writhe"]},{"damage_healed":0.0,"max_hp_gain":0.0,"max_hp_loss":0.0,"gold_gain":0.0,"event_name":"Cursed Tome","player_choice":"Obtained Book","floor":29.0,"gold_loss":0.0,"damage_taken":21.0}],"is_beta":false,"boss_relics":[{"not_picked":["Orrery","Black Blood"],"picked":"Velvet Choker"}],"items_purged_floors":[3,22],"is_endless":false,"potions_floor_spawned":[1,5,6,11,16,18,21,25,27],"killed_by":"Collector","ascension_level":20}