{"gold_per_floor":[361,85,85,50,50,50,90,141,164,227,227,272,112,167,167,317,317,330,363,363,417,456,491,491,540,567,567,567,614,614,673,673,774,774,791,791,411,411,464,515,533,578,578,630,670,670,670,725,725,725],"floor_reached":51,"playtime":3910,"items_purged":["Writhe","Decay"],"score":951,"play_id":"c26c0bfb-769d-461f-a397-9bb5ac769f91","local_time":"20190516110727","is_ascension_mode":false,"campfire_choices":[{"data":"Sunder","floor":6.0,"key":"SMITH"},{"data":"Conserve Battery","floor":11.0,"key":"SMITH"},{"data":"Buffer","floor":15.0,"key":"SMITH"},{"data":"Defragment","floor":27.0,"key":"SMITH"},{"data":"Static Discharge","floor":30.0,"key":"SMITH"},{"data":"Consume","floor":32.0,"key":"SMITH"},{"data":"Discovery","floor":46.0,"key":"SMITH"},{"data":"Mind Blast","floor":49.0,"key":"SMITH"}],"neow_cost":"CURSE","seed_source_timestamp":1056553233771700,"circlet_count":0,"master_deck":["Strike_B","Strike_B","Strike_B","Strike_B","Defend_B","Defend_B","Defend_B","Defend_B+1","Zap","Dualcast","Sunder+1","HandOfGreed","Conserve Battery+1","Reprogram+1","Turbo","Defragment+1","Buffer+1","Conserve Battery","Seek","Ball Lightning","Steam+1","Beam Cell+1","Sweeping Beam","Self Repair","Static Discharge+1","Cold Snap","Consume+1","Biased Cognition","Defragment+1","Coolheaded","Discovery+1","Cold Snap+1","Undo","Go for the Eyes+1","Hologram+1","Shame","Go for the Eyes+1","Hologram+1","Secret Technique","PanicButton","Mind Blast+1","Glacier"],"special_seed":0,"relics":["FrozenCore","Bloody Idol","Ancient Tea Set","Centennial Puzzle","Regal Pillow","Art of War","Cursed Key","Calipers","Happy Flower","PreservedInsect","Bag of Preparation","Dodecahedron","War Paint","Smiling Mask","Lantern","Shuriken","Vajra"],"potions_floor_usage":[50,50],"damage_taken":[{"damage":1.0,"enemies":"Jaw Worm","floor":1.0,"turns":3.0},{"damage":2.0,"enemies":"2 Louse","floor":7.0,"turns":4.0},{"damage":8.0,"enemies":"Gremlin Nob","floor":10.0,"turns":3.0},{"damage":0.0,"enemies":"Cultist","floor":12.0,"turns":2.0},{"damage":5.0,"enemies":"Lagavulin","floor":14.0,"turns":6.0},{"damage":13.0,"enemies":"The Guardian","floor":16.0,"turns":11.0},{"damage":0.0,"enemies":"Spheric Guardian","floor":18.0,"turns":2.0},{"damage":8.0,"enemies":"Shell Parasite","floor":19.0,"turns":7.0},{"damage":13.0,"enemies":"Centurion and Healer","floor":21.0,"turns":7.0},{"damage":15.0,"enemies":"Snake Plant","floor":22.0,"turns":5.0},{"damage":0.0,"enemies":"Gremlin Leader","floor":23.0,"turns":8.0},{"damage":22.0,"enemies":"Slavers","floor":25.0,"turns":5.0},{"damage":9.0,"enemies":"Gremlin Leader","floor":29.0,"turns":6.0},{"damage":9.0,"enemies":"Shelled Parasite and Fungi","floor":31.0,"turns":9.0},{"damage":38.0,"enemies":"Champ","floor":33.0,"turns":10.0},{"damage":10.0,"enemies":"Orb Walker","floor":35.0,"turns":9.0},{"damage":0.0,"enemies":"3 Shapes","floor":39.0,"turns":6.0},{"damage":0.0,"enemies":"Reptomancer","floor":40.0,"turns":7.0},{"damage":0.0,"enemies":"Transient","floor":41.0,"turns":5.0},{"damage":0.0,"enemies":"Nemesis","floor":42.0,"turns":11.0},{"damage":0.0,"enemies":"Giant Head","floor":44.0,"turns":7.0},{"damage":0.0,"enemies":"3 Darklings","floor":45.0,"turns":6.0},{"damage":2.0,"enemies":"Jaw Worm Horde","floor":48.0,"turns":7.0},{"damage":0,"enemies":"Awakened One","floor":50,"turns":35}],"seed_played":"-1141638337295701677","potions_obtained":[{"floor":12.0,"key":"FairyPotion"},{"floor":16.0,"key":"SpeedPotion"},{"floor":18.0,"key":"Weak Potion"},{"floor":25.0,"key":"Swift Potion"},{"floor":31.0,"key":"Weak Potion"},{"floor":33.0,"key":"EssenceOfSteel"},{"floor":35.0,"key":"Explosive Potion"},{"floor":39.0,"key":"GamblersBrew"},{"floor":41.0,"key":"Weak Potion"},{"floor":48.0,"key":"Dexterity Potion"}],"is_trial":false,"path_per_floor":["M","$","?","?","$","R","M","T","T","E","R","M","$","E","R","B",null,"M","M","?","M","M","E","?","E","T","R","T","E","R","M","R","B",null,"M","?","$","?","M","E","M","E","T","E","M","R","?","M","R","B",null],"character_chosen":"DEFECT","items_purchased":["HandOfGreed","Conserve Battery","Buffer","War Paint","Coolheaded","Discovery"],"campfire_rested":0,"item_purchase_floors":[2,2,13,37,37,37],"current_hp_per_floor":[74,74,56,74,74,74,72,72,72,64,64,64,64,59,59,46,75,75,67,67,69,64,69,69,64,69,69,69,75,75,75,75,49,75,75,75,75,75,75,75,75,75,75,75,75,75,65,75,75,75],"gold":725,"neow_bonus":"TWO_FIFTY_GOLD","is_prod":false,"is_daily":false,"chose_seed":false,"campfire_upgraded":8,"win_rate":0,"timestamp":1558030047,"path_taken":["M","$","?","?","?","R","M","?","T","E","R","M","$","E","R","BOSS","M","M","?","M","M","E","?","E","T","R","?","E","R","?","R","BOSS","M","?","?","?","M","E","M","E","T","E","?","R","?","M","R","BOSS"],"build_version":"2019-01-23","purchased_purges":2,"victory":true,"max_hp_per_floor":[75,75,75,75,75,75,75,75,75,75,75,75,75,75,75,75,75,75,75,75,75,75,75,75,75,75,75,75,75,75,75,75,75,75,75,75,75,75,75,75,75,75,75,75,75,75,75,75,75,75],"card_choices":[{"not_picked":["Streamline","Melter"],"picked":"Sunder","floor":1.0},{"not_picked":["Fusion","Aggregate"],"picked":"Reprogram","floor":7.0},{"not_picked":["FTL","Hologram"],"picked":"Turbo","floor":10.0},{"not_picked":["Static Discharge","Gash"],"picked":"Defragment","floor":12.0},{"not_picked":["Stack","Steam Power"],"picked":"Conserve Battery","floor":14.0},{"not_picked":["Rainbow","Buffer"],"picked":"Seek","floor":16.0},{"not_picked":["Fusion","Sunder"],"picked":"Ball Lightning","floor":18.0},{"not_picked":["Chaos+1","Compile Driver"],"picked":"Steam+1","floor":19.0},{"not_picked":["Stack","Steam"],"picked":"Beam Cell+1","floor":21.0},{"not_picked":["Streamline","Rip and Tear"],"picked":"Sweeping Beam","floor":22.0},{"not_picked":["Streamline","Tempest"],"picked":"Self Repair","floor":23.0},{"not_picked":["Buffer","Leap+1"],"picked":"Static Discharge","floor":25.0},{"not_picked":["Ball Lightning","Blizzard"],"picked":"Cold Snap","floor":29.0},{"not_picked":["Chill+1","Redo"],"picked":"Consume","floor":31.0},{"not_picked":["All For One","Meteor Strike"],"picked":"Biased Cognition","floor":33.0},{"not_picked":["Scrape+1","Ball Lightning+1"],"picked":"Defragment","floor":35.0},{"not_picked":["Rebound","Sweeping Beam"],"picked":"Cold Snap+1","floor":39.0},{"not_picked":["Steam+1","Self Repair+1"],"picked":"Undo","floor":40.0},{"not_picked":["Ball Lightning+1","Cold Snap+1"],"picked":"Go for the Eyes+1","floor":41.0},{"not_picked":["Rebound+1","Self Repair"],"picked":"Hologram+1","floor":42.0},{"not_picked":["Rainbow","Turbo+1"],"picked":"Go for the Eyes+1","floor":44.0},{"not_picked":["Stack","Beam Cell"],"picked":"Hologram+1","floor":45.0},{"not_picked":["Dramatic Entrance","Chrysalis"],"picked":"Secret Technique","floor":47.0},{"not_picked":["Transmutation","Violence"],"picked":"PanicButton","floor":47.0},{"not_picked":["Good Instincts","Chrysalis"],"picked":"Mind Blast","floor":47.0},{"not_picked":["Cold Snap+1","Stack+1"],"picked":"Glacier","floor":48.0}],"player_experience":797735,"relics_obtained":[{"floor":8.0,"key":"Ancient Tea Set"},{"floor":9.0,"key":"Centennial Puzzle"},{"floor":10.0,"key":"Regal Pillow"},{"floor":14.0,"key":"Art of War"},{"floor":23.0,"key":"Calipers"},{"floor":25.0,"key":"Happy Flower"},{"floor":26.0,"key":"PreservedInsect"},{"floor":28.0,"key":"Bag of Preparation"},{"floor":29.0,"key":"Dodecahedron"},{"floor":40.0,"key":"Smiling Mask"},{"floor":42.0,"key":"Lantern"},{"floor":43.0,"key":"Shuriken"},{"floor":44.0,"key":"Vajra"}],"event_choices":[{"damage_healed":0.0,"max_hp_gain":0.0,"max_hp_loss":0.0,"gold_gain":0.0,"event_name":"Golden Idol","player_choice":"Take Damage","floor":3.0,"gold_loss":0.0,"damage_taken":18.0,"relics_obtained":["Golden Idol"]},{"damage_healed":18.0,"max_hp_gain":0.0,"max_hp_loss":0.0,"gold_gain":0.0,"event_name":"The Cleric","player_choice":"Healed","floor":4.0,"gold_loss":35.0,"damage_taken":0.0},{"damage_healed":0.0,"max_hp_gain":0.0,"max_hp_loss":0.0,"gold_gain":0.0,"event_name":"Forgotten Altar","player_choice":"Gave Idol","floor":20.0,"relics_lost":["Golden Idol"],"gold_loss":0.0,"damage_taken":0.0,"relics_obtained":["Bloody Idol"]},{"damage_healed":0.0,"max_hp_gain":0.0,"max_hp_loss":0.0,"gold_gain":0.0,"event_name":"Ghosts","player_choice":"Ignored","floor":24.0,"gold_loss":0.0,"damage_taken":0.0},{"damage_healed":0.0,"max_hp_gain":0.0,"max_hp_loss":0.0,"gold_gain":0.0,"event_name":"Accursed Blacksmith","player_choice":"Forge","floor":36.0,"gold_loss":0.0,"damage_taken":0.0,"cards_upgraded":["Defragment"]},{"cards_removed":["Writhe"],"damage_healed":0.0,"max_hp_gain":0.0,"max_hp_loss":0.0,"gold_gain":0.0,"event_name":"Purifier","player_choice":"Purged","floor":38.0,"gold_loss":0.0,"damage_taken":0.0},{"damage_healed":0.0,"max_hp_gain":0.0,"max_hp_loss":0.0,"gold_gain":0.0,"event_name":"SensoryStone","player_choice":"Memory 3","floor":47.0,"gold_loss":0.0,"damage_taken":10.0}],"is_beta":false,"boss_relics":[{"not_picked":["Inserter","Empty Cage"],"picked":"Cursed Key"},{"not_picked":["Orrery","Velvet Choker"],"picked":"FrozenCore"}],"items_purged_floors":[2,37],"is_endless":false,"potions_floor_spawned":[12,16,18,25,31,33,35,39,41,45,48],"ascension_level":0}