{"gold_per_floor":[113,128,143,173,185,185,212,212,212,212,225,225,239,122,122,224,224,237,237,249,265,276,310,310,310,336,352,369,369,198,229,229,327,327,346,15,35,35,59,59,59,59,134,134,134,146,174,174,174,174],"floor_reached":50,"playtime":1937,"items_purged":["Strike_R"],"score":561,"play_id":"9b445014-d899-419f-b60e-a6779bd14b7f","local_time":"20181130225151","is_ascension_mode":true,"campfire_choices":[{"data":"Flex","floor":6.0,"key":"SMITH"},{"data":"Limit Break","floor":10.0,"key":"SMITH"},{"data":"Sword Boomerang","floor":12.0,"key":"SMITH"},{"floor":15.0,"key":"REST"},{"data":"Demon Form","floor":24.0,"key":"SMITH"},{"floor":29.0,"key":"REST"},{"floor":32.0,"key":"REST"},{"data":"Offering","floor":40.0,"key":"SMITH"},{"floor":42.0,"key":"REST"},{"floor":49,"key":"REST"}],"neow_cost":"NONE","seed_source_timestamp":1338197123370643,"circlet_count":0,"master_deck":["Strike_R+1","Strike_R","Strike_R","Defend_R","Defend_R","Defend_R","Defend_R","Bash","Clothesline+1","Flex+1","Cleave","Sword Boomerang+1","Limit Break+1","Carnage","Demon Form+1","Pommel Strike","Limit Break","Flex+1","Twin Strike","Twin Strike+1","Iron Wave","Rage","Metallicize","Ghostly Armor","Iron Wave","Spot Weakness","Bludgeon","Pommel Strike+1","Offering+1","Pain","Injury","Regret","Battle Trance","Flame Barrier","Shame"],"special_seed":0,"relics":["Burning Blood","Happy Flower","Tiny Chest","Sundial","Centennial Puzzle","Shuriken","Philosopher\u0027s Stone","Bottled Flame","Potion Belt","Turnip","Cursed Key","Letter Opener","Bronze Scales","Ornamental Fan","Whetstone","Meat on the Bone"],"potions_floor_usage":[50,50,50,50,50],"damage_taken":[{"damage":5.0,"enemies":"Small Slimes","floor":1.0,"turns":3.0},{"damage":6.0,"enemies":"Jaw Worm","floor":2.0,"turns":4.0},{"damage":0.0,"enemies":"2 Louse","floor":3.0,"turns":3.0},{"damage":8.0,"enemies":"Red Slaver","floor":5.0,"turns":2.0},{"damage":27.0,"enemies":"Lagavulin","floor":7.0,"turns":6.0},{"damage":10.0,"enemies":"Exordium Wildlife","floor":11.0,"turns":4.0},{"damage":5.0,"enemies":"Looter","floor":13.0,"turns":2.0},{"damage":52.0,"enemies":"Hexaghost","floor":16.0,"turns":8.0},{"damage":6.0,"enemies":"Spheric Guardian","floor":18.0,"turns":3.0},{"damage":10.0,"enemies":"3 Byrds","floor":20.0,"turns":2.0},{"damage":4.0,"enemies":"Snecko","floor":21.0,"turns":3.0},{"damage":14.0,"enemies":"3 Cultists","floor":22.0,"turns":4.0},{"damage":19.0,"enemies":"Gremlin Leader","floor":23.0,"turns":5.0},{"damage":25.0,"enemies":"Shelled Parasite and Fungi","floor":27.0,"turns":4.0},{"damage":12.0,"enemies":"Cultist and Chosen","floor":28.0,"turns":3.0},{"damage":23.0,"enemies":"Book of Stabbing","floor":31.0,"turns":4.0},{"damage":18.0,"enemies":"Champ","floor":33.0,"turns":7.0},{"damage":12.0,"enemies":"Orb Walker","floor":35.0,"turns":3.0},{"damage":27.0,"enemies":"3 Shapes","floor":37.0,"turns":2.0},{"damage":8.0,"enemies":"Maw","floor":46.0,"turns":4.0},{"damage":50,"enemies":"Nemesis","floor":47,"turns":7},{"damage":55,"enemies":"Awakened One","floor":50,"turns":6}],"seed_played":"-1402081679475655937","potions_obtained":[{"floor":1.0,"key":"Dexterity Potion"},{"floor":5.0,"key":"SkillPotion"},{"floor":11.0,"key":"BloodPotion"},{"floor":16.0,"key":"Poison Potion"},{"floor":18.0,"key":"Weak Potion"},{"floor":21.0,"key":"Swift Potion"},{"floor":23.0,"key":"Fire Potion"},{"floor":28.0,"key":"SpeedPotion"},{"floor":46.0,"key":"Fire Potion"}],"is_trial":false,"path_per_floor":["M","M","M","?","M","R","E","T","T","R","M","R","M","$","R","B",null,"M","?","M","M","M","E","R","?","T","M","M","R","$","E","R","B",null,"M","$","M","T","T","R","?","R","T","?","$","M","E","T","R","B"],"character_chosen":"IRONCLAD","items_purchased":["Demon Form","Pommel Strike","Metallicize","Ghostly Armor","Iron Wave","Offering","EntropicBrew"],"campfire_rested":5,"item_purchase_floors":[14,14,30,30,30,36,36],"current_hp_per_floor":[80,80,80,77,75,75,54,54,54,54,50,50,51,51,75,29,80,80,80,76,78,70,57,57,57,57,38,32,56,56,39,63,51,80,74,74,53,53,53,53,53,77,77,77,77,75,31,31,55,0],"gold":174,"neow_bonus":"RANDOM_COMMON_RELIC","is_prod":false,"is_daily":false,"chose_seed":false,"campfire_upgraded":5,"win_rate":0,"timestamp":1543636311,"path_taken":["M","M","M","?","M","R","E","?","T","R","M","R","M","$","R","BOSS","M","?","M","M","M","E","R","?","T","M","M","R","$","E","R","BOSS","M","$","M","?","?","R","?","R","T","?","?","M","E","?","R","BOSS"],"build_version":"2018-11-15","purchased_purges":1,"victory":false,"max_hp_per_floor":[80,80,80,80,80,80,80,80,80,80,80,80,80,80,80,80,80,80,80,80,80,80,80,80,80,80,80,80,80,80,80,80,80,80,80,80,80,80,80,80,80,80,80,80,80,80,80,80,80,80],"card_choices":[{"not_picked":["Evolve","Body Slam"],"picked":"Clothesline","floor":1.0},{"not_picked":["Power Through","Cleave"],"picked":"Flex","floor":2.0},{"not_picked":["Wild Strike","Warcry"],"picked":"Cleave","floor":3.0},{"not_picked":["Berserk","Clothesline"],"picked":"Sword Boomerang","floor":5.0},{"not_picked":["Headbutt","Entrench"],"picked":"Limit Break","floor":7.0},{"not_picked":["Sword Boomerang","Havoc"],"picked":"Carnage","floor":11.0},{"not_picked":["Sentinel","Anger","Sword Boomerang"],"picked":"SKIP","floor":13.0},{"not_picked":["Exhume","Impervious"],"picked":"Limit Break","floor":16.0},{"not_picked":["Feel No Pain+1","Havoc"],"picked":"Flex","floor":18.0},{"not_picked":["Clothesline","Anger"],"picked":"Twin Strike","floor":20.0},{"not_picked":["Feel No Pain","Wild Strike+1","Clothesline"],"picked":"SKIP","floor":21.0},{"not_picked":["Ghostly Armor","Power Through+1"],"picked":"Twin Strike+1","floor":22.0},{"not_picked":["Entrench+1","Infernal Blade"],"picked":"Iron Wave","floor":23.0},{"not_picked":["Sword Boomerang","Juggernaut"],"picked":"Rage","floor":27.0},{"not_picked":["Disarm+1","Body Slam","Feel No Pain+1"],"picked":"SKIP","floor":28.0},{"not_picked":["Ghostly Armor","Blood for Blood"],"picked":"Spot Weakness","floor":31.0},{"not_picked":["Reaper","Demon Form"],"picked":"Bludgeon","floor":33.0},{"not_picked":["Cleave+1","Flex"],"picked":"Pommel Strike+1","floor":35.0},{"not_picked":["True Grit","Iron Wave","Hemokinesis"],"picked":"SKIP","floor":37.0},{"not_picked":["Searing Blow","Spot Weakness+1"],"picked":"Battle Trance","floor":46.0},{"not_picked":["Berserk","Fire Breathing"],"picked":"Flame Barrier","floor":47}],"player_experience":91806,"relics_obtained":[{"floor":7.0,"key":"Sundial"},{"floor":8.0,"key":"Centennial Puzzle"},{"floor":9.0,"key":"Shuriken"},{"floor":23.0,"key":"Bottled Flame"},{"floor":26.0,"key":"Potion Belt"},{"floor":31.0,"key":"Turnip"},{"floor":38.0,"key":"Letter Opener"},{"floor":39.0,"key":"Bronze Scales"},{"floor":43.0,"key":"Ornamental Fan"},{"floor":47,"key":"Whetstone"},{"floor":48,"key":"Meat on the Bone"}],"event_choices":[{"damage_healed":0.0,"max_hp_gain":0.0,"max_hp_loss":0.0,"gold_gain":0.0,"event_name":"Scrap Ooze","player_choice":"Success","floor":4.0,"gold_loss":0.0,"damage_taken":3.0,"relics_obtained":["Tiny Chest"]},{"damage_healed":0.0,"max_hp_gain":0.0,"max_hp_loss":0.0,"gold_gain":0.0,"event_name":"Vampires","player_choice":"Ignored","floor":19.0,"gold_loss":0.0,"damage_taken":0.0},{"damage_healed":0.0,"max_hp_gain":0.0,"max_hp_loss":0.0,"gold_gain":0.0,"event_name":"Accursed Blacksmith","player_choice":"Forge","floor":25.0,"gold_loss":0.0,"damage_taken":0.0,"cards_upgraded":["Flex"]},{"damage_healed":0.0,"max_hp_gain":0.0,"max_hp_loss":0.0,"gold_gain":0.0,"event_name":"Mysterious Sphere","player_choice":"Ignored","floor":41.0,"gold_loss":0.0,"damage_taken":0.0},{"cards_removed":["Strike_R"],"damage_healed":0.0,"max_hp_gain":0.0,"max_hp_loss":0.0,"gold_gain":0.0,"event_name":"Falling","player_choice":"Removed Attack","floor":44.0,"gold_loss":0.0,"damage_taken":0.0}],"is_beta":false,"boss_relics":[{"not_picked":["Runic Dome","Calling Bell"],"picked":"Philosopher\u0027s Stone"},{"not_picked":["Snecko Eye","Coffee Dripper"],"picked":"Cursed Key"}],"items_purged_floors":[36],"is_endless":false,"potions_floor_spawned":[1,5,11,16,18,21,22,23,28,46],"killed_by":"Awakened One","ascension_level":1}