{"path_per_floor":["M","M","?","?","M","E","R","M","T","E","R","E","?","M","R","B",null,"M","?","M","?","$","E","R","E","T","M","?"],"character_chosen":"IRONCLAD","items_purchased":["Offering"],"gold_per_floor":[13,26,26,26,38,71,71,89,89,119,119,149,99,113,113,217,217,231,146,162,162,16,44,44,78,125,136,136,136],"floor_reached":29,"campfire_rested":1,"playtime":1048,"item_purchase_floors":[22],"current_hp_per_floor":[75,73,57,80,80,50,50,56,56,51,51,21,21,25,49,35,80,80,80,80,32,32,33,33,30,30,12,12,0],"items_purged":[],"gold":136,"score":309,"play_id":"70aa8f37-162e-4099-95c7-2a75d856957b","local_time":"20180626000012","is_prod":false,"is_daily":false,"chose_seed":false,"is_ascension_mode":true,"campfire_upgraded":3,"win_rate":0,"timestamp":1529989212,"campfire_choices":[{"data":"Double Tap","floor":7,"key":"SMITH"},{"data":"Bash","floor":11,"key":"SMITH"},{"floor":15,"key":"REST"},{"data":"Double Tap","floor":24,"key":"SMITH"}],"path_taken":["M","M","?","?","M","E","R","M","T","E","R","E","?","M","R","BOSS","M","?","M","?","$","E","R","E","T","M","?","M"],"build_version":"2018-06-21","seed_source_timestamp":419407481501220,"purchased_purges":0,"circlet_count":0,"victory":false,"master_deck":["Strike_R","Strike_R","Strike_R","Strike_R+1","Defend_R","Defend_R+1","Defend_R","Defend_R","Bash+1","Double Tap+1","Pommel Strike","Bludgeon","Double Tap+1","Trip","Dramatic Entrance","Finesse","Finesse","Madness","Offering","Shrug It Off+1","Headbutt","Offering"],"max_hp_per_floor":[80,80,80,80,80,80,80,80,80,80,80,80,80,80,80,80,80,80,80,80,80,80,80,80,80,80,80,80,80],"relics":["Burning Blood","Ancient Tea Set","Juzu Bracelet","Centennial Puzzle","Bird Faced Urn","Snecko Eye","Gambling Chip","Art of War","The Courier","Regal Pillow"],"card_choices":[{"not_picked":["Brutality","Impervious"],"picked":"Double Tap","floor":0},{"not_picked":["Wild Strike","Heavy Blade","Rupture"],"picked":"SKIP","floor":1},{"not_picked":["Clothesline","Second Wind"],"picked":"Pommel Strike","floor":2},{"not_picked":["Entrench","Sword Boomerang","Iron Wave"],"picked":"SKIP","floor":5},{"not_picked":["Searing Blow","Body Slam"],"picked":"Bludgeon","floor":6},{"not_picked":["Uppercut","Shockwave","Clothesline"],"picked":"SKIP","floor":8},{"not_picked":["Disarm","Flex","Warcry"],"picked":"SKIP","floor":10},{"not_picked":["Second Wind","Warcry","Pommel Strike"],"picked":"SKIP","floor":12},{"not_picked":["True Grit","Clothesline"],"picked":"Double Tap","floor":14},{"not_picked":["Body Slam","Clothesline+1","Wild Strike"],"picked":"SKIP","floor":18},{"not_picked":["Rampage","Warcry","Wild Strike"],"picked":"SKIP","floor":20},{"not_picked":["Ghostly Armor","Pommel Strike","Anger"],"picked":"SKIP","floor":23},{"not_picked":["Perfected Strike","Fire Breathing"],"picked":"Shrug It Off+1","floor":25},{"not_picked":["Ghostly Armor","Bloodletting"],"picked":"Headbutt","floor":27}],"player_experience":219382,"potions_floor_usage":[12,16,25,25],"damage_taken":[{"damage":11,"enemies":"Cultist","floor":1,"turns":4},{"damage":8,"enemies":"2 Louse","floor":2,"turns":2},{"damage":0,"enemies":"Jaw Worm","floor":5,"turns":3},{"damage":36,"enemies":"Lagavulin","floor":6,"turns":5},{"damage":0,"enemies":"Looter","floor":8,"turns":1},{"damage":11,"enemies":"3 Sentries","floor":10,"turns":6},{"damage":36,"enemies":"Lagavulin","floor":12,"turns":5},{"damage":2,"enemies":"2 Fungi Beasts","floor":14,"turns":3},{"damage":20,"enemies":"Slime Boss","floor":16,"turns":5},{"damage":0,"enemies":"Spheric Guardian","floor":18,"turns":1},{"damage":0,"enemies":"Shell Parasite","floor":20,"turns":1},{"damage":5,"enemies":"Gremlin Leader","floor":23,"turns":3},{"damage":9,"enemies":"Book of Stabbing","floor":25,"turns":3},{"damage":24,"enemies":"Snake Plant","floor":27,"turns":2},{"damage":12,"enemies":"Centurion and Healer","floor":29,"turns":1}],"relics_obtained":[{"floor":6,"key":"Ancient Tea Set"},{"floor":9,"key":"Juzu Bracelet"},{"floor":10,"key":"Centennial Puzzle"},{"floor":12,"key":"Bird Faced Urn"},{"floor":23,"key":"Art of War"},{"floor":25,"key":"The Courier"},{"floor":26,"key":"Regal Pillow"}],"event_choices":[{"event_name":"Shining Light","player_choice":"Entered Light","floor":3,"damage_taken":0},{"event_name":"Big Fish","player_choice":"Banana","floor":4,"damage_taken":0},{"event_name":"The Cleric","player_choice":"Card Removal","floor":13,"damage_taken":0},{"event_name":"Addict","player_choice":"Obtained Relic","floor":19,"damage_taken":0},{"event_name":"Knowing Skull","player_choice":"CARD CARD CARD CARD CARD ","floor":21,"damage_taken":0},{"event_name":"Duplicator","player_choice":"One dupe","floor":28,"damage_taken":0}],"boss_relics":[{"not_picked":["Fusion Hammer","Cursed Key"],"picked":"Snecko Eye"}],"items_purged_floors":[],"is_endless":false,"potions_floor_spawned":[6,14,16,18,25,27],"seed_played":"-6047843460927582559","killed_by":"Centurion and Healer","ascension_level":2,"potions_obtained":[{"floor":6,"key":"FearPotion"},{"floor":14,"key":"Energy Potion"},{"floor":16,"key":"Swift Potion"},{"floor":18,"key":"Block Potion"},{"floor":25,"key":"Poison Potion"},{"floor":27,"key":"Strength Potion"}],"is_trial":false}