{"gold_per_floor":[112,112,112,262,278,278,303,303,303,303,317,317,32,45,45,116,116,132,132,132,147,164,164,189,189,189,189,208,224,224,247,247,320,320,334,346,346,357,49,81,157,184,184,194,240,80,99,112,112,112,112],"floor_reached":52,"playtime":3297,"items_purged":["Doubt","Writhe","Normality"],"score":1960,"play_id":"d8a57be2-4ecc-449e-b53e-1046a3ee3f3f","local_time":"20190510131114","is_ascension_mode":true,"campfire_choices":[{"floor":6,"key":"REST"},{"floor":8,"key":"REST"},{"data":"Neutralize","floor":10,"key":"SMITH"},{"floor":15,"key":"REST"},{"floor":23,"key":"REST"},{"floor":27,"key":"REST"},{"floor":30,"key":"REST"},{"floor":32,"key":"REST"},{"floor":49,"key":"REST"}],"neow_cost":"NONE","seed_source_timestamp":483127260318400,"circlet_count":0,"master_deck":["AscendersBane","Survivor+1","Neutralize+1","A Thousand Cuts+1","Blade Dance+1","Backflip","Footwork","Blade Dance","Deadly Poison+1","After Image","Prepared+1","Flying Knee","Flechettes","Dodge and Roll+1","Dagger Spray","Concentrate+1","Outmaneuver+1","Distraction+1","Reflex+1","A Thousand Cuts","Backflip+1","Phantasmal Killer+1","Escape Plan+1","Acrobatics+1","Adrenaline+1","Blur+1","Calculated Gamble+1","PiercingWail+1","Clumsy","PiercingWail+1","Blur+1","Leg Sweep+1","Caltrops","Terror+1"],"relics":["Ring of the Snake","The Courier","Bottled Tornado","Toxic Egg 2","Pandora\u0027s Box","Vajra","Matryoshka","Enchiridion","PreservedInsect","War Paint","Happy Flower","Cursed Key","Mummified Hand","Paper Crane","Pear","Boot","Letter Opener","Unceasing Top"],"potions_floor_usage":[16,33,33,51,51],"damage_taken":[{"damage":4,"enemies":"2 Louse","floor":1,"turns":3},{"damage":0,"enemies":"Jaw Worm","floor":5,"turns":4},{"damage":42,"enemies":"Lagavulin","floor":7,"turns":8},{"damage":0,"enemies":"Cultist","floor":11,"turns":4},{"damage":12,"enemies":"Lots of Slimes","floor":14,"turns":2},{"damage":19,"enemies":"Slime Boss","floor":16,"turns":9},{"damage":9,"enemies":"3 Byrds","floor":18,"turns":3},{"damage":4,"enemies":"Spheric Guardian","floor":21,"turns":4},{"damage":3,"enemies":"Snake Plant","floor":22,"turns":5},{"damage":34,"enemies":"Slavers","floor":24,"turns":4},{"damage":11,"enemies":"Centurion and Healer","floor":28,"turns":5},{"damage":13,"enemies":"Snecko","floor":29,"turns":5},{"damage":16,"enemies":"Champ","floor":33,"turns":6},{"damage":1,"enemies":"3 Darklings","floor":35,"turns":3},{"damage":0,"enemies":"Orb Walker","floor":36,"turns":3},{"damage":11,"enemies":"Sphere and 2 Shapes","floor":38,"turns":3},{"damage":0,"enemies":"Nemesis","floor":40,"turns":3},{"damage":0,"enemies":"Reptomancer","floor":42,"turns":2},{"damage":0,"enemies":"Maw","floor":44,"turns":7},{"damage":12,"enemies":"2 Orb Walkers","floor":45,"turns":3},{"damage":0,"enemies":"Jaw Worm Horde","floor":47,"turns":2},{"damage":6,"enemies":"Sphere and 2 Shapes","floor":48,"turns":2},{"damage":20,"enemies":"Awakened One","floor":50,"turns":11},{"damage":12,"enemies":"Donu and Deca","floor":51,"turns":6}],"seed_played":"1379981925649752144","potions_obtained":[{"floor":11,"key":"Swift Potion"},{"floor":16,"key":"FearPotion"},{"floor":22,"key":"EssenceOfSteel"},{"floor":35,"key":"Explosive Potion"},{"floor":36,"key":"EssenceOfSteel"},{"floor":42,"key":"Ancient Potion"},{"floor":44,"key":"Regen Potion"}],"is_trial":false,"path_per_floor":["M","?","?","?","M","R","E","R","T","R","M","$","$","M","R","B",null,"M","?","?","M","M","R","E","?","T","R","M","M","R","T","R","B",null,"M","M","?","M","$","E","T","E","T","M","?","$","M","M","R","B","B",null],"character_chosen":"THE_SILENT","items_purchased":["Toxic Egg 2","Mummified Hand","Caltrops"],"campfire_rested":8,"item_purchase_floors":[13,39,46],"current_hp_per_floor":[55,60,39,39,39,60,18,39,39,39,39,39,39,27,48,29,61,52,52,52,48,45,66,32,11,11,32,21,8,29,29,50,34,62,61,61,61,50,50,50,60,60,60,60,48,48,48,42,66,46,49],"gold":112,"neow_bonus":"ONE_RANDOM_RARE_CARD","is_prod":false,"is_daily":false,"chose_seed":false,"campfire_upgraded":1,"win_rate":0,"timestamp":1557490274,"path_taken":["M","?","?","?","?","R","E","R","T","R","?","?","$","M","R","BOSS","M","?","?","?","M","R","E","?","T","R","M","M","R","?","R","BOSS","M","?","?","M","$","E","?","E","T","M","?","$","M","M","R","BOSS","BOSS"],"build_version":"2019-01-23","purchased_purges":3,"victory":true,"max_hp_per_floor":[66,71,71,71,71,71,71,71,71,71,71,71,71,71,71,71,71,71,71,71,71,71,71,71,71,71,71,71,71,71,71,71,71,71,71,71,71,71,71,71,81,81,81,81,81,81,81,81,81,81,81],"card_choices":[{"not_picked":["Underhanded Strike","Poisoned Stab"],"picked":"Blade Dance","floor":1},{"not_picked":["Outmaneuver","Dagger Throw"],"picked":"Backflip","floor":5},{"not_picked":["Dagger Throw","PiercingWail"],"picked":"Footwork","floor":7},{"not_picked":["Masterful Stab","Poisoned Stab"],"picked":"Blade Dance","floor":11},{"not_picked":["Expertise+1","Masterful Stab"],"picked":"Deadly Poison+1","floor":14},{"not_picked":["Storm of Steel+1","Die Die Die"],"picked":"After Image","floor":16},{"not_picked":["Slice","Quick Slash","Outmaneuver+1"],"picked":"SKIP","floor":18},{"not_picked":["Finisher","Cloak And Dagger+1"],"picked":"Backflip+1","floor":21},{"not_picked":["Caltrops","Calculated Gamble+1"],"picked":"Phantasmal Killer+1","floor":22},{"not_picked":["Dagger Spray","Outmaneuver+1","Infinite Blades"],"picked":"SKIP","floor":24},{"not_picked":["Slice","Caltrops+1"],"picked":"Escape Plan+1","floor":28},{"not_picked":["Sucker Punch","Dagger Spray"],"picked":"Acrobatics+1","floor":29},{"not_picked":["Tools of the Trade","Unload"],"picked":"Adrenaline+1","floor":33},{"not_picked":["Crippling Poison+1","Distraction+1"],"picked":"Blur+1","floor":35},{"not_picked":["Acrobatics+1","Bane"],"picked":"Calculated Gamble+1","floor":36},{"not_picked":["Prepared+1","Flying Knee","Bane"],"picked":"SKIP","floor":38},{"not_picked":["Heel Hook+1","Outmaneuver+1"],"picked":"PiercingWail+1","floor":40},{"not_picked":["Acrobatics+1","Deadly Poison+1"],"picked":"PiercingWail+1","floor":42},{"not_picked":["Bane+1","Underhanded Strike+1"],"picked":"Blur+1","floor":44},{"not_picked":["Grand Finale","Endless Agony"],"picked":"Leg Sweep+1","floor":45},{"not_picked":["Flying Knee","Quick Slash"],"picked":"Terror+1","floor":47},{"not_picked":["Deadly Poison+1","Cloak And Dagger+1","Flying Knee"],"picked":"SKIP","floor":48}],"player_experience":510123,"relics_obtained":[{"floor":7,"key":"The Courier"},{"floor":9,"key":"Bottled Tornado"},{"floor":24,"key":"Matryoshka"},{"floor":25,"key":"Enchiridion"},{"floor":26,"key":"PreservedInsect"},{"floor":31,"key":"War Paint"},{"floor":31,"key":"Happy Flower"},{"floor":40,"key":"Paper Crane"},{"floor":41,"key":"Pear"},{"floor":42,"key":"Boot"},{"floor":43,"key":"Letter Opener"},{"floor":45,"key":"Unceasing Top"}],"event_choices":[{"damage_healed":0,"gold_gain":0,"player_choice":"Donut","damage_taken":0,"max_hp_gain":5,"max_hp_loss":0,"event_name":"Big Fish","floor":2,"gold_loss":0},{"damage_healed":0,"gold_gain":0,"player_choice":"Entered Light","damage_taken":21,"max_hp_gain":0,"max_hp_loss":0,"event_name":"Shining Light","floor":3,"gold_loss":0,"cards_upgraded":["Strike_G","A Thousand Cuts"]},{"damage_healed":0,"gold_gain":150,"player_choice":"AGREE","damage_taken":0,"max_hp_gain":0,"max_hp_loss":0,"event_name":"Liars Game","floor":4,"gold_loss":0,"cards_obtained":["Doubt"]},{"damage_healed":0,"gold_gain":0,"player_choice":"Opened","damage_taken":0,"relics_obtained":["Vajra"],"max_hp_gain":0,"max_hp_loss":0,"event_name":"The Mausoleum","floor":19,"gold_loss":0,"cards_obtained":["Writhe"]},{"damage_healed":0,"gold_gain":0,"player_choice":"Ignored","damage_taken":0,"max_hp_gain":0,"max_hp_loss":0,"event_name":"Ghosts","floor":20,"gold_loss":0},{"damage_healed":0,"gold_gain":0,"player_choice":"Obtained Book","damage_taken":21,"max_hp_gain":0,"max_hp_loss":0,"event_name":"Cursed Tome","floor":25,"gold_loss":0},{"damage_healed":0,"gold_gain":0,"player_choice":"Ignored","damage_taken":0,"max_hp_gain":0,"max_hp_loss":0,"event_name":"Tomb of Lord Red Mask","floor":37,"gold_loss":0},{"damage_healed":0,"gold_gain":0,"player_choice":"Fight","damage_taken":0,"max_hp_gain":0,"max_hp_loss":0,"event_name":"Mysterious Sphere","floor":45,"gold_loss":0}],"is_beta":false,"boss_relics":[{"not_picked":["Empty Cage","Runic Pyramid"],"picked":"Pandora\u0027s Box"},{"not_picked":["HoveringKite","Snecko Eye"],"picked":"Cursed Key"}],"items_purged_floors":[13,39,46],"is_endless":false,"potions_floor_spawned":[11,16,22,24,29,35,36,42,44,45],"ascension_level":20}