{"gold_per_floor":[214,234,259,94,114,114,129,158,184,217,217,229,264,281,281,379,379,398,497,508,408,421,421,449,99,99,117,137,169,94,94,94,196,196,212,265,278,128,146,146,146,146,146,161,161,195,210,228,228,228],"floor_reached":51,"playtime":2423,"items_purged":["Strike_R","Strike_R","Defend_R","Defend_R"],"score":905,"play_id":"e21a023b-38ed-4af2-9b4e-65be85bc3efe","local_time":"20190425232937","is_ascension_mode":true,"campfire_choices":[{"data":"Rampage","floor":6,"key":"SMITH"},{"data":"Shrug It Off","floor":15,"key":"SMITH"},{"data":"Barricade","floor":23,"key":"SMITH"},{"data":"Bash","floor":32,"key":"SMITH"},{"data":"Dropkick","floor":40,"key":"SMITH"},{"floor":45,"key":"REST"},{"floor":49,"key":"REST"}],"neow_cost":"NONE","seed_source_timestamp":201737973092730,"circlet_count":0,"master_deck":["Strike_R","Strike_R","Defend_R","Bash+1","Shrug It Off+1","Rampage+1","Trip","Barricade+1","Flame Barrier+1","Dropkick","Dropkick+1","Ghostly Armor+1","Body Slam+1","Entrench+1","Seeing Red+1","Ghostly Armor+1","Madness","Madness","True Grit+1","Spot Weakness+1"],"relics":["Burning Blood","Anchor","Lantern","Omamori","Matryoshka","Darkstone Periapt","Runic Pyramid","Vajra","PreservedInsect","Bronze Scales","Regal Pillow","Orichalcum","Cursed Key","Gambling Chip","Oddly Smooth Stone","Toxic Egg 2","Singing Bowl"],"potions_floor_usage":[8,10,13,16,33,36,50],"damage_taken":[{"damage":6,"enemies":"Cultist","floor":1,"turns":3},{"damage":0,"enemies":"2 Louse","floor":2,"turns":3},{"damage":0,"enemies":"Jaw Worm","floor":5,"turns":4},{"damage":2,"enemies":"Looter","floor":7,"turns":3},{"damage":14,"enemies":"3 Sentries","floor":8,"turns":8},{"damage":6,"enemies":"Gremlin Nob","floor":10,"turns":3},{"damage":0,"enemies":"Large Slime","floor":12,"turns":4},{"damage":17,"enemies":"3 Sentries","floor":13,"turns":7},{"damage":10,"enemies":"Lots of Slimes","floor":14,"turns":4},{"damage":41,"enemies":"Hexaghost","floor":16,"turns":13},{"damage":9,"enemies":"Shell Parasite","floor":18,"turns":6},{"damage":0,"enemies":"3 Byrds","floor":20,"turns":2},{"damage":28,"enemies":"Cultist and Chosen","floor":22,"turns":7},{"damage":11,"enemies":"Book of Stabbing","floor":24,"turns":6},{"damage":0,"enemies":"Snecko","floor":27,"turns":4},{"damage":0,"enemies":"Sentry and Sphere","floor":28,"turns":8},{"damage":0,"enemies":"Gremlin Leader","floor":29,"turns":3},{"damage":6,"enemies":"Champ","floor":33,"turns":6},{"damage":23,"enemies":"3 Darklings","floor":35,"turns":5},{"damage":46,"enemies":"2 Orb Walkers","floor":36,"turns":5},{"damage":0,"enemies":"Orb Walker","floor":37,"turns":7},{"damage":0,"enemies":"Spire Growth","floor":39,"turns":3},{"damage":0,"enemies":"Writhing Mass","floor":44,"turns":4},{"damage":0,"enemies":"Reptomancer","floor":46,"turns":4},{"damage":18,"enemies":"Jaw Worm Horde","floor":47,"turns":5},{"damage":21,"enemies":"4 Shapes","floor":48,"turns":12},{"damage":0,"enemies":"Time Eater","floor":50,"turns":11}],"seed_played":"5745839916689310101","potions_obtained":[{"floor":1,"key":"AttackPotion"},{"floor":7,"key":"Poison Potion"},{"floor":12,"key":"Explosive Potion"},{"floor":13,"key":"SkillPotion"},{"floor":16,"key":"FairyPotion"},{"floor":20,"key":"SpeedPotion"},{"floor":24,"key":"SpeedPotion"},{"floor":28,"key":"Strength Potion"},{"floor":33,"key":"Strength Potion"},{"floor":36,"key":"Explosive Potion"},{"floor":37,"key":"SpeedPotion"}],"is_trial":false,"path_per_floor":["M","M","T","$","M","R","M","E","T","E","?","M","E","M","R","B",null,"M","?","M","$","M","R","E","$","T","M","M","E","?","?","R","B",null,"M","?","M","$","M","R","?","?","T","M","R","E","M","M","R","B",null],"character_chosen":"IRONCLAD","items_purchased":["Trip","PreservedInsect","Dropkick"],"campfire_rested":2,"item_purchase_floors":[4,25,25],"current_hp_per_floor":[80,80,80,80,80,80,80,72,72,72,72,78,67,63,63,28,80,77,77,80,80,58,58,53,53,53,59,65,71,71,56,56,56,85,68,28,34,34,40,40,40,29,29,35,75,81,69,56,87,87],"gold":228,"neow_bonus":"HUNDRED_GOLD","is_prod":false,"is_daily":false,"chose_seed":false,"campfire_upgraded":5,"win_rate":0,"timestamp":1556252977,"path_taken":["M","?","?","$","M","R","M","E","T","E","?","?","E","M","R","BOSS","M","?","M","$","M","R","E","$","T","M","M","E","?","?","R","BOSS","M","?","M","$","M","R","?","?","T","M","R","E","M","M","R","BOSS"],"build_version":"2019-01-23","purchased_purges":4,"victory":true,"max_hp_per_floor":[80,80,80,80,80,80,80,80,80,80,80,80,80,80,80,80,80,80,80,80,80,80,80,80,80,80,80,80,80,80,85,85,85,85,85,85,85,85,85,85,85,85,85,85,85,85,85,87,87,87],"card_choices":[{"not_picked":["Blood for Blood","Carnage"],"picked":"Shrug It Off","floor":1},{"not_picked":["Wild Strike","Dual Wield"],"picked":"Rampage","floor":2},{"not_picked":["Flex","Entrench","Havoc"],"picked":"SKIP","floor":5},{"not_picked":["Body Slam","Perfected Strike","Warcry"],"picked":"SKIP","floor":7},{"not_picked":["Uppercut","Havoc","Heavy Blade"],"picked":"SKIP","floor":8},{"not_picked":["Sever Soul","Shrug It Off","Reckless Charge"],"picked":"SKIP","floor":10},{"not_picked":["Perfected Strike","Iron Wave","Entrench"],"picked":"SKIP","floor":12},{"not_picked":["Whirlwind","Feel No Pain","Seeing Red"],"picked":"SKIP","floor":13},{"not_picked":["Heavy Blade","Seeing Red","Berserk"],"picked":"SKIP","floor":14},{"not_picked":["Bludgeon","Brutality"],"picked":"Barricade","floor":16},{"not_picked":["Cleave","Inflame"],"picked":"Flame Barrier+1","floor":18},{"not_picked":["Feel No Pain+1","Evolve+1","Pommel Strike"],"picked":"SKIP","floor":20},{"not_picked":["Perfected Strike","Clash"],"picked":"Dropkick","floor":22},{"not_picked":["Bludgeon","Wild Strike+1","Perfected Strike"],"picked":"SKIP","floor":24},{"not_picked":["Disarm","Sentinel"],"picked":"Ghostly Armor+1","floor":27},{"not_picked":["Twin Strike+1","Disarm"],"picked":"Body Slam+1","floor":28},{"not_picked":["Infernal Blade","Dual Wield","Pummel"],"picked":"SKIP","floor":29},{"not_picked":["Heavy Blade","Iron Wave"],"picked":"Entrench+1","floor":35},{"not_picked":["Perfected Strike+1","Anger+1"],"picked":"Seeing Red+1","floor":37},{"not_picked":["Dual Wield","Perfected Strike+1"],"picked":"Ghostly Armor+1","floor":39},{"not_picked":["Combust","Rampage","Havoc+1"],"picked":"SKIP","floor":44},{"not_picked":["Spot Weakness+1","Impervious+1"],"picked":"True Grit+1","floor":46},{"not_picked":["Clash","Clothesline"],"picked":"Spot Weakness+1","floor":47},{"not_picked":["Cleave+1","True Grit+1","Fire Breathing+1"],"picked":"Singing Bowl","floor":48}],"player_experience":101848,"relics_obtained":[{"floor":3,"key":"Anchor"},{"floor":8,"key":"Lantern"},{"floor":9,"key":"Omamori"},{"floor":10,"key":"Matryoshka"},{"floor":13,"key":"Darkstone Periapt"},{"floor":24,"key":"Vajra"},{"floor":26,"key":"Bronze Scales"},{"floor":26,"key":"Regal Pillow"},{"floor":29,"key":"Orichalcum"},{"floor":36,"key":"Gambling Chip"},{"floor":43,"key":"Oddly Smooth Stone"},{"floor":43,"key":"Toxic Egg 2"},{"floor":46,"key":"Singing Bowl"}],"event_choices":[{"cards_removed":["Defend_R"],"damage_healed":0,"gold_gain":0,"player_choice":"Offered Basic","damage_taken":0,"max_hp_gain":0,"max_hp_loss":0,"event_name":"Bonfire Elementals","floor":11,"gold_loss":0},{"damage_healed":0,"gold_gain":99,"player_choice":"Stole From Cult","damage_taken":0,"max_hp_gain":0,"max_hp_loss":0,"event_name":"Nest","floor":19,"gold_loss":0},{"cards_removed":["Strike_R"],"damage_healed":0,"gold_gain":0,"player_choice":"Gave Gold","damage_taken":0,"max_hp_gain":0,"max_hp_loss":0,"event_name":"Beggar","floor":30,"gold_loss":75},{"damage_healed":0,"gold_gain":0,"player_choice":"Shed Blood","damage_taken":20,"max_hp_gain":5,"max_hp_loss":0,"event_name":"Forgotten Altar","floor":31,"gold_loss":0},{"damage_healed":0,"gold_gain":0,"player_choice":"Fight","damage_taken":0,"max_hp_gain":0,"max_hp_loss":0,"event_name":"Mysterious Sphere","floor":36,"gold_loss":0},{"damage_healed":0,"gold_gain":0,"player_choice":"Ignored","damage_taken":0,"max_hp_gain":0,"max_hp_loss":0,"event_name":"The Moai Head","floor":41,"gold_loss":0},{"damage_healed":0,"gold_gain":0,"player_choice":"Embrace Madness","damage_taken":11,"max_hp_gain":0,"max_hp_loss":0,"event_name":"Winding Halls","floor":42,"gold_loss":0,"cards_obtained":["Madness","Madness"]}],"is_beta":false,"boss_relics":[{"not_picked":["Empty Cage","Astrolabe"],"picked":"Runic Pyramid"},{"not_picked":["Lizard Tail","Philosopher\u0027s Stone"],"picked":"Cursed Key"}],"items_purged_floors":[4,21,25,38],"is_endless":false,"potions_floor_spawned":[1,7,12,13,16,20,24,28,29,33,36,37,39,47,48],"ascension_level":1}