{"gold_per_floor":[110,110,35,35,110,110,141,171,246,282,300,325,359,377,377,473,473,393],"floor_reached":18,"playtime":559,"items_purged":["Strike_R"],"score":456,"play_id":"33e5ec81-92d2-48ae-90da-ed491f49657c","local_time":"20190323003754","is_ascension_mode":true,"campfire_choices":[{"data":"Shockwave","floor":6.0,"key":"SMITH"},{"data":"Armaments","floor":15.0,"key":"SMITH"}],"neow_cost":"NONE","seed_source_timestamp":654482926830029,"circlet_count":0,"master_deck":["AscendersBane","Strike_R","Strike_R","Strike_R","Defend_R","Defend_R","Defend_R","Defend_R","Bash","Shockwave+1","Battle Trance","Armaments+1","Shrug It Off","Carnage","True Grit","Demon Form+1","Offering","Inflame+1","Burning Pact","Flex","Sword Boomerang","Evolve+1"],"special_seed":0,"relics":["Burning Blood","NeowsBlessing","Golden Idol","Bag of Marbles","Tiny Chest","Frozen Egg 2","Blue Candle","Question Card","Orrery"],"potions_floor_usage":[],"damage_taken":[{"damage":0.0,"enemies":"Jaw Worm","floor":1.0,"turns":1.0},{"damage":0.0,"enemies":"3 Sentries","floor":7.0,"turns":2.0},{"damage":0.0,"enemies":"Gremlin Nob","floor":10.0,"turns":1.0},{"damage":0.0,"enemies":"2 Louse","floor":11.0,"turns":5.0},{"damage":0.0,"enemies":"Small Slimes","floor":12.0,"turns":6.0},{"damage":16.0,"enemies":"3 Sentries","floor":13.0,"turns":11.0},{"damage":4.0,"enemies":"Looter","floor":14.0,"turns":3.0},{"damage":41.0,"enemies":"The Guardian","floor":16.0,"turns":10.0},{"damage":24,"enemies":"2 Thieves","floor":18,"turns":3}],"seed_played":"-6521765490012740282","potions_obtained":[{"floor":7.0,"key":"EntropicBrew"},{"floor":10.0,"key":"SteroidPotion"},{"floor":13.0,"key":"Energy Potion"}],"is_trial":false,"path_per_floor":["M","?","$","?","?","R","E","T","T","E","M","M","E","M","R","B",null,"M"],"character_chosen":"IRONCLAD","items_purchased":[],"campfire_rested":0,"item_purchase_floors":[],"current_hp_per_floor":[74,68,68,68,57,57,63,63,63,68,68,68,58,60,60,25,57,33],"gold":393,"neow_bonus":"THREE_ENEMY_KILL","is_prod":false,"is_daily":false,"chose_seed":false,"campfire_upgraded":2,"win_rate":0,"timestamp":1553272674,"path_taken":["M","?","$","?","?","R","E","?","T","E","M","M","E","?","R","BOSS","M"],"build_version":"2019-01-23","purchased_purges":1,"victory":false,"max_hp_per_floor":[75,68,68,68,68,68,68,68,68,68,68,68,68,68,68,68,68,68],"card_choices":[{"not_picked":["Twin Strike","Havoc"],"picked":"Shockwave","floor":1.0},{"not_picked":["Clash","Cleave"],"picked":"Armaments","floor":7.0},{"not_picked":["Body Slam","Combust+1"],"picked":"Shrug It Off","floor":10.0},{"not_picked":["Armaments","Thunderclap","Heavy Blade"],"picked":"SKIP","floor":11.0},{"not_picked":["Intimidate","Ghostly Armor"],"picked":"Carnage","floor":12.0},{"not_picked":["Hemokinesis","Clash"],"picked":"True Grit","floor":13.0},{"not_picked":["Headbutt","Rupture+1","Shrug It Off"],"picked":"Demon Form+1","floor":14.0},{"not_picked":["Demon Form+1","Fiend Fire","Feed"],"picked":"Offering","floor":16.0},{"not_picked":["Shrug It Off","True Grit","Disarm"],"picked":"Inflame+1","floor":17},{"not_picked":["Pommel Strike","Body Slam","True Grit"],"picked":"Burning Pact","floor":17},{"not_picked":["Hemokinesis","Seeing Red","Clash"],"picked":"Flex","floor":17},{"not_picked":["Iron Wave","Flex","Combust+1"],"picked":"Sword Boomerang","floor":17},{"not_picked":["Twin Strike","Exhume","Rampage"],"picked":"Evolve+1","floor":17}],"player_experience":1348163,"relics_obtained":[{"floor":7.0,"key":"Bag of Marbles"},{"floor":8.0,"key":"Tiny Chest"},{"floor":9.0,"key":"Frozen Egg 2"},{"floor":10.0,"key":"Blue Candle"},{"floor":13.0,"key":"Question Card"}],"event_choices":[{"damage_healed":0.0,"max_hp_gain":0.0,"max_hp_loss":7.0,"gold_gain":0.0,"event_name":"Golden Idol","player_choice":"Lose Max HP","floor":2.0,"gold_loss":0.0,"damage_taken":0.0,"relics_obtained":["Golden Idol"]},{"damage_healed":0.0,"max_hp_gain":0.0,"max_hp_loss":0.0,"gold_gain":0.0,"cards_transformed":["Strike_R"],"event_name":"Living Wall","player_choice":"Change","floor":4.0,"gold_loss":0.0,"damage_taken":0.0,"cards_obtained":["Battle Trance"]},{"damage_healed":0.0,"max_hp_gain":0.0,"max_hp_loss":0.0,"gold_gain":75.0,"event_name":"World of Goop","player_choice":"Gather Gold","floor":5.0,"gold_loss":0.0,"damage_taken":11.0}],"is_beta":false,"boss_relics":[{"not_picked":["Sozu","White Beast Statue"],"picked":"Orrery"}],"items_purged_floors":[3],"is_endless":false,"potions_floor_spawned":[7,10,13,16],"killed_by":"2 Thieves","ascension_level":20}