{"gold_per_floor":[111,36,311,327,327,362,373,384,384,384,398,398,411,430,430,430],"floor_reached":16,"playtime":869,"items_purged":[],"score":212,"play_id":"58b3fefc-647b-4a8d-ac22-1ef039ab8a3e","local_time":"20190509161602","is_ascension_mode":true,"campfire_choices":[{"floor":10,"key":"REST"},{"floor":15,"key":"REST"}],"neow_cost":"CURSE","seed_source_timestamp":410251183497500,"circlet_count":0,"master_deck":["AscendersBane","Defend_G","Defend_G","Defend_G","Defend_G","Defend_G","Strike_G","Strike_G","Strike_G","Strike_G","Survivor","Neutralize","Crippling Poison","Regret","Backstab","Bane","Crippling Poison","Dagger Throw","Cloak And Dagger","Deadly Poison","Distraction","Predator"],"relics":["Ring of the Snake","Bag of Preparation","Sundial"],"potions_floor_usage":[8,12,14,16],"damage_taken":[{"damage":3,"enemies":"Small Slimes","floor":1,"turns":7},{"damage":6,"enemies":"Jaw Worm","floor":4,"turns":6},{"damage":52,"enemies":"3 Sentries","floor":6,"turns":14},{"damage":6,"enemies":"Cultist","floor":7,"turns":3},{"damage":1,"enemies":"2 Fungi Beasts","floor":8,"turns":3},{"damage":9,"enemies":"Gremlin Gang","floor":11,"turns":4},{"damage":3,"enemies":"Large Slime","floor":12,"turns":5},{"damage":10,"enemies":"3 Louse","floor":13,"turns":3},{"damage":0,"enemies":"Looter","floor":14,"turns":1},{"damage":27,"enemies":"The Guardian","floor":16,"turns":9}],"seed_played":"-3936265707373697744","potions_obtained":[{"floor":4,"key":"SmokeBomb"},{"floor":6,"key":"SkillPotion"},{"floor":11,"key":"SteroidPotion"},{"floor":14,"key":"SteroidPotion"}],"is_trial":false,"path_per_floor":["M","?","?","M","?","E","M","M","T","R","M","M","M","M","R","B"],"character_chosen":"THE_SILENT","items_purchased":[],"campfire_rested":2,"item_purchase_floors":[],"current_hp_per_floor":[68,68,68,62,62,10,4,3,3,25,16,13,3,3,25,0],"gold":430,"neow_bonus":"TWENTY_PERCENT_HP_BONUS","is_prod":false,"is_daily":false,"chose_seed":false,"campfire_upgraded":0,"win_rate":0,"timestamp":1557414962,"path_taken":["M","?","?","?","?","E","M","?","T","R","M","?","M","M","R","BOSS"],"build_version":"2019-01-23","purchased_purges":0,"victory":false,"max_hp_per_floor":[78,75,75,75,75,75,75,75,75,75,75,75,75,75,75,75],"card_choices":[{"not_picked":["Blade Dance","Leg Sweep"],"picked":"Crippling Poison","floor":1},{"not_picked":["Crippling Poison","Leg Sweep"],"picked":"Backstab","floor":4},{"not_picked":["Tools of the Trade","Deflect"],"picked":"Crippling Poison","floor":6},{"not_picked":["Outmaneuver","Deflect"],"picked":"Dagger Throw","floor":7},{"not_picked":["Riddle With Holes","Dagger Throw"],"picked":"Cloak And Dagger","floor":8},{"not_picked":["Endless Agony","Eviscerate"],"picked":"Deadly Poison","floor":11},{"not_picked":["Quick Slash","Accuracy"],"picked":"Distraction","floor":13},{"not_picked":["Reflex","Expertise"],"picked":"Predator","floor":14}],"player_experience":502615,"relics_obtained":[{"floor":6,"key":"Bag of Preparation"},{"floor":9,"key":"Sundial"}],"event_choices":[{"cards_removed":["Parasite"],"damage_healed":0,"gold_gain":0,"player_choice":"Card Removal","damage_taken":0,"max_hp_gain":0,"max_hp_loss":0,"event_name":"The Cleric","floor":2,"gold_loss":75},{"damage_healed":0,"gold_gain":275,"player_choice":"Desecrate","damage_taken":0,"max_hp_gain":0,"max_hp_loss":0,"event_name":"Golden Shrine","floor":3,"gold_loss":0,"cards_obtained":["Regret"]},{"damage_healed":0,"gold_gain":0,"cards_transformed":["Strike_G"],"player_choice":"Transformed","damage_taken":0,"max_hp_gain":0,"max_hp_loss":0,"event_name":"Transmorgrifier","floor":5,"gold_loss":0,"cards_obtained":["Bane"]}],"is_beta":false,"boss_relics":[],"items_purged_floors":[],"is_endless":false,"potions_floor_spawned":[4,6,7,11,14],"killed_by":"The Guardian","ascension_level":20}