{"gold_per_floor":[112,112,127,202,202,235,235,235,235,268,297,317,317,335,335,335],"floor_reached":16,"playtime":266,"items_purged":[],"score":266,"play_id":"79d63c64-499c-4a3d-b539-b9b7b11f523b","local_time":"20190508003047","is_ascension_mode":true,"campfire_choices":[{"floor":8.0,"key":"REST"},{"floor":13,"key":"REST"},{"data":"Noxious Fumes","floor":15,"key":"SMITH"}],"neow_cost":"NONE","seed_source_timestamp":208864412901211,"circlet_count":0,"master_deck":["AscendersBane","Defend_G+1","Defend_G","Defend_G","Defend_G","Defend_G","Strike_G","Strike_G","Strike_G","Strike_G","Strike_G","Survivor","Neutralize","Masterful Stab+1","Dagger Spray","Noxious Fumes+1","Corpse Explosion","Noxious Fumes","Cloak And Dagger","Cloak And Dagger"],"special_seed":0,"relics":["Ring of the Snake","NeowsBlessing","Anchor","Odd Mushroom"],"potions_floor_usage":[16,16],"damage_taken":[{"damage":0.0,"enemies":"Small Slimes","floor":1.0,"turns":1.0},{"damage":0.0,"enemies":"Jaw Worm","floor":3.0,"turns":1.0},{"damage":0.0,"enemies":"Lagavulin","floor":6.0,"turns":1.0},{"damage":30.0,"enemies":"Gremlin Nob","floor":10.0,"turns":4.0},{"damage":0,"enemies":"The Mushroom Lair","floor":11,"turns":2},{"damage":0,"enemies":"2 Louse","floor":12,"turns":2},{"damage":1,"enemies":"Large Slime","floor":14,"turns":4},{"damage":39,"enemies":"Slime Boss","floor":16,"turns":7}],"seed_played":"-7301273224974955662","potions_obtained":[{"floor":1.0,"key":"SteroidPotion"},{"floor":10,"key":"Block Potion"},{"floor":14,"key":"GamblersBrew"}],"is_trial":false,"path_per_floor":["M","?","M","?","?","E","?","R","T","E","?","M","R","M","R","B"],"character_chosen":"THE_SILENT","items_purchased":[],"campfire_rested":2,"item_purchase_floors":[],"current_hp_per_floor":[59,39,39,28,28,28,28,47,47,17,17,17,36,35,35,0],"gold":335,"neow_bonus":"THREE_ENEMY_KILL","is_prod":false,"is_daily":false,"chose_seed":false,"campfire_upgraded":1,"win_rate":0,"timestamp":1557286247,"path_taken":["M","?","M","?","?","E","?","R","T","E","?","M","R","M","R","BOSS"],"build_version":"2019-01-23","purchased_purges":0,"victory":false,"max_hp_per_floor":[66,66,66,66,66,66,66,66,66,66,66,66,66,66,66,66],"card_choices":[{"not_picked":["Outmaneuver","Slice"],"picked":"Masterful Stab","floor":1.0},{"not_picked":["Deflect","Blade Dance"],"picked":"Dagger Spray","floor":3.0},{"not_picked":["Predator","Skewer"],"picked":"Noxious Fumes","floor":6.0},{"not_picked":["Sucker Punch","Deadly Poison"],"picked":"Corpse Explosion","floor":10},{"not_picked":["Cloak And Dagger","Flying Knee"],"picked":"Noxious Fumes","floor":11},{"not_picked":["Predator","Slice"],"picked":"Cloak And Dagger","floor":12},{"not_picked":["Dodge and Roll","Dagger Spray"],"picked":"Cloak And Dagger","floor":14}],"player_experience":2288865,"relics_obtained":[{"floor":6.0,"key":"Anchor"},{"floor":11,"key":"Odd Mushroom"}],"event_choices":[{"damage_healed":0.0,"max_hp_gain":0.0,"max_hp_loss":0.0,"gold_gain":0.0,"event_name":"Shining Light","player_choice":"Entered Light","floor":2.0,"gold_loss":0.0,"damage_taken":20.0,"cards_upgraded":["Defend_G","Masterful Stab"]},{"damage_healed":0.0,"max_hp_gain":0.0,"max_hp_loss":0.0,"gold_gain":75.0,"event_name":"World of Goop","player_choice":"Gather Gold","floor":4.0,"gold_loss":0.0,"damage_taken":11.0},{"damage_healed":0.0,"max_hp_gain":0.0,"max_hp_loss":0.0,"gold_gain":0.0,"event_name":"Liars Game","player_choice":"Ignored","floor":5.0,"gold_loss":0.0,"damage_taken":0.0},{"damage_healed":0.0,"max_hp_gain":0.0,"max_hp_loss":0.0,"gold_gain":0.0,"event_name":"Scrap Ooze","player_choice":"Fled","floor":7.0,"gold_loss":0.0,"damage_taken":0.0},{"damage_healed":0,"gold_gain":0,"player_choice":"Fought Mushrooms","damage_taken":0,"max_hp_gain":0,"max_hp_loss":0,"event_name":"Mushrooms","floor":11,"gold_loss":0}],"is_beta":false,"boss_relics":[],"items_purged_floors":[],"is_endless":false,"potions_floor_spawned":[1,10,14],"killed_by":"Slime Boss","ascension_level":20}