{"gold_per_floor":[119,119,119,5,5,5,35,35,59,88,106,6,6,28,28,129,129,112,112,92,102,121,121,121,121,121,121,146,61,61,61,61,61],"floor_reached":33,"playtime":1070,"items_purged":["Strike_B","Strike_B"],"score":362,"play_id":"47acc2be-a117-4c14-bdff-58cf6fe156e8","local_time":"20190330211140","is_ascension_mode":true,"campfire_choices":[{"floor":6,"key":"REST"},{"data":"Dualcast","floor":8,"key":"SMITH"},{"floor":13,"key":"REST"},{"data":"Auto Shields","floor":15,"key":"SMITH"},{"data":"Buffer","floor":23,"key":"SMITH"},{"floor":25,"key":"REST"},{"data":"Hello World","floor":27,"key":"SMITH"},{"data":"Rebound","floor":32,"key":"SMITH"}],"neow_cost":"NONE","seed_source_timestamp":217355232018172,"circlet_count":0,"master_deck":["Strike_B","Defend_B","Defend_B","Defend_B+1","Zap+1","Dualcast+1","White Noise","Gash","Rebound+1","Auto Shields+1","Buffer+1","Streamline+1","Hello World+1","Hyperbeam"],"relics":["Cracked Core","Vajra","Turnip","Juzu Bracelet","Oddly Smooth Stone","Incense Burner","Odd Mushroom","Nuclear Battery","Shuriken","Bag of Marbles","PreservedInsect"],"potions_floor_usage":[],"damage_taken":[{"damage":5,"enemies":"Small Slimes","floor":1,"turns":3},{"damage":0,"enemies":"Lagavulin","floor":7,"turns":7},{"damage":22,"enemies":"3 Sentries","floor":10,"turns":7},{"damage":0,"enemies":"2 Louse","floor":11,"turns":2},{"damage":18,"enemies":"The Mushroom Lair","floor":14,"turns":4},{"damage":8,"enemies":"Hexaghost","floor":16,"turns":10},{"damage":12,"enemies":"2 Thieves","floor":18,"turns":4},{"damage":0,"enemies":"Chosen","floor":21,"turns":6},{"damage":23,"enemies":"Sentry and Sphere","floor":22,"turns":6},{"damage":0,"enemies":"Gremlin Leader","floor":28,"turns":7},{"damage":60,"enemies":"Automaton","floor":33,"turns":8}],"seed_played":"-2717942618214366244","potions_obtained":[{"floor":7,"key":"SteroidPotion"},{"floor":14,"key":"SteroidPotion"},{"floor":20,"key":"SneckoOil"},{"floor":21,"key":"EntropicBrew"}],"is_trial":false,"path_per_floor":["M","?","?","$","?","R","E","R","T","E","M","$","R","?","R","B",null,"M","?","?","M","M","R","?","R","T","R","E","?","$","?","R","B"],"character_chosen":"DEFECT","items_purchased":["White Noise"],"campfire_rested":3,"item_purchase_floors":[4],"current_hp_per_floor":[70,55,13,13,13,35,35,35,35,13,13,13,35,17,17,9,75,63,49,49,49,26,26,26,50,50,50,50,50,50,50,50,0],"gold":61,"neow_bonus":"RANDOM_COMMON_RELIC","is_prod":false,"is_daily":false,"chose_seed":false,"campfire_upgraded":5,"win_rate":0,"timestamp":1553998300,"path_taken":["M","?","?","$","?","R","E","R","T","E","M","?","R","?","R","BOSS","M","?","?","M","M","R","?","R","T","R","E","?","?","?","R","BOSS"],"build_version":"2019-03-15","purchased_purges":2,"victory":false,"max_hp_per_floor":[75,75,75,75,75,75,75,75,75,75,75,75,75,75,75,75,75,75,80,80,80,80,80,80,80,80,80,80,80,80,80,80,80],"card_choices":[{"not_picked":["Ball Lightning","Darkness","Glacier"],"picked":"SKIP","floor":1},{"not_picked":["Double Energy","Ball Lightning","Aggregate"],"picked":"SKIP","floor":7},{"not_picked":["Melter","Auto Shields"],"picked":"Gash","floor":10},{"not_picked":["Rip and Tear","Heatsinks"],"picked":"Rebound","floor":11},{"not_picked":["Stack","Compile Driver"],"picked":"Auto Shields","floor":14},{"not_picked":["Multi-Cast","Biased Cognition"],"picked":"Buffer","floor":16},{"not_picked":["Barrage","Compile Driver","Turbo+1"],"picked":"SKIP","floor":18},{"not_picked":["Cold Snap+1","Redo"],"picked":"Streamline+1","floor":21},{"not_picked":["Undo","Turbo"],"picked":"Hello World","floor":22},{"not_picked":["Recycle","Doom and Gloom","Cold Snap"],"picked":"SKIP","floor":28}],"player_experience":262269,"relics_obtained":[{"floor":7,"key":"Juzu Bracelet"},{"floor":9,"key":"Oddly Smooth Stone"},{"floor":10,"key":"Incense Burner"},{"floor":14,"key":"Odd Mushroom"},{"floor":26,"key":"Shuriken"},{"floor":28,"key":"Bag of Marbles"}],"event_choices":[{"damage_healed":0,"gold_gain":0,"player_choice":"Entered Light","damage_taken":15,"max_hp_gain":0,"max_hp_loss":0,"event_name":"Shining Light","floor":2,"gold_loss":0,"cards_upgraded":["Defend_B","Zap"]},{"damage_healed":0,"gold_gain":0,"player_choice":"Success","damage_taken":42,"relics_obtained":["Turnip"],"max_hp_gain":0,"max_hp_loss":0,"event_name":"Scrap Ooze","floor":3,"gold_loss":0},{"cards_removed":["Defend_B"],"damage_healed":0,"gold_gain":0,"player_choice":"Forget","damage_taken":0,"max_hp_gain":0,"max_hp_loss":0,"event_name":"Living Wall","floor":5,"gold_loss":0},{"damage_healed":0,"gold_gain":0,"player_choice":"Fought Mushrooms","damage_taken":0,"max_hp_gain":0,"max_hp_loss":0,"event_name":"Mushrooms","floor":14,"gold_loss":0},{"damage_healed":0,"gold_gain":0,"player_choice":"Shed Blood","damage_taken":19,"max_hp_gain":5,"max_hp_loss":0,"event_name":"Forgotten Altar","floor":19,"gold_loss":0},{"damage_healed":0,"gold_gain":0,"player_choice":"Bought 1 Potion","damage_taken":0,"max_hp_gain":0,"max_hp_loss":0,"event_name":"The Woman in Blue","floor":20,"gold_loss":0},{"damage_healed":0,"gold_gain":0,"player_choice":"Ignored","damage_taken":0,"max_hp_gain":0,"max_hp_loss":0,"event_name":"Vampires","floor":24,"gold_loss":0},{"damage_healed":0,"gold_gain":0,"player_choice":"Obtained Relic","damage_taken":0,"relics_obtained":["PreservedInsect"],"max_hp_gain":0,"max_hp_loss":0,"event_name":"Addict","floor":29,"gold_loss":85},{"damage_healed":0,"gold_gain":0,"cards_transformed":["Strike_B"],"player_choice":"Transformed","damage_taken":0,"max_hp_gain":0,"max_hp_loss":0,"event_name":"Transmorgrifier","floor":31,"gold_loss":0,"cards_obtained":["Hyperbeam"]}],"is_beta":true,"boss_relics":[{"not_picked":["Lizard Tail","Ectoplasm"],"picked":"Nuclear Battery"}],"items_purged_floors":[4,12],"is_endless":false,"potions_floor_spawned":[7,14,21,28],"killed_by":"Automaton","ascension_level":3}