{"path_per_floor":["M","?","?","M","M","R","M","R","T","$","M","M","?","E","R","B",null,"M","?","M","?","M","R","?","M","T","E","R","M","R","M","R","B",null,"M","?","?","M","M","E","R","$","T","R","?","$","R","?","R"],"character_chosen":"IRONCLAD","items_purchased":["Perfected Strike","Paper Frog","Secret Technique","Gambling Chip"],"gold_per_floor":[119,119,119,138,151,151,163,163,163,137,155,168,168,194,194,290,290,306,306,321,321,337,337,337,350,650,675,675,692,692,710,710,812,812,828,828,828,838,850,880,880,361,361,361,361,48,48,101,101,101],"floor_reached":50,"campfire_rested":0,"playtime":1565,"current_hp_per_floor":[80,80,80,80,80,80,73,73,73,73,70,70,70,77,77,79,90,90,90,89,89,90,90,90,86,86,66,66,68,68,70,70,61,90,90,90,79,85,85,79,79,79,79,79,79,79,79,81,81,0],"items_purged":["Writhe"],"gold":101,"score":566,"play_id":"43f45d5e-7345-49cd-aadf-4a18dc72ae13","local_time":"20180401164010","is_prod":false,"is_daily":false,"is_ascension_mode":false,"campfire_upgraded":5,"timestamp":1522618810,"path_taken":["M","?","?","M","M","R","M","R","T","$","M","M","?","E","R","BOSS","M","?","M","?","?","R","?","M","T","E","R","M","R","M","R","BOSS","M","?","?","?","M","E","R","$","T","R","?","$","R","?","R","BOSS"],"build_version":"2018-03-29","purchased_purges":4,"victory":false,"master_deck":["Strike_R","Strike_R","Strike_R","Strike_R","Strike_R","Defend_R","Defend_R","Bash+1","Perfected Strike+1","Swift Strike","Wild Strike","Perfected Strike+1","Pommel Strike","Armaments+1","Offering+1","Double Tap+1","Perfected Strike+1","Pommel Strike","Perfected Strike+1","Wild Strike","Twin Strike+1","Pommel Strike","Double Tap","Twin Strike+1","Madness","Madness","Perfected Strike","Wild Strike","Shockwave+1","Secret Technique+1"],"max_hp_per_floor":[80,80,80,80,80,80,80,80,80,80,80,80,80,90,90,90,90,90,90,90,90,90,90,90,90,90,90,90,90,90,90,90,90,90,90,90,90,90,90,90,90,90,90,90,90,90,90,90,90,90],"relics":["Burning Blood","Shovel","Pear","Velvet Choker","Dodecahedron","War Paint","Old Coin","Gremlin Horn","Orichalcum","Bag of Preparation","Mark of Pain","Blue Candle","Blood Vial","Paper Frog","Ginger","Gambling Chip","Magic Flower","Sundial","Smiling Mask"],"card_choices":[{"not_picked":["Anger","Headbutt"],"picked":"Perfected Strike","floor":1},{"not_picked":["Thunderclap","Flame Barrier"],"picked":"Wild Strike","floor":5},{"not_picked":["Shockwave","Iron Wave"],"picked":"Pommel Strike","floor":11},{"not_picked":["Searing Blow","Rage"],"picked":"Armaments","floor":12},{"not_picked":["Immolate","Hemokinesis"],"picked":"Offering","floor":14},{"not_picked":["Dark Embrace","Reaper"],"picked":"Double Tap","floor":16},{"not_picked":["Headbutt","Pommel Strike"],"picked":"Perfected Strike","floor":18},{"not_picked":["Headbutt","Armaments"],"picked":"Wild Strike","floor":25},{"not_picked":["Clash","Combust"],"picked":"Twin Strike","floor":27},{"not_picked":["Clash","Shockwave"],"picked":"Pommel Strike","floor":29},{"not_picked":["Iron Wave","Heavy Blade"],"picked":"Metallicize","floor":31},{"not_picked":["Limit Break","Berserk"],"picked":"Double Tap","floor":33},{"not_picked":["Dropkick","Wild Strike"],"picked":"Twin Strike","floor":35},{"not_picked":["Headbutt","Shrug It Off"],"picked":"Perfected Strike","floor":38},{"not_picked":["True Grit","Anger"],"picked":"Wild Strike","floor":39},{"not_picked":["Blood for Blood","Sever Soul"],"picked":"Shockwave","floor":40}],"player_experience":157941,"potions_floor_usage":[16,25,27,33,50,50,50],"damage_taken":[{"damage":2,"enemies":"2 Louse","floor":1,"turns":3},{"damage":6,"enemies":"Cultist","floor":4,"turns":3},{"damage":6,"enemies":"Jaw Worm","floor":5,"turns":2},{"damage":13,"enemies":"2 Fungi Beasts","floor":7,"turns":3},{"damage":9,"enemies":"Exordium Thugs","floor":11,"turns":3},{"damage":6,"enemies":"Large Slime","floor":12,"turns":3},{"damage":9,"enemies":"3 Sentries","floor":14,"turns":5},{"damage":4,"enemies":"Slime Boss","floor":16,"turns":4},{"damage":4,"enemies":"2 Thieves","floor":18,"turns":2},{"damage":7,"enemies":"3 Byrds","floor":20,"turns":3},{"damage":1,"enemies":"Cultist and Chosen","floor":22,"turns":3},{"damage":10,"enemies":"Snake Plant","floor":25,"turns":2},{"damage":26,"enemies":"Slavers","floor":27,"turns":3},{"damage":4,"enemies":"Centurion and Healer","floor":29,"turns":2},{"damage":4,"enemies":"Snecko","floor":31,"turns":1},{"damage":24,"enemies":"Champ","floor":33,"turns":4},{"damage":0,"enemies":"Flame Bruiser 1 Orb","floor":35,"turns":2},{"damage":0,"enemies":"Orb Walker","floor":38,"turns":1},{"damage":6,"enemies":"4 Shapes","floor":39,"turns":1},{"damage":12,"enemies":"Nemesis","floor":40,"turns":3},{"damage":10,"enemies":"Mysterious Sphere","floor":48,"turns":1},{"damage":85,"enemies":"Awakened One","floor":50,"turns":5}],"event_choices":[{"event_name":"Match and Keep!","player_choice":"1 cards matched","floor":2,"damage_taken":0},{"event_name":"Purifier","player_choice":"One Purge","floor":3,"damage_taken":0},{"event_name":"The Lab","player_choice":"Got Potions","floor":13,"damage_taken":0},{"event_name":"Transmorgrifier","player_choice":"Transform","floor":19,"damage_taken":0},{"event_name":"The Mausoleum","player_choice":"Yes","floor":21,"damage_taken":0},{"event_name":"Duplicator","player_choice":"One dupe","floor":24,"damage_taken":0},{"event_name":"Tomb of Lord Red Mask","player_choice":"Ignored","floor":36,"damage_taken":0},{"event_name":"Winding Halls","player_choice":"Embrace Madness","floor":37,"damage_taken":0},{"event_name":"Mysterious Sphere","player_choice":"Fight","floor":48,"damage_taken":0}],"boss_relics":[{"not_picked":["Eternal Feather","Ectoplasm"],"picked":"Velvet Choker"},{"not_picked":["Orrery","Black Star"],"picked":"Mark of Pain"}],"potions_floor_spawned":[11,12,18,25,31,35,39],"seed_played":"4822096561359757281","killed_by":"Awakened One","ascension_level":0,"is_trial":false}