{"gold_per_floor":[119,119,133,46,46,46,75,75,75,75,94,112,125,157,157,228,228,244,258,273,323,343,343,343],"floor_reached":24,"playtime":706,"items_purged":[],"score":416,"play_id":"c60a9d95-950c-48b9-b3f7-b94f17cd058a","local_time":"20190506094249","is_ascension_mode":true,"campfire_choices":[{"data":"Inflame","floor":6,"key":"SMITH"},{"data":"Clothesline","floor":8,"key":"SMITH"},{"data":"Iron Wave","floor":10,"key":"SMITH"},{"data":"Flame Barrier","floor":15,"key":"SMITH"},{"floor":23,"key":"REST"}],"neow_cost":"NONE","seed_source_timestamp":68765607426345,"circlet_count":0,"master_deck":["AscendersBane","Strike_R","Strike_R","Strike_R","Strike_R","Strike_R","Defend_R","Defend_R","Defend_R","Defend_R","Bash+1","Headbutt","Clothesline+1","Inflame+1","Iron Wave+1","Shrug It Off","Thunderclap","Flame Barrier+1","Whirlwind+1","Sword Boomerang+1","Shrug It Off","Shrug It Off"],"relics":["Burning Blood","StoneCalendar","Dodecahedron","Philosopher\u0027s Stone"],"potions_floor_usage":[12,13,24],"damage_taken":[{"damage":4,"enemies":"Small Slimes","floor":1,"turns":3},{"damage":4,"enemies":"Jaw Worm","floor":3,"turns":5},{"damage":30,"enemies":"Lagavulin","floor":7,"turns":6},{"damage":6,"enemies":"Cultist","floor":11,"turns":3},{"damage":18,"enemies":"Lots of Slimes","floor":12,"turns":6},{"damage":7,"enemies":"3 Louse","floor":13,"turns":3},{"damage":15,"enemies":"3 Sentries","floor":14,"turns":7},{"damage":25,"enemies":"The Guardian","floor":16,"turns":13},{"damage":20,"enemies":"2 Thieves","floor":18,"turns":5},{"damage":5,"enemies":"Chosen","floor":19,"turns":3},{"damage":26,"enemies":"3 Cultists","floor":20,"turns":4},{"damage":14,"enemies":"Centurion and Healer","floor":22,"turns":7},{"damage":54,"enemies":"Book of Stabbing","floor":24,"turns":5}],"seed_played":"-3512323483844635524","potions_obtained":[{"floor":1,"key":"Energy Potion"},{"floor":5,"key":"Regen Potion"},{"floor":7,"key":"AttackPotion"},{"floor":14,"key":"SteroidPotion"},{"floor":16,"key":"Dexterity Potion"}],"is_trial":false,"path_per_floor":["M","?","M","$","?","R","E","R","T","R","M","M","M","E","R","B",null,"M","M","M","?","M","R","E"],"character_chosen":"IRONCLAD","items_purchased":["Inflame"],"campfire_rested":1,"item_purchase_floors":[4],"current_hp_per_floor":[77,77,79,79,79,79,55,55,55,55,55,58,57,48,48,29,69,55,56,36,36,28,52,0],"gold":343,"neow_bonus":"TEN_PERCENT_HP_BONUS","is_prod":false,"is_daily":false,"chose_seed":false,"campfire_upgraded":4,"win_rate":0,"timestamp":1557146569,"path_taken":["M","?","M","$","?","R","E","R","T","R","M","M","?","E","R","BOSS","M","?","M","?","M","R","E"],"build_version":"2019-01-23","purchased_purges":0,"victory":false,"max_hp_per_floor":[82,82,82,82,82,82,82,82,82,82,82,82,82,82,82,82,82,82,82,82,82,82,82,82],"card_choices":[{"not_picked":["Metallicize","Perfected Strike"],"picked":"Headbutt","floor":1},{"not_picked":["Sentinel","Burning Pact"],"picked":"Clothesline","floor":3},{"not_picked":["Perfected Strike","Flex"],"picked":"Iron Wave","floor":7},{"not_picked":["Anger","Hemokinesis"],"picked":"Shrug It Off","floor":11},{"not_picked":["Havoc","Warcry"],"picked":"Thunderclap","floor":12},{"not_picked":["Anger","Headbutt"],"picked":"Flame Barrier","floor":13},{"not_picked":["Blood for Blood","Twin Strike","Seeing Red"],"picked":"SKIP","floor":14},{"not_picked":["Metallicize","Perfected Strike"],"picked":"Whirlwind+1","floor":18},{"not_picked":["Cleave","Havoc"],"picked":"Sword Boomerang+1","floor":19},{"not_picked":["Rupture","Twin Strike"],"picked":"Shrug It Off","floor":20},{"not_picked":["Shockwave","Searing Blow+1"],"picked":"Shrug It Off","floor":22}],"player_experience":2263942,"relics_obtained":[{"floor":7,"key":"StoneCalendar"},{"floor":14,"key":"Dodecahedron"}],"event_choices":[{"damage_healed":0,"gold_gain":0,"player_choice":"Grow","damage_taken":0,"max_hp_gain":0,"max_hp_loss":0,"event_name":"Living Wall","floor":2,"gold_loss":0,"cards_upgraded":["Bash"]},{"damage_healed":0,"gold_gain":0,"player_choice":"Got Potions","damage_taken":0,"max_hp_gain":0,"max_hp_loss":0,"event_name":"Lab","floor":5,"gold_loss":0},{"damage_healed":0,"gold_gain":50,"player_choice":"Stole From Cult","damage_taken":0,"max_hp_gain":0,"max_hp_loss":0,"event_name":"Nest","floor":21,"gold_loss":0}],"is_beta":false,"boss_relics":[{"not_picked":["Lizard Tail","Astrolabe"],"picked":"Philosopher\u0027s Stone"}],"items_purged_floors":[],"is_endless":false,"potions_floor_spawned":[1,7,11,14,16,18,22],"killed_by":"Book of Stabbing","ascension_level":20}