{"gold_per_floor":[109,125,144,144,144,144,70,114,114,114,138,159,193,213,213,306,306,326,342,356,406,406,406,77,98,149,182,196,96,96,139,139,237,237,252,46,0,16,34,34,48,91,117,153,177,212,212,62,62,62,62],"floor_reached":51,"playtime":2815,"items_purged":["Strike_R","Strike_R","Strike_R","Strike_R"],"score":1674,"play_id":"2688584c-f42f-4478-b119-4381dce85853","local_time":"20190224225643","is_ascension_mode":true,"campfire_choices":[{"data":"Body Slam","floor":6.0,"key":"SMITH"},{"data":"Immolate","floor":10.0,"key":"SMITH"},{"data":"Shrug It Off","floor":15.0,"key":"SMITH"},{"data":"Second Wind","floor":23.0,"key":"SMITH"},{"data":"Demon Form","floor":32.0,"key":"SMITH"},{"data":"Offering","floor":40.0,"key":"SMITH"},{"data":"Burning Pact","floor":49,"key":"SMITH"}],"neow_cost":"NONE","seed_source_timestamp":344390212994658,"circlet_count":0,"master_deck":["AscendersBane","Strike_R","Defend_R","Defend_R","Defend_R","Defend_R","Bash+1","Body Slam+1","True Grit+1","Flex+1","Immolate+1","Feel No Pain","Burning Pact+1","Shrug It Off+1","Second Wind+1","Impervious+1","Panacea","Sword Boomerang+1","Demon Form+1","Ghostly","Ghostly","Bloodletting+1","Offering+1","Warcry+1","Evolve","Evolve+1"],"special_seed":0,"relics":["Burning Blood","NeowsBlessing","Golden Idol","Letter Opener","Self Forming Clay","Runic Dome","War Paint","Oddly Smooth Stone","Omamori","Orichalcum","Mark of Pain","Red Mask","Frozen Egg 2","Strawberry","Potion Belt","Whetstone"],"potions_floor_usage":[51],"damage_taken":[{"damage":0.0,"enemies":"Cultist","floor":1.0,"turns":1.0},{"damage":0.0,"enemies":"Jaw Worm","floor":2.0,"turns":1.0},{"damage":0.0,"enemies":"2 Louse","floor":3.0,"turns":1.0},{"damage":11.0,"enemies":"3 Sentries","floor":8.0,"turns":5.0},{"damage":8.0,"enemies":"Lots of Slimes","floor":11.0,"turns":3.0},{"damage":6.0,"enemies":"Exordium Thugs","floor":12.0,"turns":4.0},{"damage":29.0,"enemies":"Gremlin Nob","floor":13.0,"turns":4.0},{"damage":1.0,"enemies":"2 Fungi Beasts","floor":14.0,"turns":2.0},{"damage":40.0,"enemies":"The Guardian","floor":16.0,"turns":15.0},{"damage":4.0,"enemies":"Shell Parasite","floor":18.0,"turns":6.0},{"damage":10.0,"enemies":"Spheric Guardian","floor":19.0,"turns":6.0},{"damage":29.0,"enemies":"Chosen and Byrds","floor":20.0,"turns":7.0},{"damage":6.0,"enemies":"3 Cultists","floor":25.0,"turns":4.0},{"damage":0.0,"enemies":"Gremlin Leader","floor":27.0,"turns":7.0},{"damage":1.0,"enemies":"Centurion and Healer","floor":28.0,"turns":6.0},{"damage":25.0,"enemies":"Slavers","floor":31.0,"turns":8.0},{"damage":10.0,"enemies":"Automaton","floor":33.0,"turns":9.0},{"damage":6.0,"enemies":"3 Darklings","floor":35.0,"turns":6.0},{"damage":0.0,"enemies":"Orb Walker","floor":38.0,"turns":3.0},{"damage":1.0,"enemies":"Maw","floor":39.0,"turns":7.0},{"damage":6.0,"enemies":"Jaw Worm Horde","floor":41.0,"turns":5.0},{"damage":13.0,"enemies":"Giant Head","floor":42.0,"turns":7.0},{"damage":7.0,"enemies":"Reptomancer","floor":44.0,"turns":5.0},{"damage":6.0,"enemies":"Transient","floor":45.0,"turns":6.0},{"damage":2,"enemies":"Nemesis","floor":46,"turns":7},{"damage":24,"enemies":"Time Eater","floor":50,"turns":5},{"damage":30,"enemies":"Awakened One","floor":51,"turns":5}],"seed_played":"-7589260047372395020","potions_obtained":[{"floor":8.0,"key":"AttackPotion"},{"floor":11.0,"key":"Block Potion"},{"floor":12.0,"key":"BloodPotion"},{"floor":13.0,"key":"GamblersBrew"},{"floor":18.0,"key":"Block Potion"},{"floor":20.0,"key":"SpeedPotion"},{"floor":25.0,"key":"SmokeBomb"},{"floor":31.0,"key":"EssenceOfSteel"},{"floor":38.0,"key":"Ancient Potion"},{"floor":46,"key":"FearPotion"}],"is_trial":false,"path_per_floor":["M","M","M","?","?","R","$","E","T","R","M","M","E","M","R","B",null,"M","M","M","?","?","R","$","M","T","E","M","$","?","E","R","B",null,"M","$","?","M","M","R","M","E","T","E","M","E","?","$","R","B","B"],"character_chosen":"IRONCLAD","items_purchased":["Immolate","War Paint","Panacea","Evolve"],"campfire_rested":0,"item_purchase_floors":[7,24,24,36],"current_hp_per_floor":[74,75,75,68,68,68,68,63,63,63,61,61,44,49,49,15,55,57,53,30,30,30,30,30,30,30,36,41,41,34,15,15,11,28,28,28,28,34,34,34,34,27,34,33,33,37,37,37,37,19,0],"gold":62,"neow_bonus":"THREE_ENEMY_KILL","is_prod":false,"is_daily":false,"chose_seed":false,"campfire_upgraded":7,"win_rate":0,"timestamp":1551020203,"path_taken":["M","?","M","?","?","R","$","E","T","R","M","?","E","M","R","BOSS","M","M","M","?","?","R","$","?","T","E","M","?","?","E","R","BOSS","M","$","?","M","M","R","M","E","T","E","M","E","?","?","R","BOSS","BOSS"],"build_version":"2019-01-23","purchased_purges":4,"victory":false,"max_hp_per_floor":[75,75,75,68,68,68,68,68,68,68,68,68,68,68,68,68,68,68,68,68,68,68,68,68,68,68,68,68,68,34,34,34,34,34,34,34,34,34,34,34,34,34,41,41,41,41,41,41,41,41,41],"card_choices":[{"not_picked":["Pommel Strike","Wild Strike"],"picked":"Body Slam","floor":1.0},{"not_picked":["Sword Boomerang","Combust"],"picked":"True Grit","floor":2.0},{"not_picked":["Anger","Spot Weakness"],"picked":"Flex","floor":3.0},{"not_picked":["Ghostly Armor","Infernal Blade"],"picked":"Feel No Pain","floor":8.0},{"not_picked":["Wild Strike","Infernal Blade","Iron Wave"],"picked":"SKIP","floor":11.0},{"not_picked":["Reaper","Clothesline"],"picked":"Burning Pact","floor":12.0},{"not_picked":["Hemokinesis","Searing Blow"],"picked":"Shrug It Off","floor":13.0},{"not_picked":["Corruption","Rage"],"picked":"Second Wind","floor":14.0},{"not_picked":["Demon Form","Brutality"],"picked":"Impervious","floor":16.0},{"not_picked":["Armaments","True Grit","Iron Wave"],"picked":"SKIP","floor":18.0},{"not_picked":["Sever Soul","True Grit","Clash"],"picked":"SKIP","floor":19.0},{"not_picked":["Havoc","Wild Strike+1","Body Slam"],"picked":"SKIP","floor":20.0},{"not_picked":["Clothesline","Havoc","Clash"],"picked":"SKIP","floor":25.0},{"not_picked":["Pummel","Searing Blow"],"picked":"Sword Boomerang","floor":27.0},{"not_picked":["Pommel Strike","Spot Weakness"],"picked":"Demon Form","floor":28.0},{"not_picked":["Headbutt+1","Rage"],"picked":"Bloodletting+1","floor":31.0},{"not_picked":["Fiend Fire","Bludgeon"],"picked":"Offering","floor":33.0},{"not_picked":["Clothesline+1","Iron Wave"],"picked":"Warcry+1","floor":35.0},{"not_picked":["Disarm","Clothesline","Second Wind+1"],"picked":"SKIP","floor":38.0},{"not_picked":["Wild Strike+1","Heavy Blade","Carnage"],"picked":"SKIP","floor":39.0},{"not_picked":["Dropkick","Ghostly Armor","Intimidate+1"],"picked":"SKIP","floor":41.0},{"not_picked":["Thunderclap","Twin Strike","Intimidate"],"picked":"SKIP","floor":42.0},{"not_picked":["Twin Strike","Body Slam"],"picked":"Evolve+1","floor":44.0},{"not_picked":["Warcry","Shrug It Off","Fire Breathing+1"],"picked":"SKIP","floor":45.0},{"not_picked":["Sentinel+1","Sword Boomerang+1","Headbutt"],"picked":"SKIP","floor":46}],"player_experience":1045160,"relics_obtained":[{"floor":8.0,"key":"Letter Opener"},{"floor":13.0,"key":"Self Forming Clay"},{"floor":26.0,"key":"Oddly Smooth Stone"},{"floor":27.0,"key":"Omamori"},{"floor":31.0,"key":"Orichalcum"},{"floor":42.0,"key":"Frozen Egg 2"},{"floor":43.0,"key":"Strawberry"},{"floor":44.0,"key":"Potion Belt"},{"floor":46,"key":"Whetstone"}],"event_choices":[{"damage_healed":0.0,"max_hp_gain":0.0,"max_hp_loss":7.0,"gold_gain":0.0,"event_name":"Golden Idol","player_choice":"Lose Max HP","floor":4.0,"gold_loss":0.0,"damage_taken":0.0,"relics_obtained":["Golden Idol"]},{"damage_healed":0.0,"max_hp_gain":0.0,"max_hp_loss":0.0,"gold_gain":0.0,"event_name":"Accursed Blacksmith","player_choice":"Forge","floor":5.0,"gold_loss":0.0,"damage_taken":0.0,"cards_upgraded":["True Grit"]},{"damage_healed":0.0,"max_hp_gain":0.0,"max_hp_loss":0.0,"gold_gain":50.0,"event_name":"Nest","player_choice":"Stole From Cult","floor":21.0,"gold_loss":0.0,"damage_taken":0.0},{"damage_healed":0.0,"max_hp_gain":0.0,"max_hp_loss":0.0,"gold_gain":0.0,"event_name":"Lab","player_choice":"Got Potions","floor":22.0,"gold_loss":0.0,"damage_taken":0.0},{"damage_healed":0.0,"max_hp_gain":0.0,"max_hp_loss":34.0,"gold_gain":0.0,"event_name":"Ghosts","player_choice":"Became a Ghost","floor":30.0,"gold_loss":0.0,"damage_taken":0.0,"cards_obtained":["Ghostly","Ghostly","Ghostly"]},{"damage_healed":0.0,"max_hp_gain":0.0,"max_hp_loss":0.0,"gold_gain":0.0,"event_name":"Tomb of Lord Red Mask","player_choice":"Paid","floor":37.0,"gold_loss":46.0,"damage_taken":0.0,"relics_obtained":["Red Mask"]},{"cards_removed":["Ghostly"],"damage_healed":0,"gold_gain":0,"player_choice":"Removed Skill","damage_taken":0,"max_hp_gain":0,"max_hp_loss":0,"event_name":"Falling","floor":47,"gold_loss":0}],"is_beta":false,"boss_relics":[{"not_picked":["Runic Cube","Pandora\u0027s Box"],"picked":"Runic Dome"},{"not_picked":["Orrery","Calling Bell"],"picked":"Mark of Pain"}],"items_purged_floors":[24,29,36,48],"is_endless":false,"potions_floor_spawned":[8,11,12,13,18,20,25,27,31,38,41,46],"killed_by":"Awakened One","ascension_level":20}