{"gold_per_floor":[110,110,130,205,130,156,156,185,210,210,110,110,110,144,144,219,219,192,205,4,23,23,23,38,38,38,79,122,79,113,142,142,220,220,234,586,586,586,599,632,632,661,715,319,345,357,372,372,372,372,372,372,372,46,73,73],"floor_reached":57,"playtime":2561,"items_purged":["Strike_R","Strike_R","Defend_R","Defend_R","Bash"],"score":2984,"play_id":"fa3f5b9d-5b0f-429e-8870-fc1ba8ce5266","local_time":"20190323000103","is_ascension_mode":true,"campfire_choices":[{"data":"Inflame","floor":7.0,"key":"SMITH"},{"data":"Limit Break","floor":10.0,"key":"SMITH"},{"data":"Sword Boomerang","floor":12.0,"key":"SMITH"},{"data":"True Grit","floor":15.0,"key":"SMITH"},{"data":"Dual Wield","floor":23.0,"key":"SMITH"},{"data":"Pommel Strike","floor":25.0,"key":"SMITH"},{"floor":32.0,"key":"RECALL"},{"data":"Dark Embrace","floor":41.0,"key":"SMITH"},{"data":"Battle Trance","floor":49.0,"key":"SMITH"},{"data":"Reaper","floor":53,"key":"SMITH"}],"neow_cost":"NONE","seed_source_timestamp":648599093591464,"circlet_count":0,"master_deck":["AscendersBane","Inflame+1","Sword Boomerang+1","Limit Break+1","True Grit+1","Reaper+1","Dual Wield+1","Pommel Strike+1","Dark Embrace+1","Warcry+1","Pommel Strike+1","Limit Break+1","Bloodletting+1","Battle Trance+1","Warcry+1","Offering"],"special_seed":0,"relics":["Burning Blood","NeowsBlessing","Blood Vial","Champion Belt","Juzu Bracelet","Shuriken","Busted Crown","Bag of Marbles","MawBank","Molten Egg 2","Red Mask","Darkstone Periapt","Astrolabe","Old Coin","Ancient Tea Set","Pen Nib","Bag of Preparation","Bottled Lightning","Du-Vu Doll"],"potions_floor_usage":[56,56],"damage_taken":[{"damage":0.0,"enemies":"Jaw Worm","floor":1.0,"turns":1.0},{"damage":0.0,"enemies":"Small Slimes","floor":3.0,"turns":1.0},{"damage":0.0,"enemies":"Lagavulin","floor":6.0,"turns":1.0},{"damage":10.0,"enemies":"Gremlin Nob","floor":8.0,"turns":3.0},{"damage":60.0,"enemies":"3 Sentries","floor":14.0,"turns":9.0},{"damage":18.0,"enemies":"Slime Boss","floor":16.0,"turns":5.0},{"damage":29.0,"enemies":"2 Thieves","floor":18.0,"turns":4.0},{"damage":27.0,"enemies":"Spheric Guardian","floor":19.0,"turns":5.0},{"damage":22.0,"enemies":"3 Cultists","floor":21.0,"turns":4.0},{"damage":53.0,"enemies":"Centurion and Healer","floor":24.0,"turns":6.0},{"damage":13.0,"enemies":"Book of Stabbing","floor":27.0,"turns":4.0},{"damage":42.0,"enemies":"Snake Plant","floor":28.0,"turns":5.0},{"damage":12.0,"enemies":"Masked Bandits","floor":30.0,"turns":3.0},{"damage":19.0,"enemies":"Gremlin Leader","floor":31.0,"turns":5.0},{"damage":162.0,"enemies":"Automaton","floor":33.0,"turns":10.0},{"damage":41.0,"enemies":"3 Shapes","floor":35.0,"turns":6.0},{"damage":129.0,"enemies":"2 Orb Walkers","floor":36.0,"turns":5.0},{"damage":57.0,"enemies":"3 Darklings","floor":39.0,"turns":5.0},{"damage":61.0,"enemies":"Nemesis","floor":40.0,"turns":5.0},{"damage":79.0,"enemies":"Reptomancer","floor":42.0,"turns":6.0},{"damage":6.0,"enemies":"Giant Head","floor":45.0,"turns":3.0},{"damage":45.0,"enemies":"Writhing Mass","floor":46.0,"turns":3.0},{"damage":3.0,"enemies":"Sphere and 2 Shapes","floor":47.0,"turns":2.0},{"damage":54.0,"enemies":"Donu and Deca","floor":50.0,"turns":4.0},{"damage":92.0,"enemies":"Awakened One","floor":51.0,"turns":5.0},{"damage":12,"enemies":"Shield and Spear","floor":55,"turns":1},{"damage":169,"enemies":"The Heart","floor":56,"turns":4}],"seed_played":"1313111020490900248","potions_obtained":[{"floor":1.0,"key":"SkillPotion"},{"floor":6.0,"key":"Dexterity Potion"},{"floor":16.0,"key":"BloodPotion"},{"floor":19.0,"key":"Fire Potion"},{"floor":24.0,"key":"Block Potion"},{"floor":27.0,"key":"Ancient Potion"},{"floor":31.0,"key":"Regen Potion"},{"floor":36.0,"key":"Weak Potion"},{"floor":37.0,"key":"Block Potion"},{"floor":37.0,"key":"Energy Potion"},{"floor":39.0,"key":"Fruit Juice"}],"is_trial":false,"path_per_floor":["M","?","M","?","$","E","R","E","T","R","$","R","?","E","R","B",null,"M","M","$","M","?","R","M","R","T","E","M","$","?","E","R","B",null,"M","?","?","?","M","E","R","E","T","$","E","M","M","?","R","B","B",null,"R","$","E","B",null],"character_chosen":"IRONCLAD","items_purchased":["Dual Wield","Strength Potion","Bag of Preparation","GamblersBrew","Offering"],"campfire_rested":0,"item_purchase_floors":[20,29,44,44,54],"current_hp_per_floor":[74,67,73,62,62,68,68,66,66,66,66,66,66,17,17,7,60,62,51,51,52,52,52,76,76,76,71,68,68,81,87,87,87,87,93,59,59,59,93,93,93,96,96,96,99,99,102,102,102,102,102,102,102,102,102,102],"gold":73,"neow_bonus":"THREE_ENEMY_KILL","is_prod":false,"is_daily":false,"chose_seed":false,"campfire_upgraded":9,"win_rate":0,"timestamp":1553270463,"path_taken":["M","?","M","?","$","E","R","E","T","R","?","R","?","E","R","BOSS","M","M","$","M","?","R","M","R","T","E","M","$","?","E","R","BOSS","M","?","?","?","M","E","R","E","T","$","E","M","M","?","R","BOSS","BOSS","R","$","E","BOSS"],"build_version":"2019-01-23","purchased_purges":5,"victory":true,"max_hp_per_floor":[75,75,75,75,75,75,75,75,75,75,75,75,75,78,78,78,78,81,81,81,84,84,84,84,84,84,84,84,84,87,87,87,87,87,93,93,93,88,93,96,96,96,96,96,99,99,102,102,102,102,102,102,102,102,102,102],"card_choices":[{"not_picked":["Twin Strike","True Grit"],"picked":"Inflame","floor":1.0},{"not_picked":["Metallicize","Wild Strike"],"picked":"Sword Boomerang","floor":3.0},{"not_picked":["Sword Boomerang","Spot Weakness"],"picked":"Feed","floor":6.0},{"not_picked":["Pommel Strike","Flex"],"picked":"Limit Break","floor":8.0},{"not_picked":["Pummel","Clothesline"],"picked":"True Grit","floor":14.0},{"not_picked":["Exhume","Double Tap"],"picked":"Reaper","floor":16.0},{"not_picked":["Pummel"],"picked":"SKIP","floor":18.0},{"not_picked":["Anger"],"picked":"SKIP","floor":19.0},{"not_picked":["Wild Strike+1"],"picked":"SKIP","floor":21.0},{"not_picked":[],"picked":"Pommel Strike","floor":24.0},{"not_picked":["Heavy Blade"],"picked":"SKIP","floor":27.0},{"not_picked":["Carnage+1"],"picked":"SKIP","floor":28.0},{"not_picked":["Wild Strike+1"],"picked":"SKIP","floor":31.0},{"not_picked":[],"picked":"Dark Embrace","floor":33.0},{"not_picked":["Clash+1"],"picked":"SKIP","floor":35.0},{"not_picked":["Carnage+1"],"picked":"SKIP","floor":39.0},{"not_picked":[],"picked":"Bloodletting+1","floor":40.0},{"not_picked":["Second Wind"],"picked":"SKIP","floor":42.0},{"not_picked":[],"picked":"Battle Trance","floor":45.0},{"not_picked":["Anger+1"],"picked":"SKIP","floor":46.0},{"not_picked":[],"picked":"Warcry+1","floor":47.0},{"not_picked":["Reckless Charge+1"],"picked":"SKIP","floor":55}],"player_experience":1344358,"relics_obtained":[{"floor":6.0,"key":"Blood Vial"},{"floor":8.0,"key":"Champion Belt"},{"floor":9.0,"key":"Juzu Bracelet"},{"floor":14.0,"key":"Shuriken"},{"floor":22.0,"key":"Bag of Marbles"},{"floor":26.0,"key":"MawBank"},{"floor":27.0,"key":"Molten Egg 2"},{"floor":30.0,"key":"Red Mask"},{"floor":31.0,"key":"Darkstone Periapt"},{"floor":36.0,"key":"Old Coin"},{"floor":40.0,"key":"Ancient Tea Set"},{"floor":42.0,"key":"Pen Nib"},{"floor":45.0,"key":"Bottled Lightning"},{"floor":55,"key":"Du-Vu Doll"}],"event_choices":[{"cards_removed":["Strike_R"],"damage_healed":0.0,"max_hp_gain":0.0,"max_hp_loss":0.0,"gold_gain":0.0,"event_name":"Golden Wing","player_choice":"Card Removal","floor":2.0,"gold_loss":0.0,"damage_taken":7.0},{"damage_healed":0.0,"max_hp_gain":0.0,"max_hp_loss":0.0,"gold_gain":75.0,"event_name":"World of Goop","player_choice":"Gather Gold","floor":4.0,"gold_loss":0.0,"damage_taken":11.0},{"cards_removed":["Strike_R"],"damage_healed":0.0,"max_hp_gain":0.0,"max_hp_loss":0.0,"gold_gain":0.0,"event_name":"Living Wall","player_choice":"Forget","floor":13.0,"gold_loss":0.0,"damage_taken":0.0},{"damage_healed":0.0,"max_hp_gain":0.0,"max_hp_loss":0.0,"gold_gain":0.0,"event_name":"Wheel of Change","player_choice":"Relic","floor":22.0,"gold_loss":0.0,"damage_taken":0.0},{"damage_healed":0.0,"max_hp_gain":0.0,"max_hp_loss":0.0,"gold_gain":0.0,"event_name":"Masked Bandits","player_choice":"Fought Bandits","floor":30.0,"gold_loss":0.0,"damage_taken":0.0},{"damage_healed":0.0,"max_hp_gain":0.0,"max_hp_loss":0.0,"gold_gain":0.0,"event_name":"Mysterious Sphere","player_choice":"Fight","floor":36.0,"gold_loss":0.0,"damage_taken":0.0},{"damage_healed":0.0,"max_hp_gain":0.0,"max_hp_loss":0.0,"gold_gain":0.0,"event_name":"Lab","player_choice":"Got Potions","floor":37.0,"gold_loss":0.0,"damage_taken":0.0},{"damage_healed":0.0,"max_hp_gain":0.0,"max_hp_loss":5.0,"gold_gain":0.0,"event_name":"Winding Halls","player_choice":"Max HP","floor":38.0,"gold_loss":0.0,"damage_taken":0.0},{"cards_removed":["Feed"],"damage_healed":0.0,"max_hp_gain":0.0,"max_hp_loss":0.0,"gold_gain":0.0,"event_name":"Falling","player_choice":"Removed Attack","floor":48.0,"gold_loss":0.0,"damage_taken":0.0}],"is_beta":false,"boss_relics":[{"not_picked":["Calling Bell","Black Blood"],"picked":"Busted Crown"},{"not_picked":["Pandora\u0027s Box","White Beast Statue"],"picked":"Astrolabe"}],"items_purged_floors":[5,11,20,44,54],"is_endless":false,"potions_floor_spawned":[1,6,16,19,24,27,31,36,39,45,47],"ascension_level":20}