{"gold_per_floor":[365,365,383,558,174,174,193,193,193,213,273,273,23,41,41,136,136,153,153,153,165,185,185,214,214,214,227,237,237,262,362,362,362],"floor_reached":33,"playtime":1419,"items_purged":["Doubt"],"score":385,"play_id":"6e123eb3-b0f5-433d-9c92-2c7a5dbd65d8","local_time":"20190512130653","is_ascension_mode":true,"campfire_choices":[{"data":"Dualcast","floor":6,"key":"SMITH"},{"data":"Go for the Eyes","floor":8,"key":"SMITH"},{"data":"Reinforced Body","floor":15,"key":"SMITH"},{"floor":23,"key":"REST"},{"data":"Seek","floor":25,"key":"SMITH"},{"floor":32,"key":"REST"}],"neow_cost":"CURSE","seed_source_timestamp":657559674940300,"circlet_count":0,"master_deck":["Strike_B","Strike_B","Strike_B","Strike_B","Defend_B","Defend_B","Defend_B","Defend_B","Zap+1","Dualcast+1","Parasite","Go for the Eyes+1","Loop+1","Darkness","Reinforced Body+1","Seek+1","Electrodynamics+1","Cold Snap+1","Decay","Rip and Tear+1","Ball Lightning+1","Ball Lightning+1","Thunder Strike","Auto Shields+1"],"relics":["Cracked Core","Frozen Egg 2","Torii","Darkstone Periapt","Du-Vu Doll","Singing Bowl","Eternal Feather","Vajra","Blood Vial","Anchor","Bag of Preparation","Gambling Chip","Mummified Hand"],"potions_floor_usage":[11,16,24,24,30,31],"damage_taken":[{"damage":0,"enemies":"2 Louse","floor":1,"turns":2},{"damage":0,"enemies":"Cultist","floor":3,"turns":3},{"damage":2,"enemies":"Jaw Worm","floor":7,"turns":3},{"damage":0,"enemies":"Red Slaver","floor":10,"turns":3},{"damage":12,"enemies":"3 Sentries","floor":11,"turns":5},{"damage":1,"enemies":"3 Louse","floor":14,"turns":4},{"damage":28,"enemies":"Slime Boss","floor":16,"turns":5},{"damage":8,"enemies":"Shell Parasite","floor":18,"turns":5},{"damage":1,"enemies":"Spheric Guardian","floor":21,"turns":3},{"damage":38,"enemies":"Centurion and Healer","floor":22,"turns":5},{"damage":13,"enemies":"Book of Stabbing","floor":24,"turns":8},{"damage":0,"enemies":"Snake Plant","floor":27,"turns":3},{"damage":0,"enemies":"3 Cultists","floor":28,"turns":2},{"damage":25,"enemies":"Slavers","floor":30,"turns":3},{"damage":1,"enemies":"Colosseum Slavers","floor":31,"turns":3},{"damage":29,"enemies":"Colosseum Nobs","floor":31,"turns":4},{"damage":65,"enemies":"Automaton","floor":33,"turns":6}],"seed_played":"2245453606647792910","potions_obtained":[{"floor":1,"key":"Strength Potion"},{"floor":10,"key":"SteroidPotion"},{"floor":11,"key":"FocusPotion"},{"floor":16,"key":"FocusPotion"},{"floor":18,"key":"Dexterity Potion"},{"floor":21,"key":"SkillPotion"},{"floor":24,"key":"PowerPotion"}],"is_trial":false,"path_per_floor":["M","?","M","?","$","R","M","R","T","M","?","?","$","M","R","B",null,"M","?","$","M","M","R","E","R","T","M","M","?","E","?","R","B"],"character_chosen":"DEFECT","items_purchased":["Frozen Egg 2","Loop+1","Singing Bowl"],"campfire_rested":2,"item_purchase_floors":[5,5,13],"current_hp_per_floor":[68,68,68,68,68,68,66,66,66,66,54,47,47,46,46,18,61,53,59,59,60,24,58,45,57,57,59,61,61,38,12,49,0],"gold":362,"neow_bonus":"TWO_FIFTY_GOLD","is_prod":false,"is_daily":false,"chose_seed":false,"campfire_upgraded":4,"win_rate":0,"timestamp":1557662813,"path_taken":["M","?","?","?","?","R","?","R","T","M","?","?","$","M","R","BOSS","M","?","?","M","M","R","E","R","T","M","?","?","E","?","R","BOSS"],"build_version":"2019-01-23","purchased_purges":1,"victory":false,"max_hp_per_floor":[75,75,75,75,75,75,75,75,75,75,75,75,75,75,75,75,75,75,81,81,83,85,85,85,85,85,85,85,85,85,85,85,85],"card_choices":[{"not_picked":["Barrage","Stack"],"picked":"Go for the Eyes","floor":1},{"not_picked":["Rebound","Leap","Double Energy"],"picked":"SKIP","floor":3},{"not_picked":["Aggregate","Streamline","Stack"],"picked":"SKIP","floor":7},{"not_picked":["Gash","Fusion"],"picked":"Darkness","floor":10},{"not_picked":["Go for the Eyes","Auto Shields"],"picked":"Reinforced Body","floor":11},{"not_picked":["Leap","Cold Snap"],"picked":"Seek","floor":14},{"not_picked":["Rainbow","All For One"],"picked":"Electrodynamics+1","floor":16},{"not_picked":["Blizzard+1","Sweeping Beam"],"picked":"Cold Snap+1","floor":18},{"not_picked":["Rebound+1","Sweeping Beam","Lockon"],"picked":"Singing Bowl","floor":21},{"not_picked":["Rebound","Storm+1","Leap"],"picked":"Singing Bowl","floor":22},{"not_picked":["Ball Lightning+1","Aggregate"],"picked":"Rip and Tear+1","floor":24},{"not_picked":["Undo","Gash"],"picked":"Ball Lightning+1","floor":27},{"not_picked":["Conserve Battery+1","Stack+1"],"picked":"Ball Lightning+1","floor":28},{"not_picked":["Tempest+1","Beam Cell+1"],"picked":"Thunder Strike","floor":30},{"not_picked":["Stack+1","Scrape+1"],"picked":"Auto Shields+1","floor":31}],"player_experience":532426,"relics_obtained":[{"floor":9,"key":"Torii"},{"floor":11,"key":"Darkstone Periapt"},{"floor":24,"key":"Vajra"},{"floor":26,"key":"Blood Vial"},{"floor":30,"key":"Bag of Preparation"},{"floor":31,"key":"Gambling Chip"},{"floor":31,"key":"Mummified Hand"}],"event_choices":[{"damage_healed":0,"gold_gain":0,"player_choice":"Forge","damage_taken":0,"max_hp_gain":0,"max_hp_loss":0,"event_name":"Accursed Blacksmith","floor":2,"gold_loss":0,"cards_upgraded":["Zap"]},{"damage_healed":0,"gold_gain":175,"player_choice":"AGREE","damage_taken":0,"max_hp_gain":0,"max_hp_loss":0,"event_name":"Liars Game","floor":4,"gold_loss":0,"cards_obtained":["Doubt"]},{"damage_healed":0,"gold_gain":0,"player_choice":"Searched \u00271\u0027 times","damage_taken":0,"max_hp_gain":0,"max_hp_loss":0,"event_name":"Dead Adventurer","floor":11,"gold_loss":0},{"damage_healed":0,"gold_gain":0,"player_choice":"Success","damage_taken":7,"relics_obtained":["Du-Vu Doll"],"max_hp_gain":0,"max_hp_loss":0,"event_name":"Scrap Ooze","floor":12,"gold_loss":0},{"damage_healed":0,"gold_gain":0,"player_choice":"Smashed Altar","damage_taken":0,"max_hp_gain":0,"max_hp_loss":0,"event_name":"Forgotten Altar","floor":19,"gold_loss":0,"cards_obtained":["Decay"]},{"damage_healed":0,"gold_gain":0,"player_choice":"Opened","damage_taken":0,"relics_obtained":["Anchor"],"max_hp_gain":0,"max_hp_loss":0,"event_name":"The Mausoleum","floor":29,"gold_loss":0},{"damage_healed":0,"gold_gain":0,"player_choice":"Fight","damage_taken":0,"max_hp_gain":0,"max_hp_loss":0,"event_name":"Colosseum","floor":31,"gold_loss":0},{"damage_healed":0,"gold_gain":0,"player_choice":"Fought Nobs","damage_taken":0,"max_hp_gain":0,"max_hp_loss":0,"event_name":"Colosseum","floor":31,"gold_loss":0}],"is_beta":false,"boss_relics":[{"not_picked":["Tiny House","FrozenCore"],"picked":"Eternal Feather"}],"items_purged_floors":[5],"is_endless":false,"potions_floor_spawned":[1,10,11,16,18,21,24,31],"killed_by":"Automaton","ascension_level":8}