{"gold_per_floor":[114,134,151,226,76,108,108,138,206,206,223,223,253,281,281,359,359,374,391,391,122,132,132,132,160,160,179,192,202,228,248,248,323,323,338,213,213,63,89,130,161,190,202,245,276,301,363,401,413,425,437,449,461,51,86,86],"floor_reached":57,"playtime":2876,"items_purged":["Strike_R","Strike_R","Defend_R","Defend_R","Pommel Strike"],"score":3354,"play_id":"629d3cae-c840-41fe-becb-7d447f26346e","local_time":"20190212190106","is_ascension_mode":true,"campfire_choices":[{"data":"Rampage","floor":7.0,"key":"SMITH"},{"data":"Strike_R","floor":10.0,"key":"PURGE"},{"floor":15.0,"key":"REST"},{"data":"Barricade","floor":23.0,"key":"SMITH"},{"data":"Body Slam","floor":32.0,"key":"SMITH"},{"floor":49.0,"key":"RECALL"},{"data":"Defend_R","floor":53,"key":"PURGE"}],"neow_cost":"PERCENT_DAMAGE","seed_source_timestamp":0,"circlet_count":0,"master_deck":["AscendersBane","Defend_R+1","Bash","Flame Barrier+1","Rampage+1","Whirlwind","Impervious","Metallicize","Barricade+1","Body Slam+1","Evolve+1","True Grit+1","Battle Trance+1","Warcry+1","Offering","Ghostly Armor+1","Power Through"],"special_seed":0,"relics":["Burning Blood","Peace Pipe","Dream Catcher","Mercury Hourglass","Tiny Chest","Incense Burner","Velvet Choker","Happy Flower","PreservedInsect","Paper Frog","Bag of Preparation","Bag of Marbles","Runic Pyramid","MawBank","Frozen Egg 2","Mummified Hand","War Paint","Oddly Smooth Stone","Blood Vial"],"potions_floor_usage":[56,56],"damage_taken":[{"damage":8.0,"enemies":"Cultist","floor":1.0,"turns":5.0},{"damage":5.0,"enemies":"2 Louse","floor":2.0,"turns":4.0},{"damage":2.0,"enemies":"Small Slimes","floor":3.0,"turns":5.0},{"damage":15.0,"enemies":"3 Sentries","floor":6.0,"turns":4.0},{"damage":15.0,"enemies":"Lagavulin","floor":8.0,"turns":7.0},{"damage":1.0,"enemies":"Blue Slaver","floor":11.0,"turns":4.0},{"damage":3.0,"enemies":"Gremlin Nob","floor":14.0,"turns":3.0},{"damage":28.0,"enemies":"Slime Boss","floor":16.0,"turns":14.0},{"damage":13.0,"enemies":"Shell Parasite","floor":18.0,"turns":5.0},{"damage":0.0,"enemies":"Spheric Guardian","floor":19.0,"turns":7.0},{"damage":10.0,"enemies":"Chosen and Byrds","floor":22.0,"turns":8.0},{"damage":0.0,"enemies":"Slavers","floor":25.0,"turns":1.0},{"damage":3.0,"enemies":"Snake Plant","floor":27.0,"turns":4.0},{"damage":0.0,"enemies":"Centurion and Healer","floor":28.0,"turns":6.0},{"damage":0.0,"enemies":"Chosen and Byrds","floor":29.0,"turns":5.0},{"damage":0.0,"enemies":"Book of Stabbing","floor":30.0,"turns":5.0},{"damage":0.0,"enemies":"Snake Plant","floor":31.0,"turns":3.0},{"damage":0.0,"enemies":"Automaton","floor":33.0,"turns":8.0},{"damage":6.0,"enemies":"3 Darklings","floor":35.0,"turns":4.0},{"damage":1.0,"enemies":"Reptomancer","floor":40.0,"turns":5.0},{"damage":6.0,"enemies":"Orb Walker","floor":41.0,"turns":2.0},{"damage":1.0,"enemies":"Jaw Worm Horde","floor":42.0,"turns":4.0},{"damage":19.0,"enemies":"Nemesis","floor":44.0,"turns":5.0},{"damage":6.0,"enemies":"Writhing Mass","floor":45.0,"turns":4.0},{"damage":6.0,"enemies":"4 Shapes","floor":46.0,"turns":3.0},{"damage":0.0,"enemies":"Reptomancer","floor":48.0,"turns":3.0},{"damage":12.0,"enemies":"Awakened One","floor":50.0,"turns":11.0},{"damage":1.0,"enemies":"Donu and Deca","floor":51.0,"turns":11.0},{"damage":1,"enemies":"Shield and Spear","floor":55,"turns":5},{"damage":5,"enemies":"The Heart","floor":56,"turns":7}],"seed_played":"-972015218188475232","potions_obtained":[{"floor":1.0,"key":"Explosive Potion"},{"floor":6.0,"key":"Fire Potion"},{"floor":8.0,"key":"SpeedPotion"},{"floor":16.0,"key":"AttackPotion"},{"floor":18.0,"key":"FearPotion"},{"floor":22.0,"key":"SteroidPotion"},{"floor":30.0,"key":"FearPotion"},{"floor":33.0,"key":"AttackPotion"},{"floor":42.0,"key":"Swift Potion"}],"is_trial":false,"path_per_floor":["M","M","M","?","$","E","R","E","T","R","M","?","T","E","R","B",null,"M","M","?","$","M","R","T","E","T","M","M","M","E","M","R","B",null,"M","$","?","$","T","E","M","M","T","E","M","M","?","E","R","B","B",null,"R","$","E","B",null],"character_chosen":"IRONCLAD","items_purchased":["Whirlwind","Happy Flower","Oddly Smooth Stone","LiquidBronze"],"campfire_rested":1,"item_purchase_floors":[5,21,54,54],"current_hp_per_floor":[48,49,53,42,42,33,33,24,24,24,29,6,6,9,31,9,59,52,58,37,37,33,33,33,39,39,42,48,54,60,66,66,72,78,78,78,78,78,78,80,80,80,80,67,67,67,59,65,65,59,64,76,76,76,80,80],"gold":86,"neow_bonus":"REMOVE_TWO","is_prod":false,"is_daily":false,"chose_seed":false,"campfire_upgraded":3,"win_rate":0,"timestamp":1549969266,"path_taken":["M","?","M","?","$","E","R","E","T","R","M","?","?","E","R","BOSS","M","M","?","$","M","R","?","E","T","M","M","?","E","?","R","BOSS","M","$","?","$","?","E","M","M","T","E","?","M","?","E","R","BOSS","BOSS","R","$","E","BOSS"],"build_version":"2019-01-23","purchased_purges":5,"victory":true,"max_hp_per_floor":[75,75,75,75,75,75,75,75,75,75,75,75,75,75,75,75,75,75,75,80,80,80,80,80,80,80,80,80,80,80,80,80,80,80,80,80,80,80,80,80,80,80,80,80,80,80,80,80,80,80,80,80,80,80,80,80],"card_choices":[{"not_picked":["Intimidate","Clash"],"picked":"Pommel Strike","floor":1.0},{"not_picked":["Body Slam","Sever Soul"],"picked":"Flame Barrier","floor":2.0},{"not_picked":["Reckless Charge","Intimidate"],"picked":"Rampage","floor":3.0},{"not_picked":["Wild Strike","Flame Barrier"],"picked":"Impervious","floor":6.0},{"not_picked":["Anger","Heavy Blade","Warcry"],"picked":"SKIP","floor":8.0},{"not_picked":["Armaments","Twin Strike","Corruption"],"picked":"SKIP","floor":11.0},{"not_picked":["Carnage","Feel No Pain"],"picked":"Metallicize","floor":14.0},{"not_picked":["Juggernaut","Demon Form"],"picked":"Barricade","floor":16.0},{"not_picked":["Thunderclap","Pommel Strike+1","Hemokinesis+1"],"picked":"SKIP","floor":18.0},{"not_picked":["Heavy Blade","Pommel Strike","Fire Breathing"],"picked":"SKIP","floor":19.0},{"not_picked":["Rampage","Rage","Havoc+1"],"picked":"SKIP","floor":22.0},{"not_picked":["Flex","Metallicize"],"picked":"Body Slam","floor":25.0},{"not_picked":["Spot Weakness","Double Tap"],"picked":"Evolve+1","floor":27.0},{"not_picked":["Spot Weakness","Rampage"],"picked":"True Grit+1","floor":28.0},{"not_picked":["Clash","Sword Boomerang"],"picked":"Battle Trance","floor":29.0},{"not_picked":["Body Slam","Barricade","Anger"],"picked":"SKIP","floor":30.0},{"not_picked":["Cleave","Battle Trance"],"picked":"Warcry+1","floor":31.0},{"not_picked":["Reaper","Berserk"],"picked":"Offering","floor":33.0},{"not_picked":["Metallicize","Infernal Blade","Fire Breathing+1"],"picked":"SKIP","floor":35.0},{"not_picked":["Sword Boomerang","Havoc","Armaments"],"picked":"SKIP","floor":40.0},{"not_picked":["Flex+1","Pummel","Headbutt+1"],"picked":"SKIP","floor":41.0},{"not_picked":["Perfected Strike","Reckless Charge","Searing Blow+1"],"picked":"SKIP","floor":42.0},{"not_picked":["Dark Embrace+1","Clothesline","Iron Wave"],"picked":"SKIP","floor":44.0},{"not_picked":["Shockwave","Thunderclap","Uppercut"],"picked":"SKIP","floor":45.0},{"not_picked":["Shrug It Off","Clash+1"],"picked":"Ghostly Armor","floor":46.0},{"not_picked":["Sword Boomerang","Uppercut+1"],"picked":"Power Through","floor":48.0},{"not_picked":["Warcry","Evolve+1","Sword Boomerang"],"picked":"SKIP","floor":55}],"player_experience":885899,"relics_obtained":[{"floor":6.0,"key":"Peace Pipe"},{"floor":8.0,"key":"Dream Catcher"},{"floor":9.0,"key":"Mercury Hourglass"},{"floor":13.0,"key":"Tiny Chest"},{"floor":14.0,"key":"Incense Burner"},{"floor":24.0,"key":"PreservedInsect"},{"floor":25.0,"key":"Paper Frog"},{"floor":26.0,"key":"Bag of Preparation"},{"floor":30.0,"key":"Bag of Marbles"},{"floor":39.0,"key":"MawBank"},{"floor":40.0,"key":"Frozen Egg 2"},{"floor":44.0,"key":"Mummified Hand"},{"floor":48.0,"key":"War Paint"},{"floor":55,"key":"Blood Vial"}],"event_choices":[{"damage_healed":0.0,"max_hp_gain":0.0,"max_hp_loss":0.0,"gold_gain":75.0,"event_name":"World of Goop","player_choice":"Gather Gold","floor":4.0,"gold_loss":0.0,"damage_taken":11.0},{"damage_healed":0.0,"max_hp_gain":0.0,"max_hp_loss":0.0,"gold_gain":0.0,"event_name":"Shining Light","player_choice":"Entered Light","floor":12.0,"gold_loss":0.0,"damage_taken":23.0,"cards_upgraded":["Flame Barrier","Defend_R"]},{"damage_healed":0.0,"max_hp_gain":5.0,"max_hp_loss":0.0,"gold_gain":0.0,"event_name":"Forgotten Altar","player_choice":"Shed Blood","floor":20.0,"gold_loss":0.0,"damage_taken":26.0},{"damage_healed":0.0,"max_hp_gain":0.0,"max_hp_loss":0.0,"gold_gain":0.0,"event_name":"SensoryStone","player_choice":"Memory 1","floor":37.0,"gold_loss":0.0,"damage_taken":0.0},{"damage_healed":0.0,"max_hp_gain":0.0,"max_hp_loss":0.0,"gold_gain":50.0,"event_name":"FaceTrader","player_choice":"Touch","floor":47.0,"gold_loss":0.0,"damage_taken":8.0}],"is_beta":false,"boss_relics":[{"not_picked":["Sozu","Calling Bell"],"picked":"Velvet Choker"},{"not_picked":["Orrery","Tiny House"],"picked":"Runic Pyramid"}],"items_purged_floors":[5,21,36,38,54],"is_endless":false,"potions_floor_spawned":[1,6,8,16,18,19,22,30,33,35,42,44,55],"ascension_level":20}