{"gold_per_floor":[117,137,137,137,212,239,239,265,265,265,295,311,311,276,276,375,375,386,386,397,58,78,103,103,117,141,141,141,167,181,25,25,125,125,143,153,153,153,153,153,173,200,200,235,235,248,348,360,360,360],"floor_reached":51,"playtime":7254,"items_purged":[],"score":751,"play_id":"061d3479-84ad-49a4-87ba-fd53b9d4d23f","local_time":"20190429230440","is_ascension_mode":false,"campfire_choices":[{"data":"Dualcast","floor":7,"key":"SMITH"},{"data":"Electrodynamics","floor":10,"key":"SMITH"},{"data":"Self Repair","floor":15,"key":"SMITH"},{"data":"Creative AI","floor":24,"key":"SMITH"},{"data":"Aggregate","floor":32,"key":"SMITH"},{"data":"Loop","floor":40,"key":"SMITH"},{"data":"Capacitor","floor":45,"key":"SMITH"},{"floor":49,"key":"REST"}],"neow_cost":"NONE","seed_source_timestamp":3973675319039300,"circlet_count":0,"master_deck":["Strike_B","Strike_B+1","Strike_B","Defend_B+1","Defend_B","Defend_B","Defend_B","Zap","Dualcast+1","Darkness","Go for the Eyes","Electrodynamics+1","Cold Snap","Self Repair+1","Creative AI+1","White Noise","Auto Shields+1","Conserve Battery","Stack+1","Transmutation","Steam","Barrage+1","Streamline+1","Aggregate+1","Coolheaded+1","Self Repair","Defragment+1","Fusion+1","Amplify","Seek","Loop+1","Barrage+1","Heatsinks+1","Compile Driver+1","Madness","Madness","Streamline","Barrage+1","Consume+1","Capacitor+1","Double Energy+1","Redo+1","Static Discharge+1","Double Energy+1","Amplify"],"relics":["Cracked Core","NeowsBlessing","Prayer Wheel","Question Card","Sundial","Dodecahedron","Nuclear Battery","Bag of Preparation","Strawberry","Omamori","Necronomicon","Juzu Bracelet","Happy Flower","Inserter","Lantern","Nunchaku","Kunai","Gambling Chip"],"potions_floor_usage":[16,23,29,33,42,44,50,50],"damage_taken":[{"damage":0,"enemies":"2 Louse","floor":1,"turns":1},{"damage":0,"enemies":"Small Slimes","floor":2,"turns":1},{"damage":0,"enemies":"3 Sentries","floor":6,"turns":1},{"damage":23,"enemies":"Gremlin Nob","floor":8,"turns":4},{"damage":3,"enemies":"Jaw Worm","floor":12,"turns":2},{"damage":17,"enemies":"Hexaghost","floor":16,"turns":9},{"damage":8,"enemies":"Chosen","floor":18,"turns":5},{"damage":10,"enemies":"2 Thieves","floor":20,"turns":4},{"damage":0,"enemies":"Snake Plant","floor":22,"turns":4},{"damage":18,"enemies":"Book of Stabbing","floor":23,"turns":5},{"damage":11,"enemies":"Chosen and Byrds","floor":25,"turns":6},{"damage":28,"enemies":"Slavers","floor":29,"turns":5},{"damage":4,"enemies":"3 Cultists","floor":30,"turns":4},{"damage":51,"enemies":"Champ","floor":33,"turns":10},{"damage":0,"enemies":"3 Darklings","floor":35,"turns":2},{"damage":7,"enemies":"Orb Walker","floor":36,"turns":3},{"damage":4,"enemies":"Jaw Worm Horde","floor":41,"turns":3},{"damage":6,"enemies":"Giant Head","floor":42,"turns":10},{"damage":28,"enemies":"Nemesis","floor":44,"turns":7},{"damage":25,"enemies":"Writhing Mass","floor":46,"turns":6},{"damage":27,"enemies":"Mind Bloom Boss Battle","floor":47,"turns":5},{"damage":26,"enemies":"3 Darklings","floor":48,"turns":4},{"damage":48,"enemies":"Time Eater","floor":50,"turns":8}],"seed_played":"3757951686957473491","potions_obtained":[{"floor":1,"key":"Explosive Potion"},{"floor":12,"key":"Poison Potion"},{"floor":20,"key":"SteroidPotion"},{"floor":23,"key":"Energy Potion"},{"floor":29,"key":"Regen Potion"},{"floor":35,"key":"SkillPotion"},{"floor":37,"key":"Poison Potion"},{"floor":37,"key":"Block Potion"},{"floor":41,"key":"Weak Potion"},{"floor":48,"key":"Swift Potion"}],"is_trial":false,"path_per_floor":["M","M","$","?","?","E","R","E","T","R","?","M","?","?","R","B",null,"M","?","M","$","M","E","R","M","T","?","?","E","M","$","R","B",null,"M","M","?","$","?","R","M","E","T","E","R","M","?","M","R","B",null],"character_chosen":"DEFECT","items_purchased":["Bag of Preparation","Transmutation","Steam","Happy Flower"],"campfire_rested":1,"item_purchase_floors":[21,21,21,31],"current_hp_per_floor":[75,75,75,60,49,49,49,26,26,26,26,23,16,34,34,27,75,75,75,75,75,75,74,74,73,73,73,57,39,52,52,52,33,82,82,82,82,82,72,72,82,82,82,71,71,63,53,37,61,23],"gold":360,"neow_bonus":"THREE_ENEMY_KILL","is_prod":false,"is_daily":false,"chose_seed":false,"campfire_upgraded":7,"win_rate":0.0,"timestamp":1556593480,"path_taken":["M","M","$","?","?","E","R","E","T","R","?","M","?","?","R","BOSS","M","?","?","$","M","E","R","M","T","?","?","E","M","?","R","BOSS","M","M","?","?","?","R","M","E","T","E","R","M","?","M","R","BOSS"],"build_version":"2019-01-23","purchased_purges":0,"victory":true,"max_hp_per_floor":[75,75,75,75,75,75,75,75,75,75,75,75,75,75,75,75,75,75,75,75,75,75,82,82,82,82,82,82,82,82,82,82,82,82,82,82,82,82,82,82,82,82,82,82,82,82,82,82,82,82],"card_choices":[{"not_picked":["Compile Driver","Steam Power"],"picked":"Darkness","floor":1},{"not_picked":["Double Energy","Go for the Eyes"],"picked":"Sweeping Beam","floor":2},{"not_picked":["Hologram","Beam Cell"],"picked":"Go for the Eyes","floor":6},{"not_picked":["Reprogram","Darkness"],"picked":"Electrodynamics","floor":8},{"not_picked":["Steam","Beam Cell","Go for the Eyes"],"picked":"Cold Snap","floor":12},{"not_picked":["White Noise","Gash","FTL"],"picked":"Self Repair","floor":12},{"not_picked":["Biased Cognition","All For One","Fission"],"picked":"Creative AI","floor":16},{"not_picked":["Coolheaded","Hologram","Sweeping Beam"],"picked":"White Noise","floor":18},{"not_picked":["Go for the Eyes","Steam","Storm+1"],"picked":"Auto Shields+1","floor":18},{"not_picked":["Steam","Scrape","Streamline"],"picked":"Conserve Battery","floor":20},{"not_picked":["Genetic Algorithm","Tempest","Gash"],"picked":"Stack+1","floor":20},{"not_picked":["Scrape+1","Double Energy","Streamline"],"picked":"Barrage+1","floor":22},{"not_picked":["Barrage","Creative AI","Sweeping Beam"],"picked":"Streamline+1","floor":22},{"not_picked":["Coolheaded+1","Reinforced Body","Beam Cell"],"picked":"Aggregate","floor":23},{"not_picked":["Beam Cell","Hologram","Streamline"],"picked":"Coolheaded+1","floor":25},{"not_picked":["Skim","Amplify","Cold Snap"],"picked":"Self Repair","floor":25},{"not_picked":["Buffer","Loop+1","Stack"],"picked":"Defragment+1","floor":29},{"not_picked":["Hologram","Compile Driver+1","Static Discharge"],"picked":"Fusion+1","floor":30},{"not_picked":["Cold Snap+1","Genetic Algorithm","FTL"],"picked":"Amplify","floor":30},{"not_picked":["Reboot","Amplify","Creative AI"],"picked":"Seek","floor":33},{"not_picked":["Steam","FTL","Ball Lightning+1"],"picked":"Loop","floor":35},{"not_picked":["White Noise","Hello World+1","Compile Driver+1"],"picked":"Barrage+1","floor":35},{"not_picked":["Doom and Gloom","Reprogram+1","Glacier+1"],"picked":"Heatsinks+1","floor":36},{"not_picked":["Sweeping Beam+1","Storm","Cold Snap+1"],"picked":"Compile Driver+1","floor":36},{"not_picked":["Electrodynamics","Go for the Eyes","Steam Power"],"picked":"Streamline","floor":41},{"not_picked":["Auto Shields","Leap","Hello World"],"picked":"Barrage+1","floor":41},{"not_picked":["Redo","Steam Power+1","Go for the Eyes"],"picked":"Consume+1","floor":42},{"not_picked":["Rainbow","Genetic Algorithm","Stack"],"picked":"Capacitor","floor":44},{"not_picked":["Cold Snap","Compile Driver","Redo"],"picked":"Double Energy+1","floor":46},{"not_picked":["Conserve Battery+1","Steam+1","Heatsinks+1"],"picked":"Redo+1","floor":46},{"not_picked":["Capacitor+1","Storm+1","Redo"],"picked":"Static Discharge+1","floor":47},{"not_picked":["Consume","Force Field+1","Streamline"],"picked":"Double Energy+1","floor":48},{"not_picked":["Auto Shields","Sweeping Beam+1","Heatsinks+1"],"picked":"Amplify","floor":48}],"player_experience":50577,"relics_obtained":[{"floor":6,"key":"Prayer Wheel"},{"floor":8,"key":"Question Card"},{"floor":9,"key":"Sundial"},{"floor":23,"key":"Strawberry"},{"floor":26,"key":"Omamori"},{"floor":28,"key":"Necronomicon"},{"floor":29,"key":"Juzu Bracelet"},{"floor":42,"key":"Lantern"},{"floor":43,"key":"Nunchaku"},{"floor":44,"key":"Kunai"},{"floor":47,"key":"Gambling Chip"}],"event_choices":[{"damage_healed":0,"gold_gain":0,"player_choice":"Entered Light","damage_taken":15,"max_hp_gain":0,"max_hp_loss":0,"event_name":"Shining Light","floor":4,"gold_loss":0,"cards_upgraded":["Strike_B","Defend_B"]},{"damage_healed":0,"gold_gain":75,"player_choice":"Gather Gold","damage_taken":11,"max_hp_gain":0,"max_hp_loss":0,"event_name":"World of Goop","floor":5,"gold_loss":0},{"damage_healed":0,"gold_gain":30,"player_choice":"Searched \u00273\u0027 times","damage_taken":0,"relics_obtained":["Dodecahedron"],"max_hp_gain":0,"max_hp_loss":0,"event_name":"Dead Adventurer","floor":11,"gold_loss":0},{"cards_removed":["Strike_B"],"damage_healed":0,"gold_gain":0,"player_choice":"Card Removal","damage_taken":7,"max_hp_gain":0,"max_hp_loss":0,"event_name":"Golden Wing","floor":13,"gold_loss":0},{"damage_healed":18,"gold_gain":0,"player_choice":"Healed","damage_taken":0,"max_hp_gain":0,"max_hp_loss":0,"event_name":"The Cleric","floor":14,"gold_loss":35},{"cards_removed":["Sweeping Beam"],"damage_healed":5,"gold_gain":0,"player_choice":"Offered Common","damage_taken":0,"max_hp_gain":0,"max_hp_loss":0,"event_name":"Bonfire Elementals","floor":19,"gold_loss":0},{"cards_removed":["Sweeping Beam"],"damage_healed":5,"gold_gain":0,"player_choice":"Offered Special","damage_taken":0,"max_hp_gain":0,"max_hp_loss":0,"event_name":"Bonfire Elementals","floor":19,"gold_loss":0},{"damage_healed":0,"gold_gain":0,"player_choice":"Ignored","damage_taken":0,"max_hp_gain":0,"max_hp_loss":0,"event_name":"Ghosts","floor":27,"gold_loss":0},{"damage_healed":0,"gold_gain":0,"player_choice":"Obtained Book","damage_taken":16,"max_hp_gain":0,"max_hp_loss":0,"event_name":"Cursed Tome","floor":28,"gold_loss":0},{"damage_healed":0,"gold_gain":0,"player_choice":"Got Potions","damage_taken":0,"max_hp_gain":0,"max_hp_loss":0,"event_name":"Lab","floor":37,"gold_loss":0},{"damage_healed":0,"gold_gain":0,"player_choice":"Embrace Madness","damage_taken":10,"max_hp_gain":0,"max_hp_loss":0,"event_name":"Winding Halls","floor":39,"gold_loss":0,"cards_obtained":["Madness","Madness"]},{"damage_healed":0,"gold_gain":0,"player_choice":"Fight","damage_taken":0,"max_hp_gain":0,"max_hp_loss":0,"event_name":"MindBloom","floor":47,"gold_loss":0}],"is_beta":false,"boss_relics":[{"not_picked":["Fusion Hammer","Coffee Dripper"],"picked":"Nuclear Battery"},{"not_picked":["FrozenCore","Runic Dome"],"picked":"Inserter"}],"items_purged_floors":[],"is_endless":false,"potions_floor_spawned":[1,12,20,22,23,29,35,41,48],"ascension_level":0}