{"path_per_floor":["M","?","M","$","M","R","E","M","T","$","E","R","E","M","R","B",null,"M","M","?"],"character_chosen":"DEFECT","items_purchased":[],"gold_per_floor":[118,118,134,59,73,73,103,116,166,66,92,92,120,134,134,233,233,247,264,179,179],"floor_reached":21,"campfire_rested":1,"playtime":884,"item_purchase_floors":[],"current_hp_per_floor":[75,75,75,75,75,75,65,64,64,64,34,71,57,46,46,22,82,75,32,32,0],"items_purged":["Strike_B","Defend_B"],"gold":179,"score":229,"play_id":"700f91f7-38d6-440a-b569-1b5176fd9217","local_time":"20180609003309","is_prod":false,"is_daily":false,"chose_seed":false,"is_ascension_mode":true,"campfire_upgraded":2,"win_rate":0,"timestamp":1528522389,"campfire_choices":[{"data":"Zap","floor":6,"key":"SMITH"},{"floor":12,"key":"REST"},{"data":"Hologram","floor":15,"key":"SMITH"}],"path_taken":["M","?","M","$","?","R","E","M","T","$","E","R","E","M","R","BOSS","M","M","?","M"],"build_version":"2018-06-07v2","seed_source_timestamp":661461868906116,"purchased_purges":2,"victory":false,"master_deck":["Strike_B","Strike_B","Strike_B","Defend_B","Defend_B","Zap+1","Dualcast","Hologram+1","Beam Cell","FTL","Turbo","Hologram","Thunder Strike","Double Energy","Gash+1"],"max_hp_per_floor":[75,75,75,75,75,75,75,75,75,75,75,75,82,82,82,82,82,82,82,82,82],"relics":["Cracked Core","NeowsBlessing","Shuriken","Potion Belt","Regal Pillow","Strawberry","Nuclear Battery","Happy Flower"],"card_choices":[{"not_picked":["Auto Shields","Rebound"],"picked":"Hologram","floor":1},{"not_picked":["Streamline","Melter","Leap"],"picked":"SKIP","floor":3},{"not_picked":["Cold Snap","Sweeping Beam"],"picked":"Beam Cell","floor":5},{"not_picked":["Reinforced Body","Glacier","Self Repair"],"picked":"SKIP","floor":7},{"not_picked":["Sweeping Beam","Leap"],"picked":"FTL","floor":8},{"not_picked":["Ball Lightning","Tempest"],"picked":"Turbo","floor":11},{"not_picked":["Hello World","Chaos"],"picked":"Hologram","floor":13},{"not_picked":["Force Field","Rebound","Redo"],"picked":"SKIP","floor":14},{"not_picked":["Buffer","Echo Form"],"picked":"Thunder Strike","floor":16},{"not_picked":["BootSequence","Redo+1"],"picked":"Double Energy","floor":18},{"not_picked":["Steam","Beam Cell"],"picked":"Gash+1","floor":19}],"player_experience":205874,"potions_floor_usage":[7,16,19],"damage_taken":[{"damage":0,"enemies":"Jaw Worm","floor":1,"turns":1},{"damage":0,"enemies":"Cultist","floor":3,"turns":1},{"damage":0,"enemies":"Small Slimes","floor":5,"turns":1},{"damage":10,"enemies":"Gremlin Nob","floor":7,"turns":3},{"damage":1,"enemies":"Looter","floor":8,"turns":2},{"damage":30,"enemies":"Lagavulin","floor":11,"turns":4},{"damage":21,"enemies":"Gremlin Nob","floor":13,"turns":3},{"damage":11,"enemies":"Lots of Slimes","floor":14,"turns":3},{"damage":24,"enemies":"Hexaghost","floor":16,"turns":9},{"damage":7,"enemies":"Shell Parasite","floor":18,"turns":3},{"damage":43,"enemies":"3 Byrds","floor":19,"turns":5},{"damage":46,"enemies":"Cultist and Chosen","floor":21,"turns":3}],"relics_obtained":[{"floor":7,"key":"Shuriken"},{"floor":9,"key":"Potion Belt"},{"floor":11,"key":"Regal Pillow"},{"floor":13,"key":"Strawberry"}],"event_choices":[{"event_name":"Purifier","player_choice":"One Purge","floor":2,"damage_taken":0},{"event_name":"Addict","player_choice":"Obtained Relic","floor":20,"damage_taken":0}],"boss_relics":[{"not_picked":["Runic Pyramid","Cursed Key"],"picked":"Nuclear Battery"}],"items_purged_floors":[4,10],"potions_floor_spawned":[1,3,13,14,16],"seed_played":"-2300150131207883836","killed_by":"Cultist and Chosen","ascension_level":3,"potions_obtained":[{"floor":1,"key":"Fire Potion"},{"floor":3,"key":"PowerPotion"},{"floor":13,"key":"SteroidPotion"},{"floor":14,"key":"GamblersBrew"},{"floor":16,"key":"SkillPotion"}],"is_trial":false}