{"gold_per_floor":[363,47,57,73,148,178,191,191,191,168,196,215,240,254,254,332,332,350,82,102,102,113,113,145,158,158,208,208,24,24,57,57,131,131,131],"floor_reached":35,"playtime":1416,"items_purged":["Strike_B","Scrape"],"score":834,"play_id":"d2dabb28-bc87-4d0d-928d-335f4b1916b6","local_time":"20190516125759","is_ascension_mode":true,"campfire_choices":[{"floor":8.0,"key":"REST"},{"data":"Darkness","floor":15.0,"key":"SMITH"},{"data":"Loop","floor":23.0,"key":"SMITH"},{"floor":28.0,"key":"REST"},{"floor":32,"key":"REST"}],"neow_cost":"TEN_PERCENT_HP_LOSS","seed_source_timestamp":11263060104335,"circlet_count":0,"master_deck":["AscendersBane","Dualcast","Sunder","Self Repair","Compile Driver","Compile Driver","Coolheaded","Undo","Glacier","Ball Lightning","Barrage","Darkness+1","Steam","Biased Cognition","Leap","Beam Cell","Steam Power","Rebound","Loop+1","Self Repair","Cold Snap","Compile Driver","Buffer","Chill","Defragment+1","Coolheaded","Glacier","Seek"],"special_seed":0,"relics":["Cracked Core","DataDisk","Ice Cream","Pantograph","Unceasing Top","Pandora\u0027s Box","Bag of Preparation","Frozen Egg 2","Dodecahedron","The Courier","Black Star"],"potions_floor_usage":[31],"damage_taken":[{"damage":0.0,"enemies":"2 Louse","floor":1.0,"turns":2.0},{"damage":5.0,"enemies":"Small Slimes","floor":3.0,"turns":2.0},{"damage":1.0,"enemies":"Cultist","floor":4.0,"turns":3.0},{"damage":40.0,"enemies":"3 Sentries","floor":6.0,"turns":7.0},{"damage":6.0,"enemies":"Exordium Wildlife","floor":7.0,"turns":7.0},{"damage":7.0,"enemies":"Exordium Thugs","floor":10.0,"turns":4.0},{"damage":22.0,"enemies":"Gremlin Nob","floor":11.0,"turns":4.0},{"damage":0.0,"enemies":"2 Fungi Beasts","floor":12.0,"turns":3.0},{"damage":6.0,"enemies":"Lagavulin","floor":13.0,"turns":8.0},{"damage":8.0,"enemies":"Blue Slaver","floor":14.0,"turns":2.0},{"damage":24.0,"enemies":"Hexaghost","floor":16.0,"turns":10.0},{"damage":5.0,"enemies":"3 Byrds","floor":18.0,"turns":6.0},{"damage":8.0,"enemies":"Spheric Guardian","floor":20.0,"turns":4.0},{"damage":13.0,"enemies":"Snecko","floor":22.0,"turns":7.0},{"damage":56.0,"enemies":"Gremlin Leader","floor":24.0,"turns":6.0},{"damage":6.0,"enemies":"Shelled Parasite and Fungi","floor":25.0,"turns":6.0},{"damage":21,"enemies":"Book of Stabbing","floor":31,"turns":6},{"damage":32,"enemies":"Automaton","floor":33,"turns":13},{"damage":64,"enemies":"3 Darklings","floor":35,"turns":11}],"seed_played":"-3349414710719491267","potions_obtained":[{"floor":1.0,"key":"Dexterity Potion"},{"floor":4.0,"key":"Poison Potion"},{"floor":7.0,"key":"FocusPotion"},{"floor":14.0,"key":"GamblersBrew"},{"floor":16.0,"key":"Swift Potion"},{"floor":18.0,"key":"EssenceOfSteel"},{"floor":25.0,"key":"AttackPotion"},{"floor":33,"key":"FocusPotion"}],"is_trial":false,"path_per_floor":["M","$","M","M","?","E","M","R","T","M","E","M","E","M","R","B",null,"M","$","M","?","M","R","E","M","T","?","R","$","?","E","R","B",null,"M"],"character_chosen":"DEFECT","items_purchased":["DataDisk","Self Repair","Bag of Preparation","Defragment+1","Coolheaded","PowerPotion"],"campfire_rested":3,"item_purchase_floors":[2,2,19,29,29,29],"current_hp_per_floor":[64,64,59,64,53,20,21,40,40,40,25,32,33,25,25,33,56,64,64,64,64,64,64,8,9,9,9,28,28,28,21,40,46,60,0],"gold":131,"neow_bonus":"TWO_FIFTY_GOLD","is_prod":false,"is_daily":false,"chose_seed":false,"campfire_upgraded":2,"win_rate":0,"timestamp":1558022279,"path_taken":["M","$","M","M","?","E","M","R","T","M","E","M","E","M","R","BOSS","M","$","M","?","?","R","E","M","T","?","R","?","?","E","R","BOSS","M"],"build_version":"2019-01-23","purchased_purges":2,"victory":false,"max_hp_per_floor":[64,64,64,64,64,64,64,64,64,64,64,64,64,64,64,64,64,64,64,64,64,64,64,64,64,64,64,64,64,64,64,64,64,64,64],"card_choices":[{"not_picked":["Undo","Chaos"],"picked":"Sunder","floor":1.0},{"not_picked":["Beam Cell","Tempest"],"picked":"Compile Driver","floor":3.0},{"not_picked":["Beam Cell","Tempest"],"picked":"Compile Driver","floor":4.0},{"not_picked":["Gash","Sweeping Beam"],"picked":"Coolheaded","floor":6.0},{"not_picked":["Barrage","White Noise"],"picked":"Undo","floor":7.0},{"not_picked":["Compile Driver","Heatsinks"],"picked":"Glacier","floor":10.0},{"not_picked":["Machine Learning","Turbo"],"picked":"Ball Lightning","floor":11.0},{"not_picked":["Hologram","Stack"],"picked":"Barrage","floor":12.0},{"not_picked":["Lockon","Force Field"],"picked":"Darkness","floor":13.0},{"not_picked":["Self Repair","Steam","Hologram"],"picked":"SKIP","floor":14.0},{"not_picked":["Self Repair","Hologram"],"picked":"Steam","floor":14.0},{"not_picked":["Reboot","Machine Learning"],"picked":"Biased Cognition","floor":16.0},{"not_picked":["Barrage","Rebound","Streamline"],"picked":"SKIP","floor":18.0},{"not_picked":["Gash","Streamline"],"picked":"Cold Snap","floor":20.0},{"not_picked":["Darkness","Force Field"],"picked":"Buffer","floor":22.0},{"not_picked":["Compile Driver","Self Repair"],"picked":"Chill","floor":24.0},{"not_picked":["Rebound","Ball Lightning","Cold Snap+1"],"picked":"SKIP","floor":25.0},{"not_picked":["Streamline","Coolheaded"],"picked":"Glacier","floor":31},{"not_picked":["Fission","Amplify"],"picked":"Seek","floor":33}],"player_experience":2340847,"relics_obtained":[{"floor":6.0,"key":"Ice Cream"},{"floor":11.0,"key":"Pantograph"},{"floor":13.0,"key":"Unceasing Top"},{"floor":24.0,"key":"Frozen Egg 2"},{"floor":26.0,"key":"Dodecahedron"},{"floor":31,"key":"The Courier"}],"event_choices":[{"damage_healed":0.0,"max_hp_gain":0.0,"max_hp_loss":0.0,"gold_gain":75.0,"event_name":"World of Goop","player_choice":"Gather Gold","floor":5.0,"gold_loss":0.0,"damage_taken":11.0},{"damage_healed":0.0,"max_hp_gain":0.0,"max_hp_loss":0.0,"gold_gain":0.0,"event_name":"Match and Keep!","player_choice":"1 cards matched","floor":21.0,"gold_loss":0.0,"damage_taken":0.0,"cards_obtained":["Compile Driver"]},{"damage_healed":0.0,"max_hp_gain":0.0,"max_hp_loss":0.0,"gold_gain":50.0,"event_name":"Nest","player_choice":"Stole From Cult","floor":27.0,"gold_loss":0.0,"damage_taken":0.0},{"cards_removed":["Zap"],"damage_healed":0,"gold_gain":0,"player_choice":"Elegance","damage_taken":0,"max_hp_gain":0,"max_hp_loss":0,"event_name":"Back to Basics","floor":30,"gold_loss":0}],"is_beta":false,"boss_relics":[{"not_picked":["Orrery","Snecko Eye"],"picked":"Pandora\u0027s Box"},{"not_picked":["Busted Crown","Runic Dome"],"picked":"Black Star"}],"items_purged_floors":[2,19],"is_endless":false,"potions_floor_spawned":[1,4,7,14,16,18,20,25,33],"killed_by":"3 Darklings","ascension_level":20}