{"gold_per_floor":[360,111,124,124,134,134,165,165,165,182,197,43,43,59,59,157,157,175,27,27,38,137,137,148,148,148,148,148],"floor_reached":28,"playtime":2183,"items_purged":[],"score":338,"play_id":"d66df00c-246f-404b-b7f5-82642f5a2540","local_time":"20190430172320","is_ascension_mode":true,"campfire_choices":[{"data":"Neutralize","floor":6,"key":"SMITH"},{"floor":8,"key":"REST"},{"floor":13,"key":"REST"},{"floor":15,"key":"REST"},{"data":"Quick Slash","floor":23,"key":"SMITH"},{"data":"Footwork","floor":25,"key":"SMITH"},{"data":"Expertise","floor":27,"key":"SMITH"}],"neow_cost":"TEN_PERCENT_HP_LOSS","seed_source_timestamp":1212047404652800,"circlet_count":0,"master_deck":["AscendersBane","Defend_G","Defend_G","Defend_G","Defend_G","Defend_G","Strike_G","Strike_G+1","Strike_G+1","Strike_G","Strike_G","Survivor","Neutralize+1","Dodge and Roll","Acrobatics","Expertise+1","Endless Agony","Footwork+1","Quick Slash+1","Flying Knee","Bullet Time","Well Laid Plans"],"relics":["Ring of the Snake","Shuriken","Singing Bowl","Blue Candle","Whetstone","Coffee Dripper","Happy Flower","Darkstone Periapt"],"potions_floor_usage":[7,16,16,24,28],"damage_taken":[{"damage":4,"enemies":"Jaw Worm","floor":1,"turns":6},{"damage":1,"enemies":"Cultist","floor":3,"turns":4},{"damage":0,"enemies":"2 Louse","floor":5,"turns":4},{"damage":44,"enemies":"3 Sentries","floor":7,"turns":12},{"damage":20,"enemies":"Exordium Thugs","floor":10,"turns":8},{"damage":0,"enemies":"Looter","floor":11,"turns":5},{"damage":6,"enemies":"3 Louse","floor":14,"turns":4},{"damage":24,"enemies":"The Guardian","floor":16,"turns":12},{"damage":15,"enemies":"Chosen","floor":18,"turns":6},{"damage":10,"enemies":"2 Thieves","floor":21,"turns":4},{"damage":43,"enemies":"Centurion and Healer","floor":24,"turns":10},{"damage":3,"enemies":"Snake Plant","floor":28,"turns":1}],"seed_played":"5578824665716543693","potions_obtained":[{"floor":1,"key":"Ancient Potion"},{"floor":7,"key":"Weak Potion"},{"floor":10,"key":"FearPotion"},{"floor":16,"key":"PowerPotion"},{"floor":20,"key":"Regen Potion"}],"is_trial":false,"path_per_floor":["M","$","M","?","M","R","E","R","T","M","M","$","R","M","R","B",null,"M","$","?","M","?","R","M","R","T","R","M"],"character_chosen":"THE_SILENT","items_purchased":["Shuriken","Whetstone","Happy Flower"],"campfire_rested":3,"item_purchase_floors":[2,12,19],"current_hp_per_floor":[59,59,58,58,58,58,14,32,32,12,12,12,30,24,42,18,52,39,39,39,31,31,31,3,3,3,3,0],"gold":148,"neow_bonus":"TWO_FIFTY_GOLD","is_prod":false,"is_daily":false,"chose_seed":false,"campfire_upgraded":4,"win_rate":0,"timestamp":1556641400,"path_taken":["M","$","M","?","?","R","E","R","T","M","?","$","R","M","R","BOSS","M","$","?","?","?","R","M","R","T","R","M"],"build_version":"2019-01-23","purchased_purges":0,"victory":false,"max_hp_per_floor":[63,63,63,63,63,63,63,63,63,63,63,63,63,63,63,63,63,65,65,65,67,67,67,67,67,67,67,67],"card_choices":[{"not_picked":["Finisher","Blade Dance"],"picked":"Dodge and Roll","floor":1},{"not_picked":["Poisoned Stab","Dodge and Roll"],"picked":"Acrobatics","floor":3},{"not_picked":["Flying Knee","Dagger Throw"],"picked":"Expertise","floor":5},{"not_picked":["Sucker Punch","Dash"],"picked":"Endless Agony","floor":7},{"not_picked":["Skewer","Prepared"],"picked":"Footwork","floor":10},{"not_picked":["Wraith Form v2","Finisher"],"picked":"Quick Slash","floor":11},{"not_picked":["Reflex","Poisoned Stab"],"picked":"Flying Knee","floor":14},{"not_picked":["Tools of the Trade","Burst"],"picked":"Bullet Time","floor":16},{"not_picked":["Underhanded Strike","Deflect","Eviscerate+1"],"picked":"Singing Bowl","floor":18},{"not_picked":["Prepared","Quick Slash","Acrobatics"],"picked":"Singing Bowl","floor":21},{"not_picked":["Accuracy","Dodge and Roll"],"picked":"Well Laid Plans","floor":24}],"player_experience":429393,"relics_obtained":[{"floor":7,"key":"Singing Bowl"},{"floor":9,"key":"Blue Candle"},{"floor":26,"key":"Darkstone Periapt"}],"event_choices":[{"damage_healed":0,"gold_gain":0,"player_choice":"0 cards matched","damage_taken":0,"max_hp_gain":0,"max_hp_loss":0,"event_name":"Match and Keep!","floor":4,"gold_loss":0,"cards_obtained":[]},{"damage_healed":0,"gold_gain":0,"player_choice":"Got Potions","damage_taken":0,"max_hp_gain":0,"max_hp_loss":0,"event_name":"Lab","floor":20,"gold_loss":0},{"damage_healed":0,"gold_gain":99,"player_choice":"Stole From Cult","damage_taken":0,"max_hp_gain":0,"max_hp_loss":0,"event_name":"Nest","floor":22,"gold_loss":0}],"is_beta":false,"boss_relics":[{"not_picked":["Lizard Tail","Busted Crown"],"picked":"Coffee Dripper"}],"items_purged_floors":[],"is_endless":false,"potions_floor_spawned":[1,7,10,14,16,21],"killed_by":"Snake Plant","ascension_level":11}