{"gold_per_floor":[359,372,11,11,27,62,62,92,116,116,131,144,144,144,144,220,220,235,235,285,335,347,347,381,381,381,35,35,55,55,55,55,55],"floor_reached":33,"playtime":988,"items_purged":["Doubt","Strike_B"],"score":518,"play_id":"63657842-710e-4746-b7c1-31090152486b","local_time":"20181016122625","is_ascension_mode":true,"campfire_choices":[{"floor":7,"key":"REST"},{"data":"Defragment","floor":10,"key":"SMITH"},{"data":"Sunder","floor":13,"key":"SMITH"},{"data":"Zap","floor":15,"key":"SMITH"},{"data":"Defragment","floor":23,"key":"SMITH"},{"floor":28,"key":"REST"},{"floor":30,"key":"REST"},{"floor":32,"key":"REST"}],"neow_cost":"CURSE","seed_source_timestamp":186800074656712,"circlet_count":0,"master_deck":["Strike_B","Strike_B","Strike_B","Defend_B","Defend_B","Defend_B","Defend_B","Zap+1","Dualcast","AscendersBane","Chill","Defragment+1","FTL","BootSequence","Sunder+1","Leap","All For One","Coolheaded+1","Defragment+1","Undo","Flash of Steel","Turbo","Ball Lightning","Sweeping Beam+1"],"relics":["FrozenCore","Lantern","Bronze Scales","Potion Belt","Vajra","Prayer Wheel","Kunai","Ornamental Fan"],"potions_floor_usage":[6,16,24,29,33],"damage_taken":[{"damage":8,"enemies":"Jaw Worm","floor":1,"turns":4},{"damage":0,"enemies":"2 Louse","floor":2,"turns":2},{"damage":0,"enemies":"Small Slimes","floor":5,"turns":3},{"damage":30,"enemies":"Gremlin Nob","floor":6,"turns":4},{"damage":0,"enemies":"3 Sentries","floor":8,"turns":12},{"damage":7,"enemies":"3 Louse","floor":11,"turns":2},{"damage":0,"enemies":"Looter","floor":12,"turns":3},{"damage":19,"enemies":"The Guardian","floor":16,"turns":10},{"damage":7,"enemies":"Spheric Guardian","floor":18,"turns":4},{"damage":0,"enemies":"Chosen","floor":22,"turns":4},{"damage":35,"enemies":"Slavers","floor":24,"turns":8},{"damage":9,"enemies":"Snecko","floor":29,"turns":6},{"damage":72,"enemies":"Champ","floor":33,"turns":13}],"seed_played":"6915062616305147902","potions_obtained":[{"floor":2,"key":"GamblersBrew"},{"floor":11,"key":"Weak Potion"},{"floor":22,"key":"Block Potion"}],"is_trial":false,"path_per_floor":["M","M","$","?","M","E","R","E","T","R","M","M","R","$","R","B",null,"M","?","?","?","M","R","E","T","T","$","R","M","R","?","R"],"character_chosen":"DEFECT","items_purchased":["Defragment","Fire Potion","Lantern","Flash of Steel","FocusPotion","Turbo","Ball Lightning"],"campfire_rested":4,"item_purchase_floors":[3,3,3,27,27,27,27],"current_hp_per_floor":[56,56,56,56,56,26,47,47,47,47,40,40,40,40,40,21,59,52,52,52,45,45,45,10,10,10,10,31,22,43,43,64,0],"gold":55,"neow_bonus":"TWO_FIFTY_GOLD","is_prod":false,"is_daily":false,"chose_seed":false,"campfire_upgraded":4,"win_rate":0,"timestamp":1539703585,"path_taken":["M","M","$","?","M","E","R","E","T","R","M","M","R","$","R","BOSS","M","?","?","?","?","R","E","?","T","$","R","M","R","?","R","BOSS"],"build_version":"2018-07-12","purchased_purges":2,"victory":false,"max_hp_per_floor":[71,71,71,71,71,71,71,71,71,71,71,71,71,71,71,71,71,71,71,71,71,71,71,71,71,71,71,71,71,71,71,71,71],"card_choices":[{"not_picked":["Turbo","Redo","Loop"],"picked":"SKIP","floor":1},{"not_picked":["Skim","Steam"],"picked":"Chill","floor":2},{"not_picked":["Beam Cell","Go for the Eyes"],"picked":"FTL","floor":5},{"not_picked":["Coolheaded","BootSequence","Gash"],"picked":"SKIP","floor":6},{"not_picked":["Coolheaded","Gash"],"picked":"BootSequence","floor":6},{"not_picked":["Reinforced Body","Leap"],"picked":"Sunder","floor":8},{"not_picked":["Auto Shields","Turbo"],"picked":"Leap","floor":11},{"not_picked":["Steam","Fusion","Chaos"],"picked":"SKIP","floor":12},{"not_picked":["Buffer","Multi-Cast"],"picked":"All For One","floor":16},{"not_picked":["Steam Power","Streamline+1"],"picked":"Coolheaded+1","floor":18},{"not_picked":["Beam Cell","Fusion","Rebound+1"],"picked":"SKIP","floor":22},{"not_picked":["Coolheaded","Sweeping Beam"],"picked":"Undo","floor":24},{"not_picked":["Turbo","White Noise"],"picked":"Sweeping Beam+1","floor":29},{"not_picked":["Genetic Algorithm","Barrage","Doom and Gloom"],"picked":"SKIP","floor":29}],"player_experience":967903,"relics_obtained":[{"floor":6,"key":"Bronze Scales"},{"floor":8,"key":"Potion Belt"},{"floor":9,"key":"Vajra"},{"floor":24,"key":"Prayer Wheel"},{"floor":25,"key":"Kunai"},{"floor":26,"key":"Ornamental Fan"}],"event_choices":[{"event_name":"The Cleric","player_choice":"Leave","floor":4,"damage_taken":0},{"event_name":"The Library","player_choice":"Read","floor":19,"damage_taken":0},{"event_name":"Golden Shrine","player_choice":"Pray","floor":20,"damage_taken":0},{"event_name":"FaceTrader","player_choice":"Touch","floor":21,"damage_taken":0},{"event_name":"Ghosts","player_choice":"Ignored","floor":31,"damage_taken":0}],"boss_relics":[{"not_picked":["Lizard Tail","Calling Bell"],"picked":"FrozenCore"}],"items_purged_floors":[3,27],"is_endless":false,"potions_floor_spawned":[2,5,11,22],"killed_by":"Champ","ascension_level":15}