{"gold_per_floor":[366,377,302,316,10,42,42,68,68,68,68,86,3,13,13,89,89,109,123,123,6,16,16,30,61,108,108,135,135,161,161,161,238,238,250,55,67,84,94,94,126,126,126,126,158,174,209,209,209,209],"floor_reached":50,"playtime":1849,"items_purged":["Writhe"],"score":1356,"play_id":"7d3876c3-02b1-46cc-b171-f18dba20b088","local_time":"20190502224547","is_ascension_mode":true,"campfire_choices":[{"data":"Neutralize","floor":7.0,"key":"SMITH"},{"floor":11.0,"key":"REST"},{"data":"Footwork","floor":15.0,"key":"SMITH"},{"floor":23.0,"key":"REST"},{"data":"Terror","floor":27.0,"key":"SMITH"},{"floor":29.0,"key":"REST"},{"floor":32.0,"key":"REST"},{"floor":40,"key":"REST"},{"floor":42,"key":"RECALL"},{"floor":44,"key":"REST"},{"floor":49,"key":"REST"}],"neow_cost":"TEN_PERCENT_HP_LOSS","seed_source_timestamp":91766170711316,"circlet_count":0,"master_deck":["AscendersBane","Defend_G","Defend_G","Defend_G","Defend_G","Defend_G","Strike_G","Strike_G","Strike_G","Strike_G","Survivor","Neutralize+1","Cloak And Dagger","Flying Knee","Footwork+1","Dagger Throw","Skewer+1","Well Laid Plans","Terror+1","Endless Agony+1","Dash+1","Infinite Blades","Malaise","Backflip","Well Laid Plans","Deflect+1","Footwork+1","Dagger Spray+1","Footwork","Backflip","Choke+1","Burst","Backflip","Panache","Calculated Gamble","PiercingWail","Caltrops","Noxious Fumes","Die Die Die+1","Bouncing Flask","Backflip","Envenom"],"special_seed":0,"relics":["Ring of the Snake","Strawberry","Molten Egg 2","Dream Catcher","Philosopher\u0027s Stone","Oddly Smooth Stone","Bronze Scales","PreservedInsect","Red Mask","Orichalcum","Fusion Hammer","Art of War","Du-Vu Doll","Snake Skull","Toxic Egg 2"],"potions_floor_usage":[45,47,50],"damage_taken":[{"damage":2.0,"enemies":"2 Louse","floor":1.0,"turns":3.0},{"damage":2.0,"enemies":"Jaw Worm","floor":2.0,"turns":4.0},{"damage":5.0,"enemies":"Cultist","floor":4.0,"turns":6.0},{"damage":21.0,"enemies":"3 Sentries","floor":6.0,"turns":11.0},{"damage":22.0,"enemies":"Lagavulin","floor":8.0,"turns":10.0},{"damage":6.0,"enemies":"Large Slime","floor":12.0,"turns":6.0},{"damage":0.0,"enemies":"Looter","floor":14.0,"turns":2.0},{"damage":1.0,"enemies":"Slime Boss","floor":16.0,"turns":8.0},{"damage":18.0,"enemies":"2 Thieves","floor":18.0,"turns":4.0},{"damage":7.0,"enemies":"Shell Parasite","floor":19.0,"turns":4.0},{"damage":9.0,"enemies":"Snake Plant","floor":22.0,"turns":5.0},{"damage":4.0,"enemies":"Snecko","floor":24.0,"turns":6.0},{"damage":9.0,"enemies":"Book of Stabbing","floor":25.0,"turns":6.0},{"damage":22.0,"enemies":"Masked Bandits","floor":28.0,"turns":4.0},{"damage":24.0,"enemies":"Slavers","floor":30.0,"turns":4.0},{"damage":0.0,"enemies":"Automaton","floor":33.0,"turns":11.0},{"damage":0.0,"enemies":"Orb Walker","floor":35.0,"turns":4.0},{"damage":1,"enemies":"3 Shapes","floor":37,"turns":5},{"damage":0,"enemies":"Writhing Mass","floor":38,"turns":6},{"damage":0,"enemies":"4 Shapes","floor":39,"turns":7},{"damage":21,"enemies":"Nemesis","floor":41,"turns":7},{"damage":15,"enemies":"Giant Head","floor":45,"turns":6},{"damage":18,"enemies":"Jaw Worm Horde","floor":46,"turns":5},{"damage":0,"enemies":"Reptomancer","floor":47,"turns":5},{"damage":64,"enemies":"Time Eater","floor":50,"turns":14}],"seed_played":"-1197838679289709654","potions_obtained":[{"floor":1.0,"key":"Dexterity Potion"},{"floor":4.0,"key":"Explosive Potion"},{"floor":8.0,"key":"Swift Potion"},{"floor":22.0,"key":"Ancient Potion"},{"floor":24.0,"key":"Energy Potion"},{"floor":28.0,"key":"Strength Potion"},{"floor":33.0,"key":"EssenceOfSteel"},{"floor":35.0,"key":"SkillPotion"},{"floor":46,"key":"Swift Potion"}],"is_trial":false,"path_per_floor":["M","M","?","M","$","E","R","E","T","?","R","M","$","M","R","B",null,"M","M","?","$","M","R","M","E","T","R","?","R","E","?","R","B",null,"M","$","M","M","M","R","E","R","T","R","E","M","E","?","R","B"],"character_chosen":"THE_SILENT","items_purchased":["Footwork","Strawberry","Dagger Throw","Dash+1","Well Laid Plans","Panache"],"campfire_rested":7,"item_purchase_floors":[5,5,5,13,21,36],"current_hp_per_floor":[57,55,55,50,57,36,36,14,14,19,40,34,34,34,34,33,62,44,37,37,37,28,49,45,36,36,36,14,35,11,11,32,32,62,62,62,61,61,61,72,51,51,51,72,57,39,39,39,60,0],"gold":209,"neow_bonus":"TWO_FIFTY_GOLD","is_prod":false,"is_daily":false,"chose_seed":false,"campfire_upgraded":3,"win_rate":0,"timestamp":1556847947,"path_taken":["M","M","?","M","$","E","R","E","T","?","R","M","?","M","R","BOSS","M","M","?","$","M","R","M","E","T","R","?","R","E","?","R","BOSS","M","$","?","M","M","R","E","R","T","R","E","M","E","?","R","BOSS"],"build_version":"2019-01-23","purchased_purges":1,"victory":false,"max_hp_per_floor":[60,60,60,60,67,67,67,67,67,72,72,72,72,72,72,72,72,72,72,72,72,72,72,72,72,72,72,72,72,72,72,72,72,72,72,72,72,72,72,72,72,72,72,72,72,72,72,72,72,72],"card_choices":[{"not_picked":["Calculated Gamble","Blur","Sucker Punch"],"picked":"SKIP","floor":1.0},{"not_picked":["Expertise","Flechettes"],"picked":"Cloak And Dagger","floor":2.0},{"not_picked":["Catalyst","Venomology"],"picked":"Flying Knee","floor":4.0},{"not_picked":["Backflip","Cloak And Dagger"],"picked":"Skewer","floor":6.0},{"not_picked":["Terror","Acrobatics"],"picked":"Well Laid Plans","floor":8.0},{"not_picked":["Dodge and Roll","Cloak And Dagger"],"picked":"Terror","floor":11.0},{"not_picked":["Deadly Poison","PiercingWail"],"picked":"Endless Agony+1","floor":12.0},{"not_picked":["Deadly Poison","Acrobatics"],"picked":"Infinite Blades","floor":14.0},{"not_picked":["Envenom","Wraith Form v2"],"picked":"Malaise","floor":16.0},{"not_picked":["Skewer+1","Finisher+1"],"picked":"Backflip","floor":18.0},{"not_picked":["Eviscerate+1","Outmaneuver","Masterful Stab+1"],"picked":"SKIP","floor":19.0},{"not_picked":["Dagger Throw+1","Blade Dance"],"picked":"Deflect+1","floor":22.0},{"not_picked":["Choke+1","Caltrops"],"picked":"Footwork","floor":24.0},{"not_picked":["Reflex+1","Bullet Time"],"picked":"Dagger Spray+1","floor":25.0},{"not_picked":["Backstab+1","Deadly Poison"],"picked":"Footwork","floor":28.0},{"not_picked":["Poisoned Stab+1","Dodge and Roll+1"],"picked":"Backflip","floor":29.0},{"not_picked":["Tools of the Trade","Masterful Stab+1"],"picked":"Choke+1","floor":30.0},{"not_picked":["Venomology","Tools of the Trade"],"picked":"Burst","floor":33.0},{"not_picked":["Blade Dance","Sucker Punch+1"],"picked":"Backflip","floor":35.0},{"not_picked":["Riddle With Holes+1","Dodge and Roll"],"picked":"Calculated Gamble","floor":37},{"not_picked":["Deadly Poison","Well Laid Plans"],"picked":"PiercingWail","floor":38},{"not_picked":["Skewer+1","Deflect","Masterful Stab+1"],"picked":"SKIP","floor":39},{"not_picked":["Skewer+1","Deflect","Masterful Stab+1"],"picked":"SKIP","floor":39},{"not_picked":["Infinite Blades","Deadly Poison"],"picked":"Caltrops","floor":40},{"not_picked":["Catalyst","Finisher+1"],"picked":"Noxious Fumes","floor":41},{"not_picked":["Quick Slash+1","Deflect"],"picked":"Die Die Die+1","floor":44},{"not_picked":["Quick Slash+1","Riddle With Holes+1"],"picked":"Bouncing Flask","floor":45},{"not_picked":["Cloak And Dagger","Flying Knee+1"],"picked":"Backflip","floor":46},{"not_picked":["Distraction+1","Eviscerate+1","Heel Hook+1"],"picked":"SKIP","floor":47}],"player_experience":2250656,"relics_obtained":[{"floor":6.0,"key":"Molten Egg 2"},{"floor":8.0,"key":"Dream Catcher"},{"floor":25.0,"key":"Bronze Scales"},{"floor":26.0,"key":"PreservedInsect"},{"floor":28.0,"key":"Red Mask"},{"floor":30.0,"key":"Orichalcum"},{"floor":41,"key":"Art of War"},{"floor":43,"key":"Du-Vu Doll"},{"floor":45,"key":"Snake Skull"},{"floor":47,"key":"Toxic Egg 2"}],"event_choices":[{"cards_removed":["Strike_G"],"damage_healed":0.0,"max_hp_gain":0.0,"max_hp_loss":0.0,"gold_gain":0.0,"event_name":"The Cleric","player_choice":"Card Removal","floor":3.0,"gold_loss":75.0,"damage_taken":0.0},{"damage_healed":0.0,"max_hp_gain":5.0,"max_hp_loss":0.0,"gold_gain":0.0,"event_name":"Big Fish","player_choice":"Donut","floor":10.0,"gold_loss":0.0,"damage_taken":0.0},{"damage_healed":0.0,"max_hp_gain":0.0,"max_hp_loss":0.0,"gold_gain":0.0,"event_name":"The Mausoleum","player_choice":"Opened","floor":20.0,"gold_loss":0.0,"damage_taken":0.0,"relics_obtained":["Oddly Smooth Stone"],"cards_obtained":["Writhe"]},{"damage_healed":0.0,"max_hp_gain":0.0,"max_hp_loss":0.0,"gold_gain":0.0,"event_name":"Masked Bandits","player_choice":"Fought Bandits","floor":28.0,"gold_loss":0.0,"damage_taken":0.0},{"damage_healed":0.0,"max_hp_gain":0.0,"max_hp_loss":0.0,"gold_gain":0.0,"event_name":"Upgrade Shrine","player_choice":"Upgraded","floor":31.0,"gold_loss":0.0,"damage_taken":0.0,"cards_upgraded":["Footwork"]},{"damage_healed":0,"gold_gain":0,"player_choice":"1 cards matched","damage_taken":0,"max_hp_gain":0,"max_hp_loss":0,"event_name":"Match and Keep!","floor":48,"gold_loss":0,"cards_obtained":["Envenom"]}],"is_beta":false,"boss_relics":[{"not_picked":["Calling Bell","Ectoplasm"],"picked":"Philosopher\u0027s Stone"},{"not_picked":["Runic Dome","Busted Crown"],"picked":"Fusion Hammer"}],"items_purged_floors":[21],"is_endless":false,"potions_floor_spawned":[1,4,8,22,24,28,33,35,38,46],"killed_by":"Time Eater","ascension_level":20}