{"gold_per_floor":[20,20,40,40,13,13,13,13,84,119,131,166,179,41,41,117,117,137,187,187,205,205,238,257,257,309,359,359,20,46,46,46,123,123,137,154,174,174,72,72,104,104,104,118,149,149,166,176,176,176],"floor_reached":51,"playtime":1526,"items_purged":[],"score":1364,"play_id":"bae84484-edd8-4428-96ef-ba0cf2681886","local_time":"20180909173612","is_ascension_mode":true,"campfire_choices":[{"data":"Go for the Eyes","floor":6,"key":"SMITH"},{"data":"Streamline","floor":8,"key":"SMITH"},{"data":"Defragment","floor":15,"key":"SMITH"},{"data":"Hologram","floor":25,"key":"SMITH"},{"floor":28,"key":"REST"},{"data":"Bandage Up","floor":32,"key":"SMITH"},{"data":"Biased Cognition","floor":40,"key":"SMITH"},{"data":"Coolheaded","floor":42,"key":"SMITH"},{"floor":46,"key":"REST"},{"floor":49,"key":"REST"}],"neow_cost":"NO_GOLD","seed_source_timestamp":16780749130614,"circlet_count":0,"master_deck":["Strike_B+1","Strike_B","Strike_B","Defend_B","Defend_B","Defend_B","Zap+1","Dualcast+1","AscendersBane","Streamline+1","Chill","Go for the Eyes+1","Hologram+1","Barrage+1","Defragment+1","Conserve Battery","Defragment+1","Bandage Up+1","Electrodynamics","Hologram+1","Melter","Cold Snap","White Noise+1","Biased Cognition+1","Leap","Ball Lightning","Coolheaded+1","Darkness+1","Core Surge","Leap+1"],"relics":["Cracked Core","Meat on the Bone","Cables","Bag of Preparation","Velvet Choker","War Paint","Happy Flower","Singing Bowl","Bottled Lightning","Inserter","Centennial Puzzle","Pantograph","Whetstone"],"potions_floor_usage":[12,23,33,41,50,50],"damage_taken":[{"damage":7,"enemies":"Small Slimes","floor":1,"turns":3},{"damage":12,"enemies":"Jaw Worm","floor":3,"turns":2},{"damage":19,"enemies":"3 Sentries","floor":10,"turns":8},{"damage":3,"enemies":"2 Louse","floor":11,"turns":5},{"damage":22,"enemies":"Lagavulin","floor":12,"turns":4},{"damage":0,"enemies":"Exordium Thugs","floor":13,"turns":3},{"damage":12,"enemies":"The Guardian","floor":16,"turns":8},{"damage":0,"enemies":"Shell Parasite","floor":18,"turns":4},{"damage":0,"enemies":"Chosen","floor":21,"turns":4},{"damage":33,"enemies":"Slavers","floor":23,"turns":4},{"damage":0,"enemies":"3 Cultists","floor":24,"turns":2},{"damage":0,"enemies":"Gremlin Leader","floor":30,"turns":6},{"damage":11,"enemies":"Collector","floor":33,"turns":10},{"damage":0,"enemies":"Orb Walker","floor":35,"turns":3},{"damage":2,"enemies":"3 Shapes","floor":36,"turns":3},{"damage":20,"enemies":"Spire Growth","floor":37,"turns":4},{"damage":13,"enemies":"2 Orb Walkers","floor":41,"turns":5},{"damage":15,"enemies":"4 Shapes","floor":44,"turns":2},{"damage":11,"enemies":"Giant Head","floor":45,"turns":6},{"damage":6,"enemies":"Transient","floor":47,"turns":5},{"damage":22,"enemies":"Flame Bruiser 2 Orb","floor":48,"turns":4},{"damage":49,"enemies":"Donu and Deca","floor":50,"turns":6}],"seed_played":"5224250799428323566","potions_obtained":[{"floor":11,"key":"Strength Potion"},{"floor":12,"key":"Fire Potion"},{"floor":16,"key":"Ancient Potion"},{"floor":36,"key":"FearPotion"},{"floor":41,"key":"Ancient Potion"}],"is_trial":false,"path_per_floor":["M","?","M","?","$","R","?","R","T","E","M","E","M","$","R","B",null,"M","?","?","M","?","E","M","R","T","?","R","$","E","$","R","B",null,"M","M","M","?","$","R","E","R","T","M","E","R","M","M","R","B"],"character_chosen":"DEFECT","items_purchased":["Go for the Eyes","Defragment","Bandage Up","Cold Snap","Singing Bowl","Dexterity Potion","Ball Lightning","Coolheaded"],"campfire_rested":3,"item_purchase_floors":[5,14,14,29,29,29,39,39],"current_hp_per_floor":[57,57,45,45,45,45,45,45,45,38,47,37,37,37,37,41,64,68,68,48,52,52,35,47,47,47,47,69,69,73,73,73,75,76,76,78,60,60,60,60,53,53,53,52,47,71,71,57,82,53],"gold":176,"neow_bonus":"TRANSFORM_TWO_CARDS","is_prod":false,"is_daily":false,"chose_seed":false,"campfire_upgraded":7,"win_rate":0,"timestamp":1536525372,"path_taken":["M","?","M","?","$","R","?","R","T","E","M","E","M","$","R","BOSS","M","?","?","M","?","E","M","R","T","?","R","$","E","?","R","BOSS","M","M","M","?","$","R","E","R","T","M","E","R","M","M","R","BOSS"],"build_version":"2018-07-12","purchased_purges":0,"victory":true,"max_hp_per_floor":[71,71,71,71,71,71,71,71,71,71,71,71,71,71,71,71,71,71,71,76,76,76,76,76,76,76,76,76,76,76,76,76,76,76,76,78,80,80,80,80,80,80,80,82,82,82,82,84,84,84],"card_choices":[{"not_picked":["Compile Driver","Streamline","Turbo"],"picked":"SKIP","floor":1},{"not_picked":["Streamline","Sweeping Beam"],"picked":"Chill","floor":3},{"not_picked":["Meteor Strike","Compile Driver"],"picked":"Barrage","floor":10},{"not_picked":["Sunder","Coolheaded"],"picked":"Defragment","floor":11},{"not_picked":["Rebound","Double Energy"],"picked":"Conserve Battery","floor":12},{"not_picked":["Barrage","Turbo","Undo"],"picked":"SKIP","floor":13},{"not_picked":["All For One","Creative AI"],"picked":"Electrodynamics","floor":16},{"not_picked":["Streamline","Go for the Eyes"],"picked":"Hologram","floor":18},{"not_picked":["Sweeping Beam","Redo"],"picked":"Melter","floor":21},{"not_picked":["Genetic Algorithm","Hologram","Darkness"],"picked":"SKIP","floor":23},{"not_picked":["Genetic Algorithm","Hologram","Darkness"],"picked":"SKIP","floor":23},{"not_picked":["Compile Driver","Gash","Beam Cell"],"picked":"SKIP","floor":24},{"not_picked":["Hologram","Stack"],"picked":"White Noise+1","floor":30},{"not_picked":["Reboot","Hyperbeam"],"picked":"Biased Cognition","floor":33},{"not_picked":["Conserve Battery","Sunder"],"picked":"Leap","floor":35},{"not_picked":["Steam","Auto Shields","Lockon"],"picked":"Singing Bowl","floor":36},{"not_picked":["Beam Cell+1","Sweeping Beam","Compile Driver"],"picked":"Singing Bowl","floor":37},{"not_picked":["Seek","Redo"],"picked":"Darkness+1","floor":41},{"not_picked":["Hologram","Rebound","Aggregate+1"],"picked":"Singing Bowl","floor":44},{"not_picked":["Go for the Eyes","Beam Cell"],"picked":"Core Surge","floor":45},{"not_picked":["Coolheaded","Turbo+1"],"picked":"Leap+1","floor":47},{"not_picked":["Sweeping Beam","Hologram","Rebound+1"],"picked":"Singing Bowl","floor":48}],"player_experience":831076,"relics_obtained":[{"floor":9,"key":"Meat on the Bone"},{"floor":10,"key":"Cables"},{"floor":12,"key":"Bag of Preparation"},{"floor":23,"key":"War Paint"},{"floor":26,"key":"Happy Flower"},{"floor":30,"key":"Bottled Lightning"},{"floor":41,"key":"Centennial Puzzle"},{"floor":43,"key":"Pantograph"},{"floor":45,"key":"Whetstone"}],"event_choices":[{"event_name":"Golden Idol","player_choice":"Ignored","floor":2,"damage_taken":0},{"event_name":"Upgrade Shrine","player_choice":"Upgraded","floor":4,"damage_taken":0},{"event_name":"Transmorgrifier","player_choice":"Transform","floor":7,"damage_taken":0},{"event_name":"Golden Shrine","player_choice":"Pray","floor":19,"damage_taken":0},{"event_name":"Forgotten Altar","player_choice":"Shed Blood","floor":20,"damage_taken":0},{"event_name":"Accursed Blacksmith","player_choice":"Forge","floor":22,"damage_taken":0},{"event_name":"The Joust","player_choice":"Bet on Murderer","floor":27,"damage_taken":0},{"event_name":"Tomb of Lord Red Mask","player_choice":"Ignored","floor":38,"damage_taken":0}],"boss_relics":[{"not_picked":["Pandora\u0027s Box","White Beast Statue"],"picked":"Velvet Choker"},{"not_picked":["Orrery","Astrolabe"],"picked":"Inserter"}],"items_purged_floors":[],"is_endless":false,"potions_floor_spawned":[11,12,16,18,21,36,41,44,47,48],"ascension_level":15}