{"gold_per_floor":[111,111,129,129,141,141,172,172,172,184,184,184,204,48,48,48],"floor_reached":16,"playtime":328,"items_purged":["Strike_R"],"score":200,"play_id":"1b03ed6a-5552-4ed1-8737-64f10c6dfd63","local_time":"20190511124951","is_ascension_mode":true,"campfire_choices":[{"data":"Whirlwind","floor":6.0,"key":"SMITH"},{"data":"Shrug It Off","floor":8.0,"key":"SMITH"},{"floor":11.0,"key":"RECALL"},{"data":"Power Through","floor":15.0,"key":"SMITH"}],"neow_cost":"NONE","seed_source_timestamp":1394669071573319,"circlet_count":0,"master_deck":["AscendersBane","Strike_R","Strike_R+1","Strike_R","Defend_R+1","Defend_R","Defend_R+1","Defend_R","Bash+1","Shrug It Off+1","Whirlwind+1","Pommel Strike+1","Power Through+1"],"special_seed":0,"relics":["Burning Blood","Whetstone","Molten Egg 2","Potion Belt"],"potions_floor_usage":[16],"damage_taken":[{"damage":1.0,"enemies":"Cultist","floor":1.0,"turns":3.0},{"damage":0.0,"enemies":"Small Slimes","floor":3.0,"turns":2.0},{"damage":0.0,"enemies":"Jaw Worm","floor":5.0,"turns":5.0},{"damage":37.0,"enemies":"3 Sentries","floor":7.0,"turns":7.0},{"damage":11.0,"enemies":"Exordium Wildlife","floor":10.0,"turns":5.0},{"damage":0.0,"enemies":"3 Louse","floor":13.0,"turns":1.0},{"damage":51,"enemies":"The Guardian","floor":16,"turns":9}],"seed_played":"6526806535051599567","potions_obtained":[{"floor":7.0,"key":"SpeedPotion"},{"floor":10.0,"key":"Strength Potion"}],"is_trial":false,"path_per_floor":["M","?","M","?","M","R","E","R","T","M","R","?","M","$","R","B"],"character_chosen":"IRONCLAD","items_purchased":["Power Through"],"campfire_rested":0,"item_purchase_floors":[14],"current_hp_per_floor":[73,73,75,75,75,75,44,44,44,39,39,16,22,22,22,0],"gold":48,"neow_bonus":"RANDOM_COMMON_RELIC","is_prod":false,"is_daily":false,"chose_seed":false,"campfire_upgraded":3,"win_rate":0,"timestamp":1557550191,"path_taken":["M","?","?","?","M","R","E","R","T","M","R","?","M","$","R","BOSS"],"build_version":"2019-01-23","purchased_purges":1,"victory":false,"max_hp_per_floor":[75,75,75,75,75,75,75,75,75,75,75,75,75,75,75,75],"card_choices":[{"not_picked":["Wild Strike","Bloodletting"],"picked":"Shrug It Off","floor":1.0},{"not_picked":["Heavy Blade","Pommel Strike","Wild Strike"],"picked":"SKIP","floor":3.0},{"not_picked":["Sever Soul","Sword Boomerang","Brutality"],"picked":"SKIP","floor":5.0},{"not_picked":["Cleave","Reckless Charge","Thunderclap"],"picked":"SKIP","floor":7.0},{"not_picked":["Hemokinesis+1","Uppercut+1","Fire Breathing"],"picked":"SKIP","floor":10.0},{"not_picked":["Headbutt+1","Dropkick+1"],"picked":"Pommel Strike+1","floor":13.0}],"player_experience":1928663,"relics_obtained":[{"floor":7.0,"key":"Molten Egg 2"},{"floor":9.0,"key":"Potion Belt"}],"event_choices":[{"damage_healed":0.0,"max_hp_gain":0.0,"max_hp_loss":0.0,"gold_gain":0.0,"cards_transformed":["Strike_R"],"event_name":"Transmorgrifier","player_choice":"Transformed","floor":2.0,"gold_loss":0.0,"damage_taken":0.0,"cards_obtained":["Whirlwind"]},{"damage_healed":0.0,"max_hp_gain":0.0,"max_hp_loss":0.0,"gold_gain":0.0,"event_name":"Liars Game","player_choice":"Ignored","floor":4.0,"gold_loss":0.0,"damage_taken":0.0},{"damage_healed":0.0,"max_hp_gain":0.0,"max_hp_loss":0.0,"gold_gain":0.0,"event_name":"Shining Light","player_choice":"Entered Light","floor":12.0,"gold_loss":0.0,"damage_taken":23.0,"cards_upgraded":["Defend_R","Defend_R"]}],"is_beta":false,"boss_relics":[],"items_purged_floors":[14],"is_endless":false,"potions_floor_spawned":[7,10],"killed_by":"The Guardian","ascension_level":20}