{"gold_per_floor":[367,379,329,345,58,93,93,123,146,146,175,450,450,175,175,273,273,293,293,304,35,55,83,83,83,83,83,97,126,126,1,1,104,104,115,115,115,134,534,534,586,586,634,634,634],"floor_reached":46,"playtime":2089,"items_purged":["Regret","Strike_R","Strike_R"],"score":874,"play_id":"a5046ed8-efc5-4680-92e6-f0649339e0ba","local_time":"20190417164409","is_ascension_mode":true,"campfire_choices":[{"floor":7,"key":"REST"},{"data":"Bash","floor":10,"key":"SMITH"},{"data":"Shrug It Off","floor":15,"key":"SMITH"},{"data":"Mayhem","floor":24,"key":"SMITH"},{"data":"Turbo","floor":27,"key":"SMITH"},{"floor":30,"key":"REST"},{"floor":32,"key":"REST"},{"data":"Outmaneuver","floor":40,"key":"SMITH"},{"floor":42,"key":"REST"}],"neow_cost":"CURSE","seed_source_timestamp":3986719922615,"circlet_count":0,"master_deck":["Strike_R","Strike_R+1","Strike_R","Defend_R","Defend_R","Defend_R+1","Defend_R+1","Bash+1","Whirlwind+1","Shrug It Off+1","Sucker Punch+1","Sever Soul","Turbo+1","Mayhem+1","BootSequence+1","Heel Hook","Envenom+1","Outmaneuver+1","Headbutt+1","Flying Knee+1","Cloak And Dagger+1"],"relics":["Burning Blood","Ice Cream","Whetstone","War Paint","Juzu Bracelet","Odd Mushroom","PrismaticShard","Runic Pyramid","Frozen Egg 2","Kunai","Ancient Tea Set","Sozu","GremlinMask","Old Coin","Incense Burner","Potion Belt"],"potions_floor_usage":[22,41,45],"damage_taken":[{"damage":13,"enemies":"Cultist","floor":1,"turns":4},{"damage":8,"enemies":"2 Louse","floor":2,"turns":3},{"damage":12,"enemies":"Small Slimes","floor":4,"turns":3},{"damage":35,"enemies":"Lagavulin","floor":6,"turns":7},{"damage":25,"enemies":"3 Sentries","floor":8,"turns":6},{"damage":9,"enemies":"The Mushroom Lair","floor":11,"turns":2},{"damage":28,"enemies":"The Guardian","floor":16,"turns":13},{"damage":21,"enemies":"Chosen","floor":18,"turns":5},{"damage":0,"enemies":"3 Byrds","floor":20,"turns":4},{"damage":13,"enemies":"Snake Plant","floor":22,"turns":4},{"damage":37,"enemies":"Gremlin Leader","floor":23,"turns":8},{"damage":19,"enemies":"Sentry and Sphere","floor":28,"turns":6},{"damage":15,"enemies":"Book of Stabbing","floor":29,"turns":6},{"damage":41,"enemies":"Automaton","floor":33,"turns":13},{"damage":0,"enemies":"3 Shapes","floor":35,"turns":4},{"damage":35,"enemies":"3 Darklings","floor":38,"turns":4},{"damage":0,"enemies":"Mind Bloom Boss Battle","floor":39,"turns":4},{"damage":46,"enemies":"2 Orb Walkers","floor":41,"turns":4},{"damage":36,"enemies":"Time Eater","floor":45,"turns":11}],"seed_played":"-5117702632125819542","potions_obtained":[{"floor":1,"key":"Swift Potion"},{"floor":2,"key":"FearPotion"},{"floor":11,"key":"FairyPotion"},{"floor":22,"key":"BloodPotion"},{"floor":33,"key":"Regen Potion"}],"is_trial":false,"path_per_floor":["M","M","?","M","$","E","R","E","T","R","?","?","?","$","R","B",null,"M","?","M","$","M","E","R","?","T","R","M","E","R","$","R","B",null,"M","?","?","M","?","R","?","R","T","?","B",null],"character_chosen":"IRONCLAD","items_purchased":["Ice Cream","PrismaticShard","Mayhem"],"campfire_rested":4,"item_purchase_floors":[5,14,21],"current_hp_per_floor":[73,71,71,65,65,36,60,41,41,41,38,38,38,38,38,16,80,65,65,71,71,64,33,33,33,33,33,20,11,35,35,59,24,80,80,80,80,51,57,57,26,50,50,50,28],"gold":634,"neow_bonus":"TWO_FIFTY_GOLD","is_prod":false,"is_daily":false,"chose_seed":false,"campfire_upgraded":5,"win_rate":0,"timestamp":1555537449,"path_taken":["M","M","?","M","$","E","R","E","T","R","?","?","?","$","R","BOSS","M","?","M","$","M","E","R","?","T","R","M","E","R","$","R","BOSS","M","?","?","M","?","R","?","R","T","?","BOSS"],"build_version":"2019-04-04","purchased_purges":3,"victory":true,"max_hp_per_floor":[80,80,80,80,80,80,80,80,80,80,80,80,80,80,80,80,80,80,80,80,80,80,80,80,80,80,80,80,80,80,80,80,80,80,80,80,80,80,80,80,80,80,80,80,80],"card_choices":[{"not_picked":["Pummel","Cleave","Clothesline"],"picked":"SKIP","floor":1},{"not_picked":["Twin Strike","True Grit","Sword Boomerang"],"picked":"SKIP","floor":2},{"not_picked":["Uppercut","Sword Boomerang"],"picked":"Whirlwind","floor":4},{"not_picked":["Juggernaut","Heavy Blade","Wild Strike"],"picked":"SKIP","floor":6},{"not_picked":["Heavy Blade","True Grit"],"picked":"Shrug It Off","floor":8},{"not_picked":["Anger","Consume"],"picked":"Sucker Punch+1","floor":18},{"not_picked":["Beam Cell","Static Discharge+1"],"picked":"Turbo","floor":20},{"not_picked":["Uppercut","Hemokinesis"],"picked":"BootSequence+1","floor":22},{"not_picked":["Deadly Poison","Blizzard"],"picked":"Heel Hook","floor":23},{"not_picked":["Pommel Strike+1","Rage","Leap"],"picked":"SKIP","floor":28},{"not_picked":["Perfected Strike","Gash","Glass Knife"],"picked":"SKIP","floor":29},{"not_picked":["Buffer+1","Biased Cognition+1"],"picked":"Envenom+1","floor":33},{"not_picked":["Purity","PiercingWail+1"],"picked":"Outmaneuver","floor":35},{"not_picked":["Headbutt+1","Redo+1","Backflip"],"picked":"SKIP","floor":38},{"not_picked":["Redo+1","Backflip"],"picked":"Headbutt+1","floor":38},{"not_picked":["Headbutt+1","Clash+1"],"picked":"Flying Knee+1","floor":39},{"not_picked":["Defragment+1","Heavy Blade"],"picked":"Cloak And Dagger+1","floor":41}],"player_experience":266332,"relics_obtained":[{"floor":6,"key":"Whetstone"},{"floor":8,"key":"War Paint"},{"floor":9,"key":"Juzu Bracelet"},{"floor":11,"key":"Odd Mushroom"},{"floor":23,"key":"Frozen Egg 2"},{"floor":26,"key":"Kunai"},{"floor":29,"key":"Ancient Tea Set"},{"floor":39,"key":"Old Coin"},{"floor":41,"key":"Incense Burner"},{"floor":43,"key":"Potion Belt"}],"event_choices":[{"cards_removed":["Decay"],"damage_healed":0,"gold_gain":0,"player_choice":"Card Removal","damage_taken":0,"max_hp_gain":0,"max_hp_loss":0,"event_name":"The Cleric","floor":3,"gold_loss":50},{"damage_healed":0,"gold_gain":0,"player_choice":"Fought Mushrooms","damage_taken":0,"max_hp_gain":0,"max_hp_loss":0,"event_name":"Mushrooms","floor":11,"gold_loss":0},{"damage_healed":0,"gold_gain":275,"player_choice":"Desecrate","damage_taken":0,"max_hp_gain":0,"max_hp_loss":0,"event_name":"Golden Shrine","floor":12,"gold_loss":0,"cards_obtained":["Regret"]},{"damage_healed":0,"gold_gain":0,"player_choice":"Ignored","damage_taken":0,"max_hp_gain":0,"max_hp_loss":0,"event_name":"Liars Game","floor":13,"gold_loss":0},{"damage_healed":0,"gold_gain":0,"player_choice":"Read","damage_taken":0,"max_hp_gain":0,"max_hp_loss":0,"event_name":"The Library","floor":19,"gold_loss":0,"cards_obtained":["Sever Soul"]},{"damage_healed":0,"gold_gain":0,"player_choice":"Ignored","damage_taken":0,"max_hp_gain":0,"max_hp_loss":0,"event_name":"The Mausoleum","floor":25,"gold_loss":0},{"damage_healed":0,"gold_gain":0,"player_choice":"Trade","damage_taken":0,"relics_obtained":["GremlinMask"],"max_hp_gain":0,"max_hp_loss":0,"event_name":"FaceTrader","floor":36,"gold_loss":0},{"damage_healed":0,"gold_gain":0,"player_choice":"Bought 0 Potions","damage_taken":0,"max_hp_gain":0,"max_hp_loss":0,"event_name":"The Woman in Blue","floor":37,"gold_loss":0},{"damage_healed":0,"gold_gain":0,"player_choice":"Fight","damage_taken":0,"max_hp_gain":0,"max_hp_loss":0,"event_name":"MindBloom","floor":39,"gold_loss":0},{"damage_healed":0,"gold_gain":0,"player_choice":"Fight","damage_taken":0,"max_hp_gain":0,"max_hp_loss":0,"event_name":"Mysterious Sphere","floor":41,"gold_loss":0},{"damage_healed":0,"gold_gain":0,"player_choice":"Took Portal","damage_taken":0,"max_hp_gain":0,"max_hp_loss":0,"event_name":"SecretPortal","floor":44,"gold_loss":0}],"is_beta":true,"boss_relics":[{"not_picked":["Coffee Dripper","White Beast Statue"],"picked":"Runic Pyramid"},{"not_picked":["Lizard Tail","Tiny House"],"picked":"Sozu"}],"items_purged_floors":[14,21,31],"is_endless":false,"potions_floor_spawned":[1,2,11,22,23,33],"ascension_level":3}