{"gold_per_floor":[115,135,149,163,175,175,207,207,254,270,347,347,365,376,376,479,479,492,465,481,72,91,91,91,105,105,125,142,142],"floor_reached":29,"playtime":1881,"items_purged":[],"score":235,"play_id":"c6223755-0b43-4dbf-a103-01f82c824e29","local_time":"20181128132622","is_ascension_mode":false,"campfire_choices":[{"data":"Seeing Red","floor":6,"key":"SMITH"},{"floor":8,"key":"REST"},{"data":"Whirlwind","floor":15,"key":"SMITH"},{"data":"Demon Form","floor":23,"key":"SMITH"}],"neow_cost":"NONE","seed_source_timestamp":1131608645319767,"circlet_count":0,"master_deck":["Strike_R","Strike_R","Strike_R","Strike_R+1","Strike_R","Defend_R","Defend_R","Defend_R","Defend_R","Bash+1","Whirlwind+1","Flex","Flame Barrier","Seeing Red+1","Shockwave","Flex","Ghostly Armor","Demon Form+1","Heavy Blade","Iron Wave","Armaments","Inflame","Anger","Whirlwind","Carnage","Shrug It Off"],"relics":["Burning Blood","Smiling Mask","Whetstone","Coffee Dripper","Ginger","Darkstone Periapt"],"potions_floor_usage":[7,16,16,16,22,22,24],"damage_taken":[{"damage":1,"enemies":"Small Slimes","floor":1,"turns":3},{"damage":17,"enemies":"Cultist","floor":2,"turns":6},{"damage":1,"enemies":"2 Louse","floor":3,"turns":2},{"damage":3,"enemies":"Exordium Wildlife","floor":4,"turns":3},{"damage":19,"enemies":"Exordium Thugs","floor":5,"turns":4},{"damage":52,"enemies":"Gremlin Nob","floor":7,"turns":6},{"damage":0,"enemies":"Blue Slaver","floor":10,"turns":5},{"damage":5,"enemies":"Large Slime","floor":13,"turns":6},{"damage":6,"enemies":"Exordium Wildlife","floor":14,"turns":3},{"damage":62,"enemies":"The Guardian","floor":16,"turns":12},{"damage":5,"enemies":"Chosen","floor":18,"turns":4},{"damage":19,"enemies":"2 Thieves","floor":19,"turns":5},{"damage":6,"enemies":"Snecko","floor":20,"turns":5},{"damage":22,"enemies":"Chosen and Byrds","floor":22,"turns":5},{"damage":3,"enemies":"Colosseum Slavers","floor":24,"turns":4},{"damage":14,"enemies":"Centurion and Healer","floor":25,"turns":5},{"damage":9,"enemies":"Snake Plant","floor":27,"turns":4},{"damage":27,"enemies":"Shelled Parasite and Fungi","floor":28,"turns":5},{"damage":23,"enemies":"Cultist and Chosen","floor":29,"turns":6}],"seed_played":"5853405989382968060","potions_obtained":[{"floor":1,"key":"Block Potion"},{"floor":3,"key":"Energy Potion"},{"floor":4,"key":"Poison Potion"},{"floor":10,"key":"AttackPotion"},{"floor":19,"key":"Dexterity Potion"},{"floor":20,"key":"EssenceOfSteel"},{"floor":22,"key":"SkillPotion"},{"floor":28,"key":"Strength Potion"}],"is_trial":false,"path_per_floor":["M","M","M","M","M","R","E","R","T","M","?","?","M","M","R","B",null,"M","M","M","$","M","R","?","M","T","M","M","M"],"character_chosen":"IRONCLAD","items_purchased":["Ginger","Armaments","Inflame"],"campfire_rested":1,"item_purchase_floors":[21,21,21],"current_hp_per_floor":[80,69,74,77,64,64,18,42,42,48,48,80,80,80,80,24,80,80,67,67,67,51,51,54,46,46,43,22,0],"gold":142,"neow_bonus":"THREE_CARDS","is_prod":false,"is_daily":false,"chose_seed":false,"campfire_upgraded":3,"win_rate":0.0,"timestamp":1543429582,"path_taken":["M","M","M","M","M","R","E","R","T","M","?","?","M","M","R","BOSS","M","M","M","$","M","R","?","M","T","M","M","M"],"build_version":"2018-11-15","purchased_purges":0,"victory":false,"max_hp_per_floor":[80,80,80,80,80,80,80,80,80,80,80,80,80,80,80,80,80,80,80,80,80,80,80,80,80,80,80,80,80],"card_choices":[{"not_picked":["Thunderclap","Wild Strike"],"picked":"Whirlwind","floor":0},{"not_picked":["Entrench","True Grit","Bloodletting"],"picked":"SKIP","floor":1},{"not_picked":["Wild Strike","Rampage"],"picked":"Flex","floor":2},{"not_picked":["Flex","Anger"],"picked":"Flame Barrier","floor":3},{"not_picked":["Shrug It Off","Armaments"],"picked":"Seeing Red","floor":4},{"not_picked":["Clash","Rampage","Reckless Charge"],"picked":"SKIP","floor":5},{"not_picked":["Anger","Flame Barrier"],"picked":"Shockwave","floor":7},{"not_picked":["Brutality","Shockwave"],"picked":"Whirlwind","floor":10},{"not_picked":["Wild Strike","Anger"],"picked":"Flex","floor":13},{"not_picked":["Wild Strike","True Grit"],"picked":"Ghostly Armor","floor":14},{"not_picked":["Reaper","Dark Embrace"],"picked":"Demon Form","floor":16},{"not_picked":["Feel No Pain","Entrench"],"picked":"Heavy Blade","floor":18},{"not_picked":["Fire Breathing+1","Reckless Charge+1","Flex"],"picked":"SKIP","floor":19},{"not_picked":["Heavy Blade+1","Clothesline"],"picked":"Iron Wave","floor":20},{"not_picked":["Evolve","Entrench"],"picked":"Anger","floor":22},{"not_picked":["Corruption","True Grit"],"picked":"Whirlwind","floor":25},{"not_picked":["Twin Strike","Flame Barrier"],"picked":"Carnage","floor":27},{"not_picked":["Wild Strike+1","Armaments"],"picked":"Shrug It Off","floor":28}],"player_experience":53597,"relics_obtained":[{"floor":7,"key":"Smiling Mask"},{"floor":9,"key":"Whetstone"},{"floor":26,"key":"Darkstone Periapt"}],"event_choices":[{"damage_healed":0,"gold_gain":77,"player_choice":"Gained Gold","damage_taken":0,"max_hp_gain":0,"max_hp_loss":0,"event_name":"Golden Wing","floor":11,"gold_loss":0},{"cards_removed":["Whirlwind"],"damage_healed":32,"gold_gain":0,"player_choice":"Offered Uncommon","damage_taken":0,"max_hp_gain":0,"max_hp_loss":0,"event_name":"Bonfire Elementals","floor":12,"gold_loss":0},{"damage_healed":0,"gold_gain":0,"player_choice":"Fight","damage_taken":0,"max_hp_gain":0,"max_hp_loss":0,"event_name":"Colosseum","floor":24,"gold_loss":0},{"damage_healed":0,"gold_gain":0,"player_choice":"Fled From Nobs","damage_taken":0,"max_hp_gain":0,"max_hp_loss":0,"event_name":"Colosseum","floor":24,"gold_loss":0}],"is_beta":false,"boss_relics":[{"not_picked":["Fusion Hammer","Runic Dome"],"picked":"Coffee Dripper"}],"items_purged_floors":[],"is_endless":false,"potions_floor_spawned":[1,3,4,10,19,20,22,28],"killed_by":"Cultist and Chosen","ascension_level":0}