{"gold_per_floor":[18,18,36,36,36,36,36,36,36,50,67,80,80,98,98,175,175,188,25,45,45,55,55,67,81,81,101,101,130,24,24,24,101,101,114,114,14,14,25,51,69,85,136,149,175,188,216,228,228,228,228,228,228,174,202,202],"floor_reached":57,"playtime":3082,"items_purged":["Strike_R","Bash+1"],"score":3291,"play_id":"2026ce3c-8fde-42c7-8139-c05c1cf3dff5","local_time":"20190501234346","is_ascension_mode":true,"campfire_choices":[{"data":"Double Tap","floor":6.0,"key":"SMITH"},{"data":"Bash","floor":8.0,"key":"SMITH"},{"data":"Rampage","floor":13.0,"key":"SMITH"},{"data":"Body Slam","floor":15.0,"key":"SMITH"},{"data":"Offering","floor":23.0,"key":"SMITH"},{"data":"Evolve","floor":28.0,"key":"SMITH"},{"data":"True Grit","floor":32.0,"key":"SMITH"},{"floor":49,"key":"RECALL"},{"data":"Rage","floor":53,"key":"SMITH"}],"neow_cost":"NO_GOLD","seed_source_timestamp":566906389000922,"circlet_count":0,"master_deck":["AscendersBane","Defend_R","Defend_R","Defend_R+1","Reaper","Feel No Pain","Rampage+1","True Grit+1","Body Slam+1","Evolve+1","Offering+1","Pommel Strike+1","Shockwave","Battle Trance","Second Wind+1","Rage+1","Feel No Pain","Reckless Charge","Exhume","Flash of Steel","Bloodletting+1","Impervious","Warcry+1","Warcry+1","Clash"],"special_seed":0,"relics":["Burning Blood","Calipers","Sozu","Orichalcum","Strawberry","Coffee Dripper","War Paint","Prayer Wheel","Ancient Tea Set","Dodecahedron"],"potions_floor_usage":[],"damage_taken":[{"damage":15.0,"enemies":"Small Slimes","floor":1.0,"turns":4.0},{"damage":11.0,"enemies":"Jaw Worm","floor":3.0,"turns":5.0},{"damage":0.0,"enemies":"Cultist","floor":10.0,"turns":3.0},{"damage":36.0,"enemies":"Exordium Thugs","floor":11.0,"turns":6.0},{"damage":30.0,"enemies":"Large Slime","floor":12.0,"turns":6.0},{"damage":6.0,"enemies":"Looter","floor":14.0,"turns":4.0},{"damage":30.0,"enemies":"Hexaghost","floor":16.0,"turns":8.0},{"damage":38.0,"enemies":"Spheric Guardian","floor":18.0,"turns":6.0},{"damage":17.0,"enemies":"Shell Parasite","floor":20.0,"turns":4.0},{"damage":6.0,"enemies":"Cultist and Chosen","floor":22.0,"turns":3.0},{"damage":21.0,"enemies":"Snake Plant","floor":24.0,"turns":4.0},{"damage":1.0,"enemies":"Centurion and Healer","floor":25.0,"turns":4.0},{"damage":14.0,"enemies":"Shelled Parasite and Fungi","floor":27.0,"turns":4.0},{"damage":34.0,"enemies":"Slavers","floor":29.0,"turns":11.0},{"damage":12.0,"enemies":"Automaton","floor":33.0,"turns":6.0},{"damage":6,"enemies":"3 Darklings","floor":35,"turns":5},{"damage":15,"enemies":"3 Shapes","floor":39,"turns":2},{"damage":15,"enemies":"Nemesis","floor":40,"turns":3},{"damage":9,"enemies":"Maw","floor":41,"turns":6},{"damage":15,"enemies":"Transient","floor":42,"turns":5},{"damage":6,"enemies":"Spire Growth","floor":44,"turns":4},{"damage":21,"enemies":"Reptomancer","floor":45,"turns":3},{"damage":15,"enemies":"3 Darklings","floor":46,"turns":3},{"damage":18,"enemies":"Nemesis","floor":47,"turns":3},{"damage":15,"enemies":"Maw","floor":48,"turns":3},{"damage":18,"enemies":"Time Eater","floor":50,"turns":6},{"damage":12,"enemies":"Donu and Deca","floor":51,"turns":5},{"damage":18,"enemies":"Shield and Spear","floor":55,"turns":4},{"damage":71,"enemies":"The Heart","floor":56,"turns":7}],"seed_played":"1709307797142406601","potions_obtained":[{"floor":12.0,"key":"EssenceOfSteel"},{"floor":14.0,"key":"SteroidPotion"}],"is_trial":false,"path_per_floor":["M","?","M","?","$","R","?","R","T","M","M","M","R","M","R","B",null,"M","$","M","?","M","R","M","M","T","M","R","E","$","?","R","B",null,"M","?","$","?","M","E","M","M","T","M","E","M","E","M","R","B","B",null,"R","$","E","B",null],"character_chosen":"IRONCLAD","items_purchased":["Shockwave","Flash of Steel","Clash"],"campfire_rested":0,"item_purchase_floors":[19,30,54],"current_hp_per_floor":[66,66,61,66,66,66,66,66,66,78,59,41,41,41,41,17,64,32,32,21,21,45,45,30,46,46,62,62,58,58,58,58,64,81,87,87,87,87,87,84,85,82,82,87,87,87,81,76,76,70,72,83,83,83,77,16],"gold":202,"neow_bonus":"TRANSFORM_TWO_CARDS","is_prod":false,"is_daily":false,"chose_seed":false,"campfire_upgraded":8,"win_rate":0,"timestamp":1556725426,"path_taken":["M","?","M","?","?","R","?","R","T","M","M","M","R","?","R","BOSS","M","$","M","?","M","R","M","M","T","M","R","E","?","?","R","BOSS","M","?","$","?","M","E","M","M","T","M","E","?","E","M","R","BOSS","BOSS","R","$","E","BOSS"],"build_version":"2019-01-23","purchased_purges":2,"victory":true,"max_hp_per_floor":[75,75,75,80,80,80,80,80,80,80,80,80,80,80,80,80,80,80,80,80,80,80,80,80,80,80,80,80,87,87,87,87,87,87,87,87,87,87,87,87,87,87,87,87,87,87,87,87,87,87,87,87,87,87,87,87],"card_choices":[{"not_picked":["Clash","Cleave"],"picked":"Feel No Pain","floor":1.0},{"not_picked":["Anger","Cleave","Perfected Strike"],"picked":"SKIP","floor":3.0},{"not_picked":["Perfected Strike","Hemokinesis"],"picked":"Rampage","floor":10.0},{"not_picked":["Perfected Strike","Wild Strike"],"picked":"True Grit","floor":11.0},{"not_picked":["Combust","Warcry"],"picked":"Body Slam","floor":12.0},{"not_picked":["Warcry","Reaper"],"picked":"Evolve","floor":14.0},{"not_picked":["Juggernaut","Feed"],"picked":"Offering","floor":16.0},{"not_picked":["Wild Strike","Headbutt+1"],"picked":"Pommel Strike+1","floor":18.0},{"not_picked":["Shrug It Off","Whirlwind"],"picked":"Battle Trance","floor":20.0},{"not_picked":["Clothesline","Iron Wave","Twin Strike"],"picked":"SKIP","floor":22.0},{"not_picked":["Headbutt","Seeing Red"],"picked":"Rage","floor":24.0},{"not_picked":["Uppercut","Second Wind"],"picked":"Feel No Pain","floor":25.0},{"not_picked":["Sword Boomerang","Havoc"],"picked":"Reckless Charge","floor":27.0},{"not_picked":["Spot Weakness","Cleave"],"picked":"Exhume","floor":29.0},{"not_picked":["Pummel+1","True Grit+1"],"picked":"Bloodletting+1","floor":35},{"not_picked":["Battle Trance+1","Clothesline","Perfected Strike"],"picked":"SKIP","floor":39},{"not_picked":["Bloodletting","Metallicize","Headbutt+1"],"picked":"SKIP","floor":40},{"not_picked":["Bloodletting","Metallicize","Headbutt+1"],"picked":"SKIP","floor":40},{"not_picked":["Cleave","Pummel","Second Wind"],"picked":"SKIP","floor":41},{"not_picked":["Rage","Battle Trance"],"picked":"Impervious","floor":42},{"not_picked":["Thunderclap+1","Clothesline","Sword Boomerang"],"picked":"SKIP","floor":44},{"not_picked":["Twin Strike","Pummel+1","Anger"],"picked":"SKIP","floor":45},{"not_picked":["Wild Strike+1","Dropkick"],"picked":"Warcry+1","floor":46},{"not_picked":["Thunderclap","Heavy Blade+1"],"picked":"Warcry+1","floor":46},{"not_picked":["Headbutt","Perfected Strike","Feed"],"picked":"SKIP","floor":47},{"not_picked":["Havoc","Body Slam","Cleave+1"],"picked":"SKIP","floor":48},{"not_picked":["Anger","Warcry+1","Havoc"],"picked":"SKIP","floor":48},{"not_picked":["Twin Strike","Havoc+1","Whirlwind+1"],"picked":"SKIP","floor":55}],"player_experience":1806222,"relics_obtained":[{"floor":9.0,"key":"Calipers"},{"floor":26.0,"key":"Orichalcum"},{"floor":29.0,"key":"Strawberry"},{"floor":40,"key":"War Paint"},{"floor":45,"key":"Prayer Wheel"},{"floor":47,"key":"Ancient Tea Set"},{"floor":55,"key":"Dodecahedron"}],"event_choices":[{"damage_healed":0.0,"max_hp_gain":0.0,"max_hp_loss":0.0,"gold_gain":0.0,"event_name":"The Cleric","player_choice":"Leave","floor":2.0,"gold_loss":0.0,"damage_taken":0.0},{"damage_healed":0.0,"max_hp_gain":5.0,"max_hp_loss":0.0,"gold_gain":0.0,"event_name":"Big Fish","player_choice":"Donut","floor":4.0,"gold_loss":0.0,"damage_taken":0.0},{"cards_removed":["Strike_R"],"damage_healed":0.0,"max_hp_gain":0.0,"max_hp_loss":0.0,"gold_gain":0.0,"event_name":"Bonfire Elementals","player_choice":"Offered Basic","floor":7.0,"gold_loss":0.0,"damage_taken":0.0},{"damage_healed":0.0,"max_hp_gain":0.0,"max_hp_loss":0.0,"gold_gain":0.0,"cards_transformed":["Strike_R"],"event_name":"Transmorgrifier","player_choice":"Transformed","floor":21.0,"gold_loss":0.0,"damage_taken":0.0,"cards_obtained":["Second Wind"]},{"cards_removed":["Defend_R"],"damage_healed":0.0,"max_hp_gain":0.0,"max_hp_loss":0.0,"gold_gain":0.0,"event_name":"Back to Basics","player_choice":"Elegance","floor":31.0,"gold_loss":0.0,"damage_taken":0.0},{"damage_healed":0,"gold_gain":0,"player_choice":"Ignored","damage_taken":0,"max_hp_gain":0,"max_hp_loss":0,"event_name":"Tomb of Lord Red Mask","floor":36,"gold_loss":0},{"cards_removed":["Double Tap"],"damage_healed":0,"gold_gain":0,"player_choice":"Removed Skill","damage_taken":0,"max_hp_gain":0,"max_hp_loss":0,"event_name":"Falling","floor":38,"gold_loss":0}],"is_beta":false,"boss_relics":[{"not_picked":["Black Blood","Orrery"],"picked":"Sozu"},{"not_picked":["Astrolabe","Snecko Eye"],"picked":"Coffee Dripper"}],"items_purged_floors":[19,37],"is_endless":false,"potions_floor_spawned":[12,14,20,27,29,35,41,42,48],"ascension_level":20}