{"gold_per_floor":[10,10,22,22,97,97,115,115,138,167,7,7,25,25,25,104,104,123,23,37,49,68,68,84,84,110,127,160,260,260,276,276,353,353,372,388,388,401,454,479,479,495,563,60,60,60,90,102,114,126,138,150,162,11,38,38],"floor_reached":57,"playtime":3194,"items_purged":["Defend_R","Strike_R","Bash","Defend_R+1"],"score":3160,"play_id":"828b6d6f-89de-4d93-ad4c-0a4930b5e976","local_time":"20190228013056","is_ascension_mode":true,"campfire_choices":[{"data":"Juggernaut","floor":6.0,"key":"SMITH"},{"data":"True Grit","floor":8.0,"key":"SMITH"},{"data":"Entrench","floor":15.0,"key":"SMITH"},{"data":"Evolve","floor":23.0,"key":"SMITH"},{"data":"Feel No Pain","floor":32.0,"key":"SMITH"},{"data":"Impatience","floor":46.0,"key":"SMITH"},{"floor":49.0,"key":"RECALL"},{"data":"Second Wind","floor":53.0,"key":"SMITH"}],"neow_cost":"NO_GOLD","seed_source_timestamp":612646383709874,"circlet_count":0,"master_deck":["AscendersBane","Defend_R+1","Defend_R+1","Power Through+1","Juggernaut+1","True Grit+1","Shrug It Off+1","Evolve+1","Limit Break+1","Entrench+1","Feel No Pain+1","Inflame","Body Slam+1","Second Wind+1","Feel No Pain","Impervious","Impatience+1","Finesse"],"special_seed":0,"relics":["Burning Blood","Shuriken","Bag of Preparation","Red Skull","Velvet Choker","Bronze Scales","War Paint","Incense Burner","The Courier","Black Star","Prayer Wheel","Self Forming Clay","Letter Opener","Bottled Tornado","TheAbacus","Sundial","Oddly Smooth Stone","MawBank","Omamori","Gremlin Horn","Lantern"],"potions_floor_usage":[56],"damage_taken":[{"damage":7.0,"enemies":"Cultist","floor":1.0,"turns":4.0},{"damage":4.0,"enemies":"Small Slimes","floor":3.0,"turns":7.0},{"damage":0.0,"enemies":"2 Louse","floor":7.0,"turns":4.0},{"damage":41.0,"enemies":"Gremlin Nob","floor":10.0,"turns":5.0},{"damage":3.0,"enemies":"Blue Slaver","floor":13.0,"turns":5.0},{"damage":15.0,"enemies":"Slime Boss","floor":16.0,"turns":8.0},{"damage":11.0,"enemies":"Spheric Guardian","floor":18.0,"turns":6.0},{"damage":0.0,"enemies":"Shell Parasite","floor":20.0,"turns":10.0},{"damage":13.0,"enemies":"Snake Plant","floor":21.0,"turns":6.0},{"damage":5.0,"enemies":"Sentry and Sphere","floor":22.0,"turns":5.0},{"damage":10.0,"enemies":"Shelled Parasite and Fungi","floor":24.0,"turns":7.0},{"damage":13.0,"enemies":"Snake Plant","floor":27.0,"turns":4.0},{"damage":2.0,"enemies":"Slavers","floor":28.0,"turns":7.0},{"damage":0.0,"enemies":"Colosseum Slavers","floor":29.0,"turns":4.0},{"damage":21.0,"enemies":"Colosseum Nobs","floor":29.0,"turns":5.0},{"damage":0.0,"enemies":"Chosen and Byrds","floor":31.0,"turns":4.0},{"damage":0.0,"enemies":"Automaton","floor":33.0,"turns":7.0},{"damage":0.0,"enemies":"3 Shapes","floor":35.0,"turns":5.0},{"damage":0.0,"enemies":"Orb Walker","floor":36.0,"turns":3.0},{"damage":18.0,"enemies":"3 Darklings","floor":38.0,"turns":9.0},{"damage":3.0,"enemies":"2 Orb Walkers","floor":39.0,"turns":4.0},{"damage":0.0,"enemies":"Giant Head","floor":40.0,"turns":7.0},{"damage":0.0,"enemies":"4 Shapes","floor":42.0,"turns":6.0},{"damage":29.0,"enemies":"Nemesis","floor":47.0,"turns":5.0},{"damage":0.0,"enemies":"Time Eater","floor":50.0,"turns":8.0},{"damage":15.0,"enemies":"Awakened One","floor":51.0,"turns":12.0},{"damage":0.0,"enemies":"Shield and Spear","floor":55.0,"turns":6.0},{"damage":0,"enemies":"The Heart","floor":56,"turns":8}],"seed_played":"-6723449785780748759","potions_obtained":[{"floor":1.0,"key":"FearPotion"},{"floor":10.0,"key":"Strength Potion"},{"floor":13.0,"key":"SteroidPotion"},{"floor":27.0,"key":"Fire Potion"},{"floor":28.0,"key":"EssenceOfSteel"},{"floor":29.0,"key":"Dexterity Potion"},{"floor":42.0,"key":"GamblersBrew"}],"is_trial":false,"path_per_floor":["M","T","M","?","?","R","M","R","T","E","$","?","M","?","R","B",null,"M","$","M","M","M","R","M","?","T","M","E","?","?","M","R","B",null,"M","M","?","M","?","E","?","M","T","$","T","R","E","T","R","B","B",null,"R","$","E","B",null],"character_chosen":"IRONCLAD","items_purchased":["Evolve","Bottled Tornado","TheAbacus","Swift Potion"],"campfire_rested":0,"item_purchase_floors":[11,44,44,54],"current_hp_per_floor":[67,67,69,69,58,58,64,64,64,29,29,29,32,32,32,23,62,57,57,63,56,57,57,53,53,53,46,50,41,20,26,26,32,68,74,80,80,68,71,77,67,73,73,73,73,73,50,50,50,56,47,72,72,72,78,80],"gold":38,"neow_bonus":"REMOVE_TWO","is_prod":false,"is_daily":false,"chose_seed":false,"campfire_upgraded":7,"win_rate":0,"timestamp":1551288656,"path_taken":["M","?","M","?","?","R","M","R","T","E","?","?","?","?","R","BOSS","M","$","M","M","M","R","M","?","T","M","E","?","?","M","R","BOSS","M","M","?","M","?","E","?","?","T","$","?","R","E","?","R","BOSS","BOSS","R","$","E","BOSS"],"build_version":"2019-01-23","purchased_purges":4,"victory":true,"max_hp_per_floor":[75,75,75,75,75,75,75,75,75,75,75,75,75,75,75,75,75,75,75,75,75,75,75,75,75,75,75,75,75,80,80,80,80,80,80,80,80,80,80,80,80,80,80,80,80,80,80,80,80,80,80,80,80,80,80,80],"card_choices":[{"not_picked":["Seeing Red","Warcry","Dual Wield"],"picked":"SKIP","floor":1.0},{"not_picked":["Anger","Bloodletting"],"picked":"Power Through","floor":3.0},{"not_picked":["Heavy Blade","Corruption"],"picked":"True Grit","floor":7.0},{"not_picked":["Pummel","Armaments"],"picked":"Shrug It Off","floor":10.0},{"not_picked":["True Grit","Shrug It Off","Cleave"],"picked":"SKIP","floor":13.0},{"not_picked":["Headbutt","True Grit","Iron Wave"],"picked":"SKIP","floor":18.0},{"not_picked":["Seeing Red","Metallicize"],"picked":"Feel No Pain","floor":20.0},{"not_picked":["True Grit","Dual Wield","Evolve"],"picked":"SKIP","floor":21.0},{"not_picked":["Shrug It Off","Intimidate"],"picked":"Inflame","floor":22.0},{"not_picked":["Rampage","Headbutt"],"picked":"Body Slam+1","floor":24.0},{"not_picked":["Sentinel","Clash","Thunderclap"],"picked":"SKIP","floor":27.0},{"not_picked":["Combust","Wild Strike+1","Infernal Blade"],"picked":"SKIP","floor":28.0},{"not_picked":["Battle Trance","Inflame"],"picked":"Second Wind","floor":29.0},{"not_picked":["Twin Strike","Spot Weakness","Fiend Fire"],"picked":"SKIP","floor":31.0},{"not_picked":["Havoc","Clash","Flame Barrier"],"picked":"SKIP","floor":35.0},{"not_picked":["Inflame","Body Slam+1","Wild Strike"],"picked":"SKIP","floor":36.0},{"not_picked":["Anger","Disarm","Heavy Blade"],"picked":"SKIP","floor":38.0},{"not_picked":["Dual Wield+1","Carnage"],"picked":"Feel No Pain","floor":39.0},{"not_picked":["Pommel Strike","Burning Pact"],"picked":"Impervious","floor":40.0},{"not_picked":["Jack Of All Trades","Chrysalis"],"picked":"Impatience","floor":41.0},{"not_picked":["Bandage Up","Purity"],"picked":"Finesse","floor":41.0},{"not_picked":["Body Slam","Whirlwind+1","Intimidate+1"],"picked":"SKIP","floor":42.0},{"not_picked":["Shrug It Off","Shockwave","Hemokinesis"],"picked":"SKIP","floor":42.0},{"not_picked":["Flame Barrier","Headbutt","Whirlwind"],"picked":"SKIP","floor":47.0},{"not_picked":["Heavy Blade","Thunderclap","Flex"],"picked":"SKIP","floor":55.0}],"player_experience":1093192,"relics_obtained":[{"floor":2.0,"key":"Shuriken"},{"floor":9.0,"key":"Bag of Preparation"},{"floor":10.0,"key":"Red Skull"},{"floor":26.0,"key":"Bronze Scales"},{"floor":28.0,"key":"War Paint"},{"floor":29.0,"key":"Incense Burner"},{"floor":29.0,"key":"The Courier"},{"floor":39.0,"key":"Prayer Wheel"},{"floor":40.0,"key":"Self Forming Clay"},{"floor":40.0,"key":"Letter Opener"},{"floor":45.0,"key":"Sundial"},{"floor":47.0,"key":"Oddly Smooth Stone"},{"floor":47.0,"key":"MawBank"},{"floor":48.0,"key":"Omamori"},{"floor":55.0,"key":"Gremlin Horn"},{"floor":55.0,"key":"Lantern"}],"event_choices":[{"damage_healed":0.0,"max_hp_gain":0.0,"max_hp_loss":0.0,"gold_gain":0.0,"cards_transformed":["Strike_R"],"event_name":"Living Wall","player_choice":"Change","floor":4.0,"gold_loss":0.0,"damage_taken":0.0,"cards_obtained":["Juggernaut"]},{"damage_healed":0.0,"max_hp_gain":0.0,"max_hp_loss":0.0,"gold_gain":75.0,"event_name":"World of Goop","player_choice":"Gather Gold","floor":5.0,"gold_loss":0.0,"damage_taken":11.0},{"damage_healed":0.0,"max_hp_gain":0.0,"max_hp_loss":0.0,"gold_gain":0.0,"event_name":"Match and Keep!","player_choice":"2 cards matched","floor":12.0,"gold_loss":0.0,"damage_taken":0.0,"cards_obtained":["Limit Break","Entrench"]},{"damage_healed":0.0,"max_hp_gain":0.0,"max_hp_loss":0.0,"gold_gain":0.0,"event_name":"Upgrade Shrine","player_choice":"Upgraded","floor":14.0,"gold_loss":0.0,"damage_taken":0.0,"cards_upgraded":["Limit Break"]},{"damage_healed":0.0,"max_hp_gain":0.0,"max_hp_loss":0.0,"gold_gain":0.0,"event_name":"Back to Basics","player_choice":"Simplicity","floor":25.0,"gold_loss":0.0,"damage_taken":0.0,"cards_upgraded":["Strike_R","Defend_R","Defend_R","Defend_R"]},{"damage_healed":0.0,"max_hp_gain":0.0,"max_hp_loss":0.0,"gold_gain":0.0,"event_name":"Colosseum","player_choice":"Fight","floor":29.0,"gold_loss":0.0,"damage_taken":0.0},{"damage_healed":0.0,"max_hp_gain":0.0,"max_hp_loss":0.0,"gold_gain":0.0,"event_name":"Colosseum","player_choice":"Fought Nobs","floor":29.0,"gold_loss":0.0,"damage_taken":0.0},{"damage_healed":0.0,"max_hp_gain":5.0,"max_hp_loss":0.0,"gold_gain":0.0,"event_name":"Forgotten Altar","player_choice":"Shed Blood","floor":30.0,"gold_loss":0.0,"damage_taken":26.0},{"cards_removed":["Strike_R"],"damage_healed":0.0,"max_hp_gain":0.0,"max_hp_loss":0.0,"gold_gain":0.0,"event_name":"Falling","player_choice":"Removed Attack","floor":37.0,"gold_loss":0.0,"damage_taken":0.0},{"damage_healed":0.0,"max_hp_gain":0.0,"max_hp_loss":0.0,"gold_gain":0.0,"event_name":"Mysterious Sphere","player_choice":"Fight","floor":39.0,"gold_loss":0.0,"damage_taken":0.0},{"damage_healed":0.0,"max_hp_gain":0.0,"max_hp_loss":0.0,"gold_gain":0.0,"event_name":"SensoryStone","player_choice":"Memory 3","floor":41.0,"gold_loss":0.0,"damage_taken":10.0}],"is_beta":false,"boss_relics":[{"not_picked":["Snecko Eye","Lizard Tail"],"picked":"Velvet Choker"},{"not_picked":["Calling Bell","Cursed Key"],"picked":"Black Star"}],"items_purged_floors":[11,19,44,54],"is_endless":false,"potions_floor_spawned":[1,10,13,18,20,27,28,29,35,42],"ascension_level":20}