{"gold_per_floor":[118,132,151,72,88,88,113,113,140,182,214,226,253,282,294,411,423,452,464,492,504,516,528,540,552],"floor_reached":25,"playtime":1117,"items_purged":[],"score":334,"play_id":"e237085f-d068-424a-9d9c-a625773584e5","local_time":"20181224135741","is_ascension_mode":true,"campfire_choices":[{"data":"True Grit","floor":6,"key":"SMITH"},{"floor":8,"key":"REST"},{"floor":12,"key":"REST"},{"floor":15,"key":"REST"},{"data":"Armaments","floor":23,"key":"SMITH"}],"neow_cost":"NONE","seed_source_timestamp":267461776981038,"circlet_count":0,"master_deck":["Defend_R+1","Defend_R+1","Defend_R+1","Defend_R+1","Bash","Limit Break","Thunderclap","Body Slam","True Grit+1","Spot Weakness","Uppercut","Whirlwind","Intimidate","Corruption","Flex","Armaments+1","Demon Form","Heavy Blade+1","Bite","Bite","Bite","Bite","Bite","Iron Wave+1","Flame Barrier"],"relics":["Burning Blood","Boot","MawBank","Happy Flower","Eternal Feather","Blood Vial"],"potions_floor_usage":[16,16,25],"damage_taken":[{"damage":14,"enemies":"Cultist","floor":1,"turns":5},{"damage":0,"enemies":"Small Slimes","floor":2,"turns":3},{"damage":0,"enemies":"2 Louse","floor":3,"turns":2},{"damage":7,"enemies":"Looter","floor":5,"turns":4},{"damage":46,"enemies":"3 Sentries","floor":7,"turns":8},{"damage":43,"enemies":"Gremlin Nob","floor":10,"turns":5},{"damage":19,"enemies":"3 Louse","floor":11,"turns":3},{"damage":17,"enemies":"Large Slime","floor":13,"turns":6},{"damage":8,"enemies":"Blue Slaver","floor":14,"turns":3},{"damage":41,"enemies":"The Guardian","floor":16,"turns":13},{"damage":9,"enemies":"3 Byrds","floor":18,"turns":5},{"damage":28,"enemies":"Chosen","floor":20,"turns":7},{"damage":61,"enemies":"Book of Stabbing","floor":25,"turns":6}],"seed_played":"8046793208553870269","potions_obtained":[{"floor":2,"key":"Ancient Potion"},{"floor":3,"key":"Dexterity Potion"},{"floor":11,"key":"EssenceOfSteel"},{"floor":18,"key":"Fire Potion"},{"floor":20,"key":"GamblersBrew"}],"is_trial":false,"path_per_floor":["M","M","M","$","M","R","E","R","T","E","M","R","M","M","R","B",null,"M","?","M","?","?","R","T","E"],"character_chosen":"IRONCLAD","items_purchased":["Spot Weakness"],"campfire_rested":3,"item_purchase_floors":[4],"current_hp_per_floor":[64,70,76,76,75,75,35,59,59,22,9,33,22,20,44,9,62,59,56,39,39,39,54,54,0],"gold":552,"neow_bonus":"ONE_RANDOM_RARE_CARD","is_prod":false,"is_daily":false,"chose_seed":false,"campfire_upgraded":2,"win_rate":0,"timestamp":1545677861,"path_taken":["M","M","M","$","M","R","E","R","T","E","?","R","M","M","R","BOSS","M","?","M","?","?","R","?","E"],"build_version":"2018-12-20","purchased_purges":0,"victory":false,"max_hp_per_floor":[80,80,80,80,80,80,80,80,80,80,80,80,80,80,80,80,80,80,56,56,56,56,56,56,56],"card_choices":[{"not_picked":["Sword Boomerang","Entrench"],"picked":"Thunderclap","floor":1},{"not_picked":["Evolve","Sword Boomerang"],"picked":"Body Slam","floor":2},{"not_picked":["Heavy Blade","Thunderclap"],"picked":"True Grit","floor":3},{"not_picked":["Thunderclap","Flex"],"picked":"Uppercut","floor":5},{"not_picked":["Rupture","Cleave"],"picked":"Whirlwind","floor":7},{"not_picked":["Rampage","Havoc"],"picked":"Intimidate","floor":10},{"not_picked":["Cleave","Combust"],"picked":"Corruption","floor":11},{"not_picked":["Anger","Heavy Blade"],"picked":"Flex","floor":13},{"not_picked":["Dual Wield","Uppercut"],"picked":"Armaments","floor":14},{"not_picked":["Exhume","Limit Break"],"picked":"Demon Form","floor":16},{"not_picked":["Clash","Spot Weakness"],"picked":"Heavy Blade+1","floor":18},{"not_picked":["Pommel Strike","Rampage"],"picked":"Iron Wave+1","floor":20}],"player_experience":194649,"relics_obtained":[{"floor":7,"key":"Boot"},{"floor":9,"key":"MawBank"},{"floor":10,"key":"Happy Flower"},{"floor":24,"key":"Blood Vial"}],"event_choices":[{"damage_healed":0,"gold_gain":0,"player_choice":"Became a vampire","damage_taken":0,"max_hp_gain":0,"max_hp_loss":24,"event_name":"Vampires","floor":19,"gold_loss":0,"cards_obtained":["Bite","Bite","Bite","Bite","Bite"]},{"damage_healed":0,"gold_gain":0,"player_choice":"Simplicity","damage_taken":0,"max_hp_gain":0,"max_hp_loss":0,"event_name":"Back to Basics","floor":21,"gold_loss":0,"cards_upgraded":["Defend_R","Defend_R","Defend_R","Defend_R"]},{"damage_healed":0,"gold_gain":0,"player_choice":"Read","damage_taken":0,"max_hp_gain":0,"max_hp_loss":0,"event_name":"The Library","floor":22,"gold_loss":0,"cards_obtained":["Flame Barrier"]}],"is_beta":false,"boss_relics":[{"not_picked":["Velvet Choker","Tiny House"],"picked":"Eternal Feather"}],"items_purged_floors":[],"is_endless":false,"potions_floor_spawned":[2,3,11,13,18,20],"killed_by":"Book of Stabbing","ascension_level":9}