{"gold_per_floor":[119,89,101,116,116,151,151,166,214,233,158,158,172,190,190,190],"floor_reached":16,"playtime":543,"items_purged":["Strike_R"],"score":208,"play_id":"36554a06-9102-4415-887c-fa67d387b5dd","local_time":"20190416160321","is_ascension_mode":true,"campfire_choices":[{"data":"Searing Blow","floor":7.0,"key":"SMITH"},{"data":"Searing Blow+1","floor":12.0,"key":"SMITH"},{"data":"Searing Blow+2","floor":15,"key":"SMITH"}],"neow_cost":"PERCENT_DAMAGE","seed_source_timestamp":17557417559986,"circlet_count":0,"master_deck":["AscendersBane","Strike_R","Strike_R","Strike_R","Strike_R","Defend_R","Defend_R","Defend_R","Defend_R","Bash","Bludgeon","Searing Blow+3","Feel No Pain+1","Shrug It Off","Inflame+1"],"special_seed":0,"relics":["Burning Blood","Frozen Egg 2","Strawberry"],"potions_floor_usage":[16,16],"damage_taken":[{"damage":6.0,"enemies":"2 Louse","floor":1.0,"turns":3.0},{"damage":1.0,"enemies":"Cultist","floor":3.0,"turns":3.0},{"damage":7.0,"enemies":"Jaw Worm","floor":4.0,"turns":2.0},{"damage":32.0,"enemies":"Gremlin Nob","floor":6.0,"turns":4.0},{"damage":10.0,"enemies":"Gremlin Gang","floor":8.0,"turns":4.0},{"damage":4.0,"enemies":"2 Fungi Beasts","floor":10.0,"turns":4.0},{"damage":27.0,"enemies":"Exordium Thugs","floor":13.0,"turns":4.0},{"damage":8,"enemies":"Large Slime","floor":14,"turns":5},{"damage":43,"enemies":"The Guardian","floor":16,"turns":9}],"seed_played":"-8121992368235335820","potions_obtained":[{"floor":2.0,"key":"Ancient Potion"},{"floor":2.0,"key":"PowerPotion"},{"floor":3.0,"key":"Fire Potion"},{"floor":14,"key":"BloodPotion"}],"is_trial":false,"path_per_floor":["M","?","M","M","?","E","R","M","T","M","$","R","M","M","R","B"],"character_chosen":"IRONCLAD","items_purchased":[],"campfire_rested":0,"item_purchase_floors":[],"current_hp_per_floor":[50,50,55,54,75,49,49,45,52,54,54,54,33,31,31,0],"gold":190,"neow_bonus":"THREE_RARE_CARDS","is_prod":false,"is_daily":false,"chose_seed":false,"campfire_upgraded":3,"win_rate":0,"timestamp":1555401801,"path_taken":["M","?","M","?","?","E","R","M","T","?","$","R","M","M","R","BOSS"],"build_version":"2019-01-23","purchased_purges":1,"victory":false,"max_hp_per_floor":[75,75,75,75,75,75,75,75,82,82,82,82,82,82,82,82],"card_choices":[{"not_picked":["Offering","Reaper"],"picked":"Bludgeon","floor":0.0},{"not_picked":["Twin Strike","Flex"],"picked":"Searing Blow","floor":1.0},{"not_picked":["Flame Barrier","Sword Boomerang","Clothesline"],"picked":"SKIP","floor":3.0},{"not_picked":["Perfected Strike","Twin Strike","Sword Boomerang"],"picked":"SKIP","floor":4.0},{"not_picked":["Bludgeon","Intimidate","Flex"],"picked":"SKIP","floor":6.0},{"not_picked":["Twin Strike","Flame Barrier","Whirlwind"],"picked":"SKIP","floor":8.0},{"not_picked":["Entrench","Seeing Red"],"picked":"Feel No Pain+1","floor":10.0},{"not_picked":["Ghostly Armor","Anger"],"picked":"Shrug It Off","floor":13.0},{"not_picked":["Perfected Strike","Clash"],"picked":"Inflame+1","floor":14}],"player_experience":1669801,"relics_obtained":[{"floor":6.0,"key":"Frozen Egg 2"},{"floor":9.0,"key":"Strawberry"}],"event_choices":[{"damage_healed":0.0,"max_hp_gain":0.0,"max_hp_loss":0.0,"gold_gain":0.0,"event_name":"The Woman in Blue","player_choice":"Bought 2 Potions","floor":2.0,"gold_loss":0.0,"damage_taken":0.0},{"damage_healed":21.0,"max_hp_gain":0.0,"max_hp_loss":0.0,"gold_gain":0.0,"event_name":"Wheel of Change","player_choice":"Full Heal","floor":5.0,"gold_loss":0.0,"damage_taken":0.0}],"is_beta":false,"boss_relics":[],"items_purged_floors":[11],"is_endless":false,"potions_floor_spawned":[3,4,14],"killed_by":"The Guardian","ascension_level":20}