{"gold_per_floor":[109,109,126,41,51,51,62,97,151,179,104,130,142,176,188,272,284,311,323,335,375,387,399,411,423,435,463,487,512,524],"floor_reached":30,"playtime":938,"items_purged":["Strike_R"],"score":500,"play_id":"b437ccfb-c21a-4295-8493-4e99c0c5ed30","local_time":"20190212004235","is_ascension_mode":true,"campfire_choices":[{"data":"Shockwave","floor":6.0,"key":"SMITH"},{"data":"Body Slam","floor":15.0,"key":"SMITH"},{"data":"Heavy Blade","floor":23.0,"key":"SMITH"},{"data":"Armaments","floor":25.0,"key":"SMITH"}],"neow_cost":"NONE","seed_source_timestamp":2365628765674317,"circlet_count":0,"master_deck":["AscendersBane","Strike_R+1","Defend_R","Defend_R","Defend_R","Defend_R","Bash","True Grit+1","Shockwave+1","Inflame","Pommel Strike","Body Slam+1","Carnage+1","Disarm","Dark Embrace","Heavy Blade+1","Armaments+1","Double Tap","Spot Weakness","Battle Trance"],"special_seed":0,"relics":["Burning Blood","Orichalcum","Pantograph","Ancient Tea Set","Dream Catcher","MawBank","Velvet Choker","Mercury Hourglass"],"potions_floor_usage":[29],"damage_taken":[{"damage":4.0,"enemies":"Small Slimes","floor":1.0,"turns":3.0},{"damage":2.0,"enemies":"Cultist","floor":3.0,"turns":4.0},{"damage":0.0,"enemies":"2 Louse","floor":5.0,"turns":4.0},{"damage":7.0,"enemies":"Looter","floor":7.0,"turns":4.0},{"damage":4.0,"enemies":"3 Sentries","floor":8.0,"turns":9.0},{"damage":10.0,"enemies":"Lagavulin","floor":10.0,"turns":7.0},{"damage":18.0,"enemies":"3 Sentries","floor":12.0,"turns":8.0},{"damage":2.0,"enemies":"Large Slime","floor":14.0,"turns":5.0},{"damage":19.0,"enemies":"Hexaghost","floor":16.0,"turns":9.0},{"damage":10.0,"enemies":"Shell Parasite","floor":18.0,"turns":4.0},{"damage":4.0,"enemies":"3 Byrds","floor":21.0,"turns":6.0},{"damage":14.0,"enemies":"Snake Plant","floor":27.0,"turns":4.0},{"damage":13.0,"enemies":"Shelled Parasite and Fungi","floor":28.0,"turns":3.0},{"damage":2,"enemies":"Sentry and Sphere","floor":29,"turns":3},{"damage":58,"enemies":"Slavers","floor":30,"turns":3}],"seed_played":"-846708347277194480","potions_obtained":[{"floor":3.0,"key":"SpeedPotion"},{"floor":5.0,"key":"Fire Potion"},{"floor":7.0,"key":"EssenceOfSteel"},{"floor":12.0,"key":"SteroidPotion"},{"floor":27.0,"key":"Dexterity Potion"}],"is_trial":false,"path_per_floor":["M","?","M","$","M","R","M","E","T","E","$","E","?","M","R","B",null,"M","?","?","M","?","R","?","R","T","M","M","M","E"],"character_chosen":"IRONCLAD","items_purchased":["Inflame"],"campfire_rested":0,"item_purchase_floors":[4],"current_hp_per_floor":[70,70,74,74,75,75,74,75,75,71,71,59,36,40,40,52,69,65,65,65,67,67,67,67,67,67,59,52,56,0],"gold":524,"neow_bonus":"RANDOM_COMMON_RELIC","is_prod":false,"is_daily":false,"chose_seed":false,"campfire_upgraded":4,"win_rate":0,"timestamp":1549903355,"path_taken":["M","?","M","$","M","R","M","E","T","E","?","E","?","M","R","BOSS","M","?","?","M","?","R","?","R","T","M","M","M","E"],"build_version":"2019-01-23","purchased_purges":1,"victory":false,"max_hp_per_floor":[75,75,75,75,75,75,75,75,75,75,75,75,75,75,75,75,75,75,75,75,75,75,75,75,75,75,75,75,75,75],"card_choices":[{"not_picked":["Bloodletting","Blood for Blood"],"picked":"True Grit","floor":1.0},{"not_picked":["Pummel","Ghostly Armor"],"picked":"Shockwave","floor":3.0},{"not_picked":["Wild Strike","Clash"],"picked":"Pommel Strike","floor":5.0},{"not_picked":["Havoc","Headbutt"],"picked":"Body Slam","floor":7.0},{"not_picked":["Ghostly Armor","Blood for Blood"],"picked":"Carnage","floor":8.0},{"not_picked":["Blood for Blood","Sever Soul","Perfected Strike"],"picked":"SKIP","floor":10.0},{"not_picked":["Blood for Blood","Anger","Iron Wave"],"picked":"SKIP","floor":12.0},{"not_picked":["Battle Trance","Armaments"],"picked":"Disarm","floor":14.0},{"not_picked":["Berserk","Feed"],"picked":"Dark Embrace","floor":16.0},{"not_picked":["Iron Wave","Perfected Strike","Anger+1"],"picked":"SKIP","floor":18.0},{"not_picked":["Shrug It Off","Evolve"],"picked":"Heavy Blade","floor":21.0},{"not_picked":["Armaments","Wild Strike"],"picked":"Spot Weakness","floor":27.0},{"not_picked":["Anger","Carnage","Perfected Strike"],"picked":"SKIP","floor":28.0},{"not_picked":["Headbutt","Heavy Blade"],"picked":"Battle Trance","floor":29}],"player_experience":881446,"relics_obtained":[{"floor":8.0,"key":"Pantograph"},{"floor":9.0,"key":"Ancient Tea Set"},{"floor":10.0,"key":"Dream Catcher"},{"floor":12.0,"key":"MawBank"},{"floor":26.0,"key":"Mercury Hourglass"}],"event_choices":[{"damage_healed":0.0,"max_hp_gain":0.0,"max_hp_loss":0.0,"gold_gain":0.0,"event_name":"Upgrade Shrine","player_choice":"Upgraded","floor":2.0,"gold_loss":0.0,"damage_taken":0.0,"cards_upgraded":["True Grit"]},{"damage_healed":0.0,"max_hp_gain":0.0,"max_hp_loss":0.0,"gold_gain":0.0,"event_name":"Shining Light","player_choice":"Entered Light","floor":13.0,"gold_loss":0.0,"damage_taken":23.0,"cards_upgraded":["Carnage","Strike_R"]},{"cards_removed":["Strike_R"],"damage_healed":0.0,"max_hp_gain":0.0,"max_hp_loss":0.0,"gold_gain":0.0,"event_name":"Back to Basics","player_choice":"Elegance","floor":19.0,"gold_loss":0.0,"damage_taken":0.0},{"damage_healed":0.0,"max_hp_gain":0.0,"max_hp_loss":0.0,"gold_gain":0.0,"event_name":"Vampires","player_choice":"Ignored","floor":20.0,"gold_loss":0.0,"damage_taken":0.0},{"damage_healed":0.0,"max_hp_gain":0.0,"max_hp_loss":0.0,"gold_gain":0.0,"cards_transformed":["Strike_R","Strike_R"],"event_name":"Drug Dealer","player_choice":"Became Test Subject","floor":22.0,"gold_loss":0.0,"damage_taken":0.0,"cards_obtained":["Armaments","Double Tap"]},{"damage_healed":0.0,"max_hp_gain":0.0,"max_hp_loss":0.0,"gold_gain":0.0,"event_name":"The Mausoleum","player_choice":"Ignored","floor":24.0,"gold_loss":0.0,"damage_taken":0.0}],"is_beta":false,"boss_relics":[{"not_picked":["Black Star","White Beast Statue"],"picked":"Velvet Choker"}],"items_purged_floors":[11],"is_endless":false,"potions_floor_spawned":[3,5,7,12,27],"killed_by":"Slavers","ascension_level":20}