{"gold_per_floor":[112,132,29,48,61,87,30,30,30,58,69,69,100,112,112,184,184,201,251,166,91,103,103,22,39,39,39,49,81,81,99,99,170,170,186,205,205,52,71,71,103,120,120,120,120,120,139,153,153,153],"floor_reached":50,"playtime":2125,"items_purged":["Regret","Pain"],"score":1078,"play_id":"d3b8e595-74fb-4c2d-952a-5cd523d48f85","local_time":"20190505194603","is_ascension_mode":true,"campfire_choices":[{"data":"Zap","floor":8.0,"key":"SMITH"},{"data":"Sweeping Beam","floor":12.0,"key":"SMITH"},{"floor":15.0,"key":"REST"},{"data":"Seek","floor":23.0,"key":"SMITH"},{"data":"Capacitor","floor":27.0,"key":"SMITH"},{"data":"Glacier","floor":32,"key":"SMITH"},{"floor":40,"key":"REST"},{"data":"Fission","floor":46,"key":"SMITH"},{"floor":49,"key":"RECALL"}],"neow_cost":"CURSE","seed_source_timestamp":17092429086047,"circlet_count":0,"master_deck":["AscendersBane","Zap+1","Dualcast","Compile Driver","Cold Snap","Leap","Chill","Sweeping Beam+1","Self Repair","Glacier+1","FTL","Compile Driver","All For One","Seek+1","Consume+1","Hologram+1","Capacitor+1","Doom and Gloom+1","Static Discharge","Redo","Electrodynamics","Fission+1","Steam Power","All For One","Redo","Stack","Conserve Battery","Capacitor","Coolheaded","Coolheaded","Compile Driver","Writhe","Loop","Coolheaded"],"special_seed":0,"relics":["Cracked Core","Unceasing Top","Mercury Hourglass","Question Card","Bottled Tornado","Vajra","Cursed Key","Ornamental Fan","Bottled Lightning","Ice Cream","Nilry\u0027s Codex","Pandora\u0027s Box","Smiling Mask"],"potions_floor_usage":[29,33,41,48],"damage_taken":[{"damage":8.0,"enemies":"Small Slimes","floor":1.0,"turns":4.0},{"damage":2.0,"enemies":"2 Louse","floor":2.0,"turns":3.0},{"damage":0.0,"enemies":"Cultist","floor":4.0,"turns":3.0},{"damage":1.0,"enemies":"Exordium Wildlife","floor":5.0,"turns":4.0},{"damage":20.0,"enemies":"3 Sentries","floor":6.0,"turns":10.0},{"damage":4.0,"enemies":"Gremlin Nob","floor":10.0,"turns":3.0},{"damage":0.0,"enemies":"3 Louse","floor":11.0,"turns":4.0},{"damage":8.0,"enemies":"3 Sentries","floor":13.0,"turns":5.0},{"damage":0.0,"enemies":"Lots of Slimes","floor":14.0,"turns":1.0},{"damage":19.0,"enemies":"Slime Boss","floor":16.0,"turns":7.0},{"damage":11.0,"enemies":"2 Thieves","floor":18.0,"turns":3.0},{"damage":2.0,"enemies":"Spheric Guardian","floor":22.0,"turns":5.0},{"damage":19.0,"enemies":"Snake Plant","floor":25.0,"turns":5.0},{"damage":5.0,"enemies":"Cultist and Chosen","floor":28.0,"turns":6.0},{"damage":5,"enemies":"Gremlin Leader","floor":29,"turns":8},{"damage":5,"enemies":"Snecko","floor":31,"turns":4},{"damage":21,"enemies":"Champ","floor":33,"turns":11},{"damage":27,"enemies":"Orb Walker","floor":35,"turns":4},{"damage":8,"enemies":"3 Shapes","floor":36,"turns":6},{"damage":31,"enemies":"Transient","floor":39,"turns":6},{"damage":15,"enemies":"Nemesis","floor":41,"turns":11},{"damage":20,"enemies":"Maw","floor":42,"turns":10},{"damage":0,"enemies":"Spire Growth","floor":47,"turns":7},{"damage":12,"enemies":"Jaw Worm Horde","floor":48,"turns":5},{"damage":18,"enemies":"Awakened One","floor":50,"turns":2}],"seed_played":"4991735967952478511","potions_obtained":[{"floor":5.0,"key":"SneckoOil"},{"floor":6.0,"key":"SkillPotion"},{"floor":11.0,"key":"Poison Potion"},{"floor":14.0,"key":"SteroidPotion"},{"floor":18.0,"key":"Block Potion"},{"floor":31,"key":"SteroidPotion"},{"floor":36,"key":"Swift Potion"},{"floor":37,"key":"SkillPotion"},{"floor":39,"key":"Regen Potion"}],"is_trial":false,"path_per_floor":["M","M","$","M","M","E","$","R","T","E","M","R","E","M","R","B",null,"M","?","?","?","M","R","$","M","T","R","M","E","?","M","R","B",null,"M","M","?","$","M","R","E","M","T","?","?","R","M","M","R","B"],"character_chosen":"DEFECT","items_purchased":["Leap","Fire Potion","Capacitor","Coolheaded"],"campfire_rested":2,"item_purchase_floors":[3,7,24,38],"current_hp_per_floor":[56,54,54,54,53,33,33,33,33,36,43,43,42,49,70,58,68,64,64,64,64,69,69,69,57,57,57,59,61,40,42,42,28,60,40,32,32,32,1,22,29,16,16,16,16,16,16,11,11,0],"gold":153,"neow_bonus":"ONE_RARE_RELIC","is_prod":false,"is_daily":false,"chose_seed":false,"campfire_upgraded":6,"win_rate":0,"timestamp":1557096363,"path_taken":["M","M","$","M","M","E","$","R","T","E","M","R","E","M","R","BOSS","M","?","?","?","M","R","$","M","T","R","M","E","?","M","R","BOSS","M","M","?","$","M","R","E","?","T","?","?","R","?","M","R","BOSS"],"build_version":"2019-01-23","purchased_purges":2,"victory":false,"max_hp_per_floor":[71,71,71,71,71,71,71,71,71,71,71,71,71,71,71,71,71,71,71,71,71,71,71,71,71,71,71,71,71,71,71,71,71,71,71,71,71,71,71,71,71,71,71,71,71,71,71,71,71,71],"card_choices":[{"not_picked":["Go for the Eyes","Barrage"],"picked":"Compile Driver","floor":1.0},{"not_picked":["Aggregate","Leap"],"picked":"Cold Snap","floor":2.0},{"not_picked":["All For One","Capacitor"],"picked":"Chill","floor":4.0},{"not_picked":["Auto Shields","Fusion"],"picked":"Sweeping Beam","floor":5.0},{"not_picked":["Rebound","Hologram"],"picked":"Self Repair","floor":6.0},{"not_picked":["Coolheaded","Compile Driver","Skim"],"picked":"Glacier","floor":10.0},{"not_picked":["Scrape","Leap","Barrage"],"picked":"FTL","floor":11.0},{"not_picked":["Chaos","Compile Driver","Go for the Eyes","Heatsinks"],"picked":"SKIP","floor":13.0},{"not_picked":["Chaos","Go for the Eyes","Heatsinks"],"picked":"Compile Driver","floor":13.0},{"not_picked":["Fusion","Stack","Cold Snap"],"picked":"All For One","floor":14.0},{"not_picked":["Buffer","Hyperbeam","Reboot"],"picked":"Seek","floor":16.0},{"not_picked":["Streamline","Chaos","Double Energy+1"],"picked":"Consume+1","floor":18.0},{"not_picked":["Darkness","Genetic Algorithm","Cold Snap"],"picked":"Hologram+1","floor":22.0},{"not_picked":["Undo","Turbo+1","Sweeping Beam"],"picked":"Doom and Gloom+1","floor":25.0},{"not_picked":["Storm+1","Conserve Battery","Stack"],"picked":"Static Discharge","floor":28.0},{"not_picked":["Aggregate","Auto Shields","Stack","Force Field"],"picked":"SKIP","floor":29},{"not_picked":["Hologram","Conserve Battery","Sweeping Beam"],"picked":"Redo","floor":31},{"not_picked":["Multi-Cast","Meteor Strike","Thunder Strike"],"picked":"Electrodynamics","floor":33},{"not_picked":["Compile Driver","Rebound","Stack"],"picked":"Capacitor","floor":35},{"not_picked":["Storm+1","Aggregate","Ball Lightning","Defragment"],"picked":"SKIP","floor":36},{"not_picked":["Ball Lightning","Hologram","Sweeping Beam"],"picked":"Coolheaded","floor":39},{"not_picked":["Go for the Eyes","Leap","Fusion","Meteor Strike"],"picked":"SKIP","floor":41},{"not_picked":["Rebound","Leap","Rip and Tear"],"picked":"Compile Driver","floor":42},{"not_picked":["Cold Snap","Stack","Sweeping Beam","Beam Cell+1"],"picked":"SKIP","floor":47},{"not_picked":["Redo","Rip and Tear","Scrape"],"picked":"Coolheaded","floor":48}],"player_experience":2261817,"relics_obtained":[{"floor":6.0,"key":"Mercury Hourglass"},{"floor":9.0,"key":"Question Card"},{"floor":10.0,"key":"Bottled Tornado"},{"floor":13.0,"key":"Vajra"},{"floor":26.0,"key":"Bottled Lightning"},{"floor":29,"key":"Ice Cream"},{"floor":30,"key":"Nilry\u0027s Codex"},{"floor":41,"key":"Smiling Mask"}],"event_choices":[{"damage_healed":0.0,"max_hp_gain":0.0,"max_hp_loss":0.0,"gold_gain":50.0,"event_name":"Nest","player_choice":"Stole From Cult","floor":19.0,"gold_loss":0.0,"damage_taken":0.0},{"damage_healed":0.0,"max_hp_gain":0.0,"max_hp_loss":0.0,"gold_gain":0.0,"event_name":"Addict","player_choice":"Obtained Relic","floor":20.0,"gold_loss":85.0,"damage_taken":0.0,"relics_obtained":["Ornamental Fan"]},{"cards_removed":["Strike_B"],"damage_healed":0.0,"max_hp_gain":0.0,"max_hp_loss":0.0,"gold_gain":0.0,"event_name":"Beggar","player_choice":"Gave Gold","floor":21.0,"gold_loss":75.0,"damage_taken":0.0},{"damage_healed":0,"gold_gain":0,"player_choice":"Obtained Book","damage_taken":21,"max_hp_gain":0,"max_hp_loss":0,"event_name":"Cursed Tome","floor":30,"gold_loss":0},{"damage_healed":0,"gold_gain":0,"player_choice":"Got Potions","damage_taken":0,"max_hp_gain":0,"max_hp_loss":0,"event_name":"Lab","floor":37,"gold_loss":0},{"cards_removed":["Fission"],"damage_healed":0,"gold_gain":0,"player_choice":"Removed Skill","damage_taken":0,"max_hp_gain":0,"max_hp_loss":0,"event_name":"Falling","floor":44,"gold_loss":0},{"damage_healed":0,"gold_gain":0,"player_choice":"1 cards matched","damage_taken":0,"max_hp_gain":0,"max_hp_loss":0,"event_name":"Match and Keep!","floor":45,"gold_loss":0,"cards_obtained":["Loop"]}],"is_beta":false,"boss_relics":[{"not_picked":["Fusion Hammer","Orrery"],"picked":"Cursed Key"},{"not_picked":["Sozu","Lizard Tail"],"picked":"Pandora\u0027s Box"}],"items_purged_floors":[3,38],"is_endless":false,"potions_floor_spawned":[5,6,11,14,16,18,28,31,36,39],"killed_by":"Awakened One","ascension_level":20}