{"gold_per_floor":[116,136,286,27,42,42,42,42,42,68,68,78,97,126,126,198,198,169,84,103,103,103],"floor_reached":22,"playtime":1022,"items_purged":["Doubt"],"score":388,"play_id":"63aa8c4e-a2b6-4fb1-9edd-dd0fed0da4af","local_time":"20190304132743","is_ascension_mode":true,"campfire_choices":[{"data":"True Grit","floor":6.0,"key":"SMITH"},{"data":"Feel No Pain","floor":8.0,"key":"SMITH"},{"data":"Rampage","floor":15.0,"key":"SMITH"}],"neow_cost":"NONE","seed_source_timestamp":265592007586102,"circlet_count":0,"master_deck":["AscendersBane","Strike_R","Strike_R","Strike_R","Defend_R","Defend_R","Defend_R","Defend_R","Bash","True Grit+1","Inflame","Second Wind","Deep Breath","Feel No Pain+1","Rampage+1","Power Through","Barricade","Body Slam"],"special_seed":0,"relics":["Burning Blood","Oddly Smooth Stone","Gambling Chip","Kunai","Empty Cage","Shuriken"],"potions_floor_usage":[22,22],"damage_taken":[{"damage":0.0,"enemies":"Cultist","floor":1.0,"turns":3.0},{"damage":4.0,"enemies":"Small Slimes","floor":2.0,"turns":5.0},{"damage":0.0,"enemies":"Jaw Worm","floor":5.0,"turns":3.0},{"damage":31.0,"enemies":"Gremlin Nob","floor":10.0,"turns":5.0},{"damage":3.0,"enemies":"Red Slaver","floor":12.0,"turns":5.0},{"damage":4.0,"enemies":"2 Fungi Beasts","floor":13.0,"turns":6.0},{"damage":10.0,"enemies":"3 Sentries","floor":14.0,"turns":13.0},{"damage":51.0,"enemies":"Slime Boss","floor":16.0,"turns":20.0},{"damage":18.0,"enemies":"2 Thieves","floor":18.0,"turns":5.0},{"damage":28.0,"enemies":"Shell Parasite","floor":20.0,"turns":10.0},{"damage":55,"enemies":"3 Cultists","floor":22,"turns":5}],"seed_played":"-6871506699062350083","potions_obtained":[{"floor":2.0,"key":"Swift Potion"},{"floor":5.0,"key":"SpeedPotion"},{"floor":12.0,"key":"Regen Potion"},{"floor":20.0,"key":"Regen Potion"}],"is_trial":false,"path_per_floor":["M","M","?","$","M","R","?","R","T","E","$","M","M","E","R","B",null,"M","?","M","?","M"],"character_chosen":"IRONCLAD","items_purchased":["Second Wind","Deep Breath"],"campfire_rested":0,"item_purchase_floors":[4,4],"current_hp_per_floor":[74,75,75,75,75,75,75,75,75,50,50,53,55,51,51,21,62,50,50,28,28,0],"gold":103,"neow_bonus":"RANDOM_COMMON_RELIC","is_prod":false,"is_daily":false,"chose_seed":false,"campfire_upgraded":3,"win_rate":0,"timestamp":1551677263,"path_taken":["M","M","?","$","M","R","?","R","T","E","?","?","M","E","R","BOSS","M","?","M","?","M"],"build_version":"2019-01-23","purchased_purges":1,"victory":false,"max_hp_per_floor":[75,75,75,75,75,75,75,75,75,75,75,75,75,75,75,75,75,75,75,75,75,75],"card_choices":[{"not_picked":["Dual Wield","Sword Boomerang"],"picked":"True Grit","floor":1.0},{"not_picked":["Thunderclap","Perfected Strike"],"picked":"Inflame","floor":2.0},{"not_picked":["Cleave","Iron Wave"],"picked":"Feel No Pain","floor":5.0},{"not_picked":["Dual Wield","Wild Strike"],"picked":"Rampage","floor":10.0},{"not_picked":["Intimidate","Twin Strike"],"picked":"Power Through","floor":12.0},{"not_picked":["Clash","Pommel Strike","Rampage"],"picked":"SKIP","floor":13.0},{"not_picked":["Ghostly Armor","Carnage","Second Wind"],"picked":"SKIP","floor":14.0},{"not_picked":["Reaper","Limit Break"],"picked":"Barricade","floor":16.0},{"not_picked":["Pommel Strike","Twin Strike","Headbutt+1"],"picked":"SKIP","floor":18.0},{"not_picked":["Anger","Cleave+1"],"picked":"Body Slam","floor":20.0}],"player_experience":1146944,"relics_obtained":[{"floor":10.0,"key":"Gambling Chip"},{"floor":14.0,"key":"Kunai"}],"event_choices":[{"damage_healed":0.0,"max_hp_gain":0.0,"max_hp_loss":0.0,"gold_gain":150.0,"event_name":"Liars Game","player_choice":"AGREE","floor":3.0,"gold_loss":0.0,"damage_taken":0.0,"cards_obtained":["Doubt"]},{"damage_healed":0.0,"max_hp_gain":0.0,"max_hp_loss":0.0,"gold_gain":0.0,"event_name":"The Cleric","player_choice":"Leave","floor":7.0,"gold_loss":0.0,"damage_taken":0.0},{"damage_healed":0.0,"max_hp_gain":0.0,"max_hp_loss":0.0,"gold_gain":0.0,"event_name":"Addict","player_choice":"Obtained Relic","floor":19.0,"gold_loss":85.0,"damage_taken":0.0,"relics_obtained":["Shuriken"]},{"damage_healed":0.0,"max_hp_gain":0.0,"max_hp_loss":0.0,"gold_gain":0.0,"event_name":"Cursed Tome","player_choice":"Ignored","floor":21.0,"gold_loss":0.0,"damage_taken":0.0}],"is_beta":false,"boss_relics":[{"not_picked":["Sozu","Lizard Tail"],"picked":"Empty Cage"}],"items_purged_floors":[4],"is_endless":false,"potions_floor_spawned":[2,5,12,20],"killed_by":"3 Cultists","ascension_level":20}