{"gold_per_floor":[109,122,47,57,57,91,91,125,125,154,172,172,183,217,217,289,289,300,200,200,211,227,227,254,264,264,283,312,328,328,203,203,276,276,293,393,393,80,95,125,125,158,158,187,187,206,226,226,226,226,226,226,226,46,72,72],"floor_reached":57,"playtime":3858,"items_purged":["Strike_R","Strike_R","Strike_R","Strike_R+1","Defend_R+1"],"score":3370,"play_id":"85ae711d-6f69-4da2-b337-c1c7364cc0c2","local_time":"20190217122655","is_ascension_mode":true,"campfire_choices":[{"data":"Dual Wield","floor":7.0,"key":"SMITH"},{"data":"Shockwave","floor":12.0,"key":"SMITH"},{"data":"Dropkick","floor":15.0,"key":"SMITH"},{"data":"Defend_R","floor":23.0,"key":"SMITH"},{"data":"Dropkick","floor":30.0,"key":"SMITH"},{"data":"Defend_R","floor":32.0,"key":"SMITH"},{"data":"Defend_R","floor":41.0,"key":"SMITH"},{"floor":45.0,"key":"RECALL"}],"neow_cost":"NONE","seed_source_timestamp":0,"circlet_count":0,"master_deck":["AscendersBane","Defend_R+1","Defend_R+1","Defend_R+1","Bash+1","Shockwave+1","Dropkick+1","Dual Wield+1","Power Through+1","True Grit+1","Offering+1","Dropkick+1","Rage+1","Second Wind+1","Offering+1","Battle Trance+1","Purity+1","Evolve+1"],"special_seed":0,"relics":["Black Blood","NeowsBlessing","Centennial Puzzle","Paper Frog","Whetstone","Toxic Egg 2","Frozen Egg 2","Coffee Dripper","Boot","Torii","StoneCalendar","Bag of Marbles","Self Forming Clay","Potion Belt","Smiling Mask","Happy Flower","Pantograph"],"potions_floor_usage":[56,56],"damage_taken":[{"damage":0.0,"enemies":"Cultist","floor":1.0,"turns":1.0},{"damage":0.0,"enemies":"Jaw Worm","floor":2.0,"turns":1.0},{"damage":0.0,"enemies":"Small Slimes","floor":4.0,"turns":2.0},{"damage":5.0,"enemies":"Lagavulin","floor":6.0,"turns":5.0},{"damage":40.0,"enemies":"3 Sentries","floor":8.0,"turns":9.0},{"damage":25.0,"enemies":"Lagavulin","floor":10.0,"turns":6.0},{"damage":6.0,"enemies":"Blue Slaver","floor":11.0,"turns":3.0},{"damage":0.0,"enemies":"Lots of Slimes","floor":13.0,"turns":6.0},{"damage":8.0,"enemies":"Gremlin Nob","floor":14.0,"turns":4.0},{"damage":10.0,"enemies":"Hexaghost","floor":16.0,"turns":9.0},{"damage":10.0,"enemies":"3 Byrds","floor":18.0,"turns":6.0},{"damage":22.0,"enemies":"Spheric Guardian","floor":21.0,"turns":4.0},{"damage":9.0,"enemies":"Shelled Parasite and Fungi","floor":22.0,"turns":3.0},{"damage":6.0,"enemies":"Book of Stabbing","floor":24.0,"turns":3.0},{"damage":6.0,"enemies":"Snecko","floor":25.0,"turns":2.0},{"damage":6.0,"enemies":"Snake Plant","floor":27.0,"turns":4.0},{"damage":17.0,"enemies":"Slavers","floor":28.0,"turns":5.0},{"damage":6.0,"enemies":"3 Cultists","floor":29.0,"turns":3.0},{"damage":6.0,"enemies":"Champ","floor":33.0,"turns":4.0},{"damage":6.0,"enemies":"Orb Walker","floor":35.0,"turns":2.0},{"damage":12.0,"enemies":"Mind Bloom Boss Battle","floor":36.0,"turns":5.0},{"damage":6.0,"enemies":"3 Darklings","floor":39.0,"turns":3.0},{"damage":6.0,"enemies":"Giant Head","floor":40.0,"turns":3.0},{"damage":7.0,"enemies":"Reptomancer","floor":42.0,"turns":3.0},{"damage":6.0,"enemies":"Giant Head","floor":44.0,"turns":2.0},{"damage":12.0,"enemies":"Writhing Mass","floor":46.0,"turns":4.0},{"damage":6.0,"enemies":"Spire Growth","floor":47.0,"turns":2.0},{"damage":54.0,"enemies":"Time Eater","floor":50.0,"turns":9.0},{"damage":6.0,"enemies":"Awakened One","floor":51.0,"turns":5.0},{"damage":6.0,"enemies":"Shield and Spear","floor":55.0,"turns":1.0},{"damage":12,"enemies":"The Heart","floor":56,"turns":6}],"seed_played":"-2839590312706583215","potions_obtained":[{"floor":2.0,"key":"Ancient Potion"},{"floor":4.0,"key":"AttackPotion"},{"floor":10.0,"key":"FearPotion"},{"floor":13.0,"key":"Explosive Potion"},{"floor":18.0,"key":"Energy Potion"},{"floor":24.0,"key":"GamblersBrew"},{"floor":28.0,"key":"Energy Potion"},{"floor":42.0,"key":"PowerPotion"},{"floor":47.0,"key":"SteroidPotion"},{"floor":55.0,"key":"Ancient Potion"}],"is_trial":false,"path_per_floor":["M","M","$","M","$","E","R","E","T","E","M","R","M","E","R","B",null,"M","$","?","M","M","R","E","M","T","M","E","M","R","$","R","B",null,"M","?","?","$","M","E","R","E","T","E","R","M","M","?","R","B","B",null,"R","$","E","B",null],"character_chosen":"IRONCLAD","items_purchased":["Bag of Marbles","Evolve+1","PowerPotion"],"campfire_rested":0,"item_purchase_floors":[38,54,54],"current_hp_per_floor":[74,75,75,75,75,75,75,41,41,22,22,22,28,26,26,22,62,58,58,58,42,39,39,39,39,39,39,28,28,28,28,28,28,63,67,65,65,65,69,73,73,75,75,75,75,73,75,65,65,21,25,63,63,63,67,73],"gold":72,"neow_bonus":"THREE_ENEMY_KILL","is_prod":false,"is_daily":false,"chose_seed":false,"campfire_upgraded":7,"win_rate":0,"timestamp":1550377615,"path_taken":["M","M","$","M","?","E","R","E","T","E","M","R","M","E","R","BOSS","M","$","?","M","M","R","E","?","T","M","E","M","R","$","R","BOSS","M","?","?","$","?","E","R","E","T","E","R","M","M","?","R","BOSS","BOSS","R","$","E","BOSS"],"build_version":"2019-01-23","purchased_purges":5,"victory":true,"max_hp_per_floor":[75,75,75,75,75,75,75,75,75,75,75,75,75,75,75,75,75,75,75,75,75,75,75,75,75,75,75,75,75,75,75,75,75,75,75,75,75,75,75,75,75,75,75,75,75,75,75,75,75,75,75,75,75,75,75,75],"card_choices":[{"not_picked":["Iron Wave","True Grit"],"picked":"Shockwave","floor":1.0},{"not_picked":["Clothesline","Searing Blow"],"picked":"Dropkick","floor":2.0},{"not_picked":["Fire Breathing","Armaments"],"picked":"Dual Wield","floor":4.0},{"not_picked":["Clothesline","Heavy Blade","Whirlwind"],"picked":"SKIP","floor":6.0},{"not_picked":["Clash","Infernal Blade","Entrench"],"picked":"SKIP","floor":8.0},{"not_picked":["Searing Blow","Metallicize"],"picked":"Power Through","floor":10.0},{"not_picked":["Body Slam","Anger"],"picked":"True Grit+1","floor":11.0},{"not_picked":["Rampage","Cleave","Sword Boomerang"],"picked":"SKIP","floor":13.0},{"not_picked":["Shockwave+1","Sword Boomerang","Dark Embrace"],"picked":"SKIP","floor":14.0},{"not_picked":["Reaper","Fiend Fire"],"picked":"Offering+1","floor":16.0},{"not_picked":["Iron Wave+1","Twin Strike"],"picked":"Dropkick","floor":18.0},{"not_picked":["Infernal Blade+1","Flame Barrier+1","Rupture+1"],"picked":"SKIP","floor":21.0},{"not_picked":["Sentinel+1","Shockwave+1","Havoc+1"],"picked":"SKIP","floor":22.0},{"not_picked":["Anger","Body Slam+1"],"picked":"Rage+1","floor":24.0},{"not_picked":["Heavy Blade","Pommel Strike","Flame Barrier+1"],"picked":"SKIP","floor":25.0},{"not_picked":["Blood for Blood+1","Warcry+1"],"picked":"Second Wind+1","floor":27.0},{"not_picked":["Twin Strike","Armaments+1","Reaper"],"picked":"SKIP","floor":28.0},{"not_picked":["Clothesline","True Grit+1","Sentinel+1"],"picked":"SKIP","floor":29.0},{"not_picked":["Reaper","Berserk+1"],"picked":"Offering+1","floor":33.0},{"not_picked":["Second Wind+1","Heavy Blade"],"picked":"Battle Trance+1","floor":35.0},{"not_picked":["Rampage","Pummel","Havoc+1"],"picked":"SKIP","floor":39.0},{"not_picked":["Body Slam","Anger","Dropkick"],"picked":"SKIP","floor":40.0},{"not_picked":["Body Slam","Anger","Dropkick"],"picked":"SKIP","floor":40.0},{"not_picked":["Infernal Blade+1","Clash","Headbutt"],"picked":"SKIP","floor":42.0},{"not_picked":["Thunderclap","Armaments+1","Flex+1"],"picked":"SKIP","floor":44.0},{"not_picked":["Double Tap+1","Infernal Blade+1","Uppercut"],"picked":"SKIP","floor":46.0},{"not_picked":["Shrug It Off+1","Dual Wield+1","Thunderclap"],"picked":"SKIP","floor":47.0},{"not_picked":["Thinking Ahead+1","Bandage Up+1"],"picked":"Purity+1","floor":48.0},{"not_picked":["Rupture+1","Disarm+1","Shrug It Off+1"],"picked":"SKIP","floor":55.0}],"player_experience":909264,"relics_obtained":[{"floor":6.0,"key":"Centennial Puzzle"},{"floor":8.0,"key":"Paper Frog"},{"floor":9.0,"key":"Whetstone"},{"floor":10.0,"key":"Toxic Egg 2"},{"floor":14.0,"key":"Frozen Egg 2"},{"floor":24.0,"key":"Boot"},{"floor":28.0,"key":"Torii"},{"floor":36.0,"key":"StoneCalendar"},{"floor":40.0,"key":"Self Forming Clay"},{"floor":42.0,"key":"Potion Belt"},{"floor":43.0,"key":"Smiling Mask"},{"floor":44.0,"key":"Happy Flower"},{"floor":55.0,"key":"Pantograph"}],"event_choices":[{"cards_removed":["Strike_R"],"damage_healed":0.0,"max_hp_gain":0.0,"max_hp_loss":0.0,"gold_gain":0.0,"event_name":"Purifier","player_choice":"Purged","floor":20.0,"gold_loss":0.0,"damage_taken":0.0},{"damage_healed":0.0,"max_hp_gain":0.0,"max_hp_loss":0.0,"gold_gain":0.0,"event_name":"MindBloom","player_choice":"Fight","floor":36.0,"gold_loss":0.0,"damage_taken":0.0},{"damage_healed":0.0,"max_hp_gain":0.0,"max_hp_loss":0.0,"gold_gain":0.0,"event_name":"Upgrade Shrine","player_choice":"Upgraded","floor":37.0,"gold_loss":0.0,"damage_taken":0.0,"cards_upgraded":["Defend_R"]},{"damage_healed":0.0,"max_hp_gain":0.0,"max_hp_loss":0.0,"gold_gain":0.0,"event_name":"SensoryStone","player_choice":"Memory 3","floor":48.0,"gold_loss":0.0,"damage_taken":10.0}],"is_beta":false,"boss_relics":[{"not_picked":["Eternal Feather","Mark of Pain"],"picked":"Coffee Dripper"},{"not_picked":["Runic Cube","Tiny House"],"picked":"Black Blood"}],"items_purged_floors":[3,19,31,38,54],"is_endless":false,"potions_floor_spawned":[2,4,10,13,18,24,28,33,35,39,42,47,55],"ascension_level":20}