{"gold_per_floor":[216,226,401,401,412,427,427,444,500,534,534,534,257,276,276,378,378,378,378,378,53,53,53,53,53,53,53,53,53,53,53,53,53,53,53,53,53,53,53,53,53,53,53,53,53,53,53,53,53,53],"floor_reached":51,"playtime":3062,"items_purged":["Doubt"],"score":1236,"play_id":"557f6788-8161-4ce5-9184-9d196125c40e","local_time":"20190513002714","is_ascension_mode":true,"campfire_choices":[{"data":"Zap","floor":7,"key":"SMITH"},{"data":"Buffer","floor":12,"key":"SMITH"},{"data":"Thunder Strike","floor":15,"key":"SMITH"},{"data":"Fission","floor":23,"key":"SMITH"},{"data":"Creative AI","floor":27,"key":"SMITH"},{"floor":32,"key":"REST"},{"floor":42,"key":"REST"},{"floor":49,"key":"REST"}],"neow_cost":"NONE","seed_source_timestamp":696729079404600,"circlet_count":0,"master_deck":["Strike_B","Strike_B","Strike_B","Defend_B","Defend_B","Defend_B","Defend_B","Zap+1","Dualcast","Glacier","Barrage","Thunder Strike+1","Go for the Eyes","Ball Lightning","Buffer+1","Ball Lightning","Reinforced Body","Fission+1","White Noise","Skim","Reinforced Body","Creative AI+1","Ball Lightning","Double Energy+1","Core Surge","Conserve Battery","Core Surge","Hologram+1","Core Surge","Redo+1","Conserve Battery"],"relics":["Cracked Core","Tiny Chest","PreservedInsect","Thread and Needle","Bag of Marbles","Ectoplasm","Red Mask","Blue Candle","Omamori","Pear","Necronomicon","Vajra","Fusion Hammer","Mango","Frozen Egg 2","Molten Egg 2","Old Coin","Ornamental Fan"],"potions_floor_usage":[6,10,22,24,31,35,39,45,47,48,48,50],"damage_taken":[{"damage":0,"enemies":"Cultist","floor":1,"turns":3},{"damage":0,"enemies":"Small Slimes","floor":2,"turns":3},{"damage":7,"enemies":"2 Louse","floor":5,"turns":2},{"damage":9,"enemies":"Lots of Slimes","floor":6,"turns":4},{"damage":0,"enemies":"Exordium Wildlife","floor":8,"turns":3},{"damage":0,"enemies":"Gremlin Nob","floor":10,"turns":3},{"damage":0,"enemies":"Large Slime","floor":14,"turns":4},{"damage":18,"enemies":"Slime Boss","floor":16,"turns":8},{"damage":0,"enemies":"3 Byrds","floor":18,"turns":5},{"damage":5,"enemies":"Masked Bandits","floor":19,"turns":5},{"damage":0,"enemies":"Chosen","floor":20,"turns":3},{"damage":0,"enemies":"Snake Plant","floor":22,"turns":5},{"damage":5,"enemies":"Book of Stabbing","floor":24,"turns":5},{"damage":0,"enemies":"Sentry and Sphere","floor":25,"turns":4},{"damage":0,"enemies":"Snecko","floor":29,"turns":5},{"damage":0,"enemies":"Centurion and Healer","floor":30,"turns":5},{"damage":2,"enemies":"Slavers","floor":31,"turns":2},{"damage":0,"enemies":"Champ","floor":33,"turns":9},{"damage":13,"enemies":"3 Shapes","floor":35,"turns":3},{"damage":0,"enemies":"Orb Walker","floor":38,"turns":3},{"damage":4,"enemies":"2 Orb Walkers","floor":39,"turns":6},{"damage":2,"enemies":"Giant Head","floor":40,"turns":5},{"damage":43,"enemies":"Writhing Mass","floor":41,"turns":5},{"damage":0,"enemies":"Nemesis","floor":44,"turns":5},{"damage":1,"enemies":"Spire Growth","floor":45,"turns":4},{"damage":54,"enemies":"4 Shapes","floor":47,"turns":4},{"damage":0,"enemies":"Transient","floor":48,"turns":5},{"damage":49,"enemies":"Time Eater","floor":50,"turns":7}],"seed_played":"-7135663273673194021","potions_obtained":[{"floor":1,"key":"Fire Potion"},{"floor":5,"key":"Poison Potion"},{"floor":14,"key":"SpeedPotion"},{"floor":20,"key":"Block Potion"},{"floor":22,"key":"FearPotion"},{"floor":29,"key":"GamblersBrew"},{"floor":30,"key":"SteroidPotion"},{"floor":35,"key":"Dexterity Potion"},{"floor":39,"key":"Poison Potion"},{"floor":40,"key":"SkillPotion"},{"floor":45,"key":"Poison Potion"},{"floor":48,"key":"Swift Potion"}],"is_trial":false,"path_per_floor":["M","M","?","?","M","M","R","M","T","E","T","R","$","M","R","B",null,"M","?","M","$","M","R","E","M","T","R","?","M","M","E","R","B",null,"M","?","?","M","?","E","M","R","T","E","M","T","M","M","R","B",null],"character_chosen":"DEFECT","items_purchased":["Bag of Marbles","Ball Lightning","Creative AI","Blue Candle"],"campfire_rested":3,"item_purchase_floors":[13,13,21,21],"current_hp_per_floor":[68,68,68,68,61,52,52,52,52,52,52,52,52,52,52,34,65,65,60,60,60,60,60,55,55,65,65,49,49,49,47,72,72,82,69,85,85,85,95,93,50,79,79,79,78,78,24,24,53,4],"gold":53,"neow_bonus":"HUNDRED_GOLD","is_prod":false,"is_daily":false,"chose_seed":false,"campfire_upgraded":5,"win_rate":0,"timestamp":1557703634,"path_taken":["M","?","?","?","?","M","R","M","T","E","?","R","?","M","R","BOSS","M","?","M","$","M","R","E","M","T","R","?","?","?","E","R","BOSS","M","?","?","?","?","E","M","R","T","E","M","?","M","M","R","BOSS"],"build_version":"2019-01-23","purchased_purges":1,"victory":true,"max_hp_per_floor":[75,75,75,75,75,75,75,75,75,75,75,75,75,75,75,75,75,75,75,75,75,75,75,75,75,85,85,85,85,85,85,85,85,85,85,85,85,85,99,99,99,99,99,99,99,99,99,99,99,99],"card_choices":[{"not_picked":["Skim","Coolheaded"],"picked":"Glacier","floor":1},{"not_picked":["Rebound","Hologram"],"picked":"Barrage","floor":2},{"not_picked":["Redo","Hello World"],"picked":"Go for the Eyes","floor":5},{"not_picked":["Redo","Beam Cell"],"picked":"Ball Lightning","floor":6},{"not_picked":["Barrage","Ball Lightning"],"picked":"Buffer","floor":8},{"not_picked":["Compile Driver","Steam","Static Discharge"],"picked":"SKIP","floor":10},{"not_picked":["Stack","Hologram"],"picked":"Reinforced Body","floor":14},{"not_picked":["Hyperbeam","Rainbow"],"picked":"Fission","floor":16},{"not_picked":["Scrape+1","Streamline"],"picked":"White Noise","floor":18},{"not_picked":["Heatsinks+1","Stack+1"],"picked":"Skim","floor":19},{"not_picked":["Doom and Gloom","Stack"],"picked":"Reinforced Body","floor":20},{"not_picked":["Turbo","Sweeping Beam+1"],"picked":"Ball Lightning","floor":22},{"not_picked":["Lockon+1","Glacier"],"picked":"Double Energy+1","floor":24},{"not_picked":["Ball Lightning+1","Glacier+1"],"picked":"Core Surge","floor":25},{"not_picked":["Lockon","Beam Cell","Go for the Eyes"],"picked":"SKIP","floor":29},{"not_picked":["Chaos","Aggregate","Streamline+1"],"picked":"SKIP","floor":30},{"not_picked":["Turbo","Barrage"],"picked":"Conserve Battery","floor":31},{"not_picked":["Rainbow","Multi-Cast"],"picked":"Core Surge","floor":33},{"not_picked":["Go for the Eyes","Gash","Leap"],"picked":"SKIP","floor":35},{"not_picked":["BootSequence","Beam Cell"],"picked":"Hologram+1","floor":38},{"not_picked":["Scrape","Hologram"],"picked":"Core Surge","floor":39},{"not_picked":["Streamline+1","Leap","Blizzard+1"],"picked":"SKIP","floor":40},{"not_picked":["Streamline","Consume","Chaos+1"],"picked":"SKIP","floor":41},{"not_picked":["Reprogram","Steam+1"],"picked":"Redo+1","floor":44},{"not_picked":["Melter+1","Steam+1"],"picked":"Conserve Battery","floor":45},{"not_picked":["Doom and Gloom+1","Ball Lightning+1","Blizzard+1"],"picked":"SKIP","floor":47},{"not_picked":["Steam","Sunder+1","Blizzard+1"],"picked":"SKIP","floor":48}],"player_experience":539571,"relics_obtained":[{"floor":9,"key":"Tiny Chest"},{"floor":10,"key":"PreservedInsect"},{"floor":11,"key":"Thread and Needle"},{"floor":19,"key":"Red Mask"},{"floor":24,"key":"Omamori"},{"floor":26,"key":"Pear"},{"floor":28,"key":"Necronomicon"},{"floor":31,"key":"Vajra"},{"floor":39,"key":"Mango"},{"floor":40,"key":"Frozen Egg 2"},{"floor":43,"key":"Molten Egg 2"},{"floor":44,"key":"Old Coin"},{"floor":46,"key":"Ornamental Fan"}],"event_choices":[{"damage_healed":0,"gold_gain":175,"player_choice":"AGREE","damage_taken":0,"max_hp_gain":0,"max_hp_loss":0,"event_name":"Liars Game","floor":3,"gold_loss":0,"cards_obtained":["Doubt"]},{"damage_healed":0,"gold_gain":0,"cards_transformed":["Strike_B"],"player_choice":"Transformed","damage_taken":0,"max_hp_gain":0,"max_hp_loss":0,"event_name":"Transmorgrifier","floor":4,"gold_loss":0,"cards_obtained":["Thunder Strike"]},{"damage_healed":0,"gold_gain":0,"player_choice":"Fought Bandits","damage_taken":0,"max_hp_gain":0,"max_hp_loss":0,"event_name":"Masked Bandits","floor":19,"gold_loss":0},{"damage_healed":0,"gold_gain":0,"player_choice":"Obtained Book","damage_taken":16,"max_hp_gain":0,"max_hp_loss":0,"event_name":"Cursed Tome","floor":28,"gold_loss":0},{"damage_healed":21,"gold_gain":0,"player_choice":"Writhe","damage_taken":0,"max_hp_gain":0,"max_hp_loss":0,"event_name":"Winding Halls","floor":36,"gold_loss":0,"cards_obtained":["Writhe"]},{"damage_healed":0,"gold_gain":222,"player_choice":"Wore Mask","damage_taken":0,"max_hp_gain":0,"max_hp_loss":0,"event_name":"Tomb of Lord Red Mask","floor":37,"gold_loss":0},{"damage_healed":0,"gold_gain":0,"player_choice":"Fight","damage_taken":0,"max_hp_gain":0,"max_hp_loss":0,"event_name":"Mysterious Sphere","floor":39,"gold_loss":0}],"is_beta":false,"boss_relics":[{"not_picked":["Coffee Dripper","Tiny House"],"picked":"Ectoplasm"},{"not_picked":["Black Star","FrozenCore"],"picked":"Fusion Hammer"}],"items_purged_floors":[13],"is_endless":false,"potions_floor_spawned":[1,5,14,20,22,29,30,35,39,40,45,48],"ascension_level":9}