{"gold_per_floor":[110,129,129,144,144,144,178,178,246,290,290,314,327,3,3,133,133,156,255,255,255,271,271],"floor_reached":23,"playtime":668,"items_purged":["Strike_B"],"score":299,"play_id":"c13d4bf4-5197-47db-97dd-0fd66db24d77","local_time":"20180807232253","is_ascension_mode":true,"campfire_choices":[{"data":"Zap","floor":6,"key":"SMITH"},{"data":"Consume","floor":8,"key":"SMITH"},{"data":"Dualcast","floor":11,"key":"SMITH"},{"data":"Sunder","floor":15,"key":"SMITH"}],"neow_cost":"NONE","seed_source_timestamp":24276617556805,"circlet_count":0,"master_deck":["Strike_B","Strike_B","Strike_B","Defend_B","Defend_B","Defend_B","Defend_B","Zap+1","Dualcast+1","AscendersBane","Cold Snap","Steam","Cold Snap","Consume+1","Conserve Battery","Ball Lightning","Sunder+1","Streamline","Core Surge","Leap","Auto Shields"],"relics":["Cracked Core","Golden Idol","Dream Catcher","Smiling Mask","Strawberry","Matryoshka","Inserter"],"potions_floor_usage":[7,16,22,22,23],"damage_taken":[{"damage":12,"enemies":"Jaw Worm","floor":1,"turns":3},{"damage":2,"enemies":"Small Slimes","floor":2,"turns":4},{"damage":0,"enemies":"Cultist","floor":4,"turns":3},{"damage":2,"enemies":"3 Sentries","floor":7,"turns":7},{"damage":7,"enemies":"Lagavulin","floor":10,"turns":9},{"damage":4,"enemies":"Looter","floor":12,"turns":2},{"damage":0,"enemies":"2 Fungi Beasts","floor":13,"turns":3},{"damage":27,"enemies":"The Guardian","floor":16,"turns":12},{"damage":8,"enemies":"Chosen","floor":18,"turns":5},{"damage":9,"enemies":"2 Thieves","floor":22,"turns":4},{"damage":51,"enemies":"Slavers","floor":23,"turns":3}],"seed_played":"-2792897742118599709","potions_obtained":[{"floor":7,"key":"LiquidBronze"},{"floor":16,"key":"PowerPotion"},{"floor":22,"key":"LiquidBronze"}],"is_trial":false,"path_per_floor":["M","M","?","M","?","R","E","R","T","E","R","M","M","$","R","B",null,"M","?","?","?","M"],"character_chosen":"DEFECT","items_purchased":["Streamline","Matryoshka"],"campfire_rested":0,"item_purchase_floors":[14,14],"current_hp_per_floor":[56,54,54,54,59,59,57,57,57,57,57,53,53,53,53,26,67,59,59,59,59,50,0],"gold":271,"neow_bonus":"THREE_SMALL_POTIONS","is_prod":false,"is_daily":false,"chose_seed":false,"campfire_upgraded":4,"win_rate":0,"timestamp":1533694973,"path_taken":["M","M","?","M","?","R","E","R","T","E","R","?","M","$","R","BOSS","M","?","?","?","M","E"],"build_version":"2018-07-12","purchased_purges":1,"victory":false,"max_hp_per_floor":[75,75,69,69,74,74,74,74,74,81,81,81,81,81,81,81,81,81,81,81,81,81,81],"card_choices":[{"not_picked":["Steam","Stack"],"picked":"Cold Snap","floor":1},{"not_picked":["Barrage","Tempest"],"picked":"Steam","floor":2},{"not_picked":["Machine Learning","Steam"],"picked":"Cold Snap","floor":4},{"not_picked":["Melter","Reinforced Body"],"picked":"Consume","floor":7},{"not_picked":["Compile Driver","Go for the Eyes"],"picked":"Conserve Battery","floor":10},{"not_picked":["Force Field","Stack"],"picked":"Ball Lightning","floor":12},{"not_picked":["Heatsinks","Force Field"],"picked":"Sunder","floor":13},{"not_picked":["Amplify","Multi-Cast"],"picked":"Core Surge","floor":16},{"not_picked":["Rip and Tear","Redo"],"picked":"Leap","floor":18},{"not_picked":["Barrage","Rip and Tear"],"picked":"Auto Shields","floor":22}],"player_experience":492335,"relics_obtained":[{"floor":7,"key":"Dream Catcher"},{"floor":9,"key":"Smiling Mask"},{"floor":10,"key":"Strawberry"}],"event_choices":[{"event_name":"Golden Idol","player_choice":"Lose Max HP","floor":3,"damage_taken":0},{"event_name":"Big Fish","player_choice":"Donut","floor":5,"damage_taken":0},{"event_name":"Nest","player_choice":"Stole From Cult","floor":19,"damage_taken":0},{"event_name":"Cursed Tome","player_choice":"Ignored","floor":20,"damage_taken":0},{"event_name":"The Mausoleum","player_choice":"No","floor":21,"damage_taken":0}],"boss_relics":[{"not_picked":["Ectoplasm","Empty Cage"],"picked":"Inserter"}],"items_purged_floors":[14],"is_endless":false,"potions_floor_spawned":[7,10,12,16,22],"killed_by":"Slavers","ascension_level":10}