{"path_per_floor":["M","?","?","?","$","E","R","E","T","M","E","M","M","M","R","B",null,"M","?","$","?","M","R","$","E","T","E","M","R","E","?","R","B",null,"M","?","M","?","M","E","R","?","T","?","M","E","M","?","R","B"],"character_chosen":"IRONCLAD","items_purchased":["Apotheosis"],"gold_per_floor":[115,115,115,115,40,72,72,101,101,118,153,169,187,198,198,296,296,306,306,13,13,31,31,31,57,57,84,94,94,128,128,128,233,233,249,249,266,314,329,357,357,357,357,0,18,53,71,71,71,71],"floor_reached":51,"campfire_rested":0,"playtime":1913,"current_hp_per_floor":[80,80,68,61,61,67,67,73,73,79,65,70,76,77,77,54,80,80,80,80,80,75,75,75,69,83,72,72,72,74,58,58,56,94,94,94,94,88,76,65,65,53,63,63,57,60,45,97,97,78],"items_purged":["Defend_R","Strike_R"],"gold":71,"score":731,"play_id":"240f868f-b3b2-4577-8e3e-81dac4417be7","is_prod":false,"is_daily":false,"is_ascension_mode":false,"campfire_upgraded":7,"path_taken":["M","?","?","?","$","E","R","E","T","M","E","M","M","M","R","BOSS","M","?","?","?","M","R","$","E","T","E","M","R","E","?","R","BOSS","M","?","M","?","M","E","R","?","T","?","M","E","M","?","R","BOSS"],"build_version":"2018-02-23-BETA1","purchased_purges":3,"victory":true,"master_deck":["Strike_R","Strike_R","Strike_R","Defend_R","Defend_R","Bash+1","Spot Weakness","Shrug It Off","Heavy Blade+1","Pummel","Shrug It Off","Limit Break+1","Apotheosis+1","Heavy Blade+1","Clumsy","Inflame+1","Necronomicurse","Offering+1","Warcry","Pummel+1","Flex+1","Madness","Madness","Regret","Flex+1","Infernal Blade+1"],"max_hp_per_floor":[80,80,80,80,80,80,80,80,80,80,80,80,80,80,80,80,80,80,80,80,80,80,80,80,80,94,94,94,94,94,94,94,94,94,94,94,94,94,94,94,94,94,104,104,104,111,111,97,97,97],"relics":["Burning Blood","NeowsBlessing","Bronze Scales","Bird Faced Urn","Ancient Tea Set","Juzu Bracelet","Blood Vial","Cursed Key","Mummified Hand","Happy Flower","Mango","Magic Flower","Lantern","Necronomicon","Black Star","Unceasing Top","Anchor","Regal Pillow","Pear","Red Mask","Prayer Wheel","Strawberry"],"card_choices":[{"not_picked":["Perfected Strike","Headbutt"],"picked":"Spot Weakness"},{"not_picked":["Carnage","Anger"],"picked":"Rupture"},{"not_picked":["Pommel Strike","Clash"],"picked":"Shrug It Off"},{"not_picked":["Dual Wield","Flex"],"picked":"Heavy Blade"},{"not_picked":["Twin Strike","Barricade"],"picked":"Pummel"},{"not_picked":["Heavy Blade","Thunderclap"],"picked":"Shrug It Off"},{"not_picked":["Dark Embrace","Immolate"],"picked":"Limit Break"},{"not_picked":["Anger","Shrug It Off"],"picked":"Heavy Blade"},{"not_picked":["Anger","Shrug It Off"],"picked":"Inflame"},{"not_picked":["Barricade","Limit Break"],"picked":"Offering"},{"not_picked":["Searing Blow","Pommel Strike"],"picked":"Warcry"},{"not_picked":["Clothesline","Uppercut"],"picked":"Pummel"},{"not_picked":["Metallicize","True Grit"],"picked":"Flex"},{"not_picked":["Clothesline","Heavy Blade"],"picked":"Flex"},{"not_picked":["Clothesline","Dark Embrace"],"picked":"Infernal Blade"}],"player_experience":125113,"potions_floor_usage":[18,27,27,30,40,45,50,50],"damage_taken":[{"damage":0,"enemies":"Cultist","floor":1,"turns":1},{"damage":0,"enemies":"3 Sentries","floor":6,"turns":2},{"damage":0,"enemies":"Lagavulin","floor":8,"turns":2},{"damage":0,"enemies":"2 Louse","floor":10,"turns":2},{"damage":20,"enemies":"Gremlin Nob","floor":11,"turns":4},{"damage":3,"enemies":"Small Slimes","floor":12,"turns":3},{"damage":2,"enemies":"Looter","floor":13,"turns":4},{"damage":7,"enemies":"Large Slime","floor":14,"turns":5},{"damage":31,"enemies":"Slime Boss","floor":16,"turns":6},{"damage":5,"enemies":"Spheric Guardian","floor":18,"turns":5},{"damage":11,"enemies":"2 Thieves","floor":22,"turns":3},{"damage":16,"enemies":"Book of Stabbing","floor":25,"turns":4},{"damage":19,"enemies":"Slavers","floor":27,"turns":3},{"damage":18,"enemies":"Centurion and Healer","floor":28,"turns":5},{"damage":16,"enemies":"Gremlin Leader","floor":30,"turns":3},{"damage":20,"enemies":"Collector","floor":33,"turns":7},{"damage":4,"enemies":"Flame Bruiser 1 Orb","floor":35,"turns":4},{"damage":6,"enemies":"Orb Walker","floor":37,"turns":2},{"damage":15,"enemies":"Mysterious Sphere","floor":38,"turns":3},{"damage":27,"enemies":"4 Shapes","floor":39,"turns":5},{"damage":41,"enemies":"2 Orb Walkers","floor":40,"turns":4},{"damage":18,"enemies":"Spire Growth","floor":45,"turns":4},{"damage":19,"enemies":"Giant Head","floor":46,"turns":5},{"damage":30,"enemies":"Maw","floor":47,"turns":4},{"damage":31,"enemies":"Time Eater","floor":50,"turns":4}],"event_choices":[{"event_name":"Living Wall","player_choice":"Forget","floor":2,"damage_taken":0},{"event_name":"Scrap Ooze","player_choice":"success","floor":3,"damage_taken":12},{"event_name":"Golden Wing","player_choice":"Card Removal","floor":4,"damage_taken":0},{"event_name":"The Mausoleum","player_choice":"Yes","floor":19,"damage_taken":0},{"event_name":"Beggar","player_choice":"Ignored","floor":21,"damage_taken":0},{"event_name":"Cursed Tome","player_choice":"Obtained Book","floor":31,"damage_taken":0},{"event_name":"Mysterious Sphere","player_choice":"Fight","floor":38,"damage_taken":0},{"event_name":"Winding Halls","player_choice":"Embrace Madness","floor":42,"damage_taken":0},{"event_name":"Tomb of Lord Red Mask","player_choice":"Paid","floor":44,"damage_taken":0},{"event_name":"The Moai Head","player_choice":"Heal","floor":48,"damage_taken":0}],"boss_relics":[{"not_picked":["Calling Bell","White Beast Statue"],"picked":"Cursed Key"},{"not_picked":["Mark of Pain","Runic Pyramid"],"picked":"Black Star"}],"potions_floor_spawned":[1,10,12,13,14,16,28,33,39,46,47],"seed_played":"-1756950073786370471","ascension_level":0,"is_trial":false}