{"gold_per_floor":[111,111,129,129,139,167,167,167,167,167,178,191,201,201,201,201],"floor_reached":16,"playtime":672,"items_purged":[],"score":194,"play_id":"7c578361-2c51-4e98-9c91-0b5c220176dd","local_time":"20190508223312","is_ascension_mode":true,"campfire_choices":[{"floor":8,"key":"REST"},{"floor":10,"key":"REST"},{"floor":15,"key":"REST"}],"neow_cost":"NONE","seed_source_timestamp":346676460422500,"circlet_count":0,"master_deck":["AscendersBane","Defend_G","Defend_G","Defend_G","Defend_G","Defend_G","Strike_G","Strike_G","Strike_G","Strike_G","Strike_G","Survivor","Neutralize+1","PiercingWail","Distraction","Backstab","Cloak And Dagger","Masterful Stab","PiercingWail"],"relics":["Ring of the Snake","Boot","Matryoshka","Centennial Puzzle","Mummified Hand"],"potions_floor_usage":[6,16,16,16,16],"damage_taken":[{"damage":3,"enemies":"2 Louse","floor":1,"turns":4},{"damage":4,"enemies":"Small Slimes","floor":3,"turns":4},{"damage":3,"enemies":"Jaw Worm","floor":5,"turns":7},{"damage":54,"enemies":"Gremlin Nob","floor":6,"turns":7},{"damage":48,"enemies":"Exordium Thugs","floor":11,"turns":9},{"damage":2,"enemies":"3 Louse","floor":12,"turns":3},{"damage":0,"enemies":"Blue Slaver","floor":13,"turns":4},{"damage":29,"enemies":"The Guardian","floor":16,"turns":14}],"seed_played":"-5187213067518103855","potions_obtained":[{"floor":1,"key":"Block Potion"},{"floor":11,"key":"FearPotion"},{"floor":13,"key":"EntropicBrew"}],"is_trial":false,"path_per_floor":["M","?","M","?","M","E","?","R","T","R","M","M","M","T","R","B"],"character_chosen":"THE_SILENT","items_purchased":[],"campfire_rested":3,"item_purchase_floors":[],"current_hp_per_floor":[62,62,58,58,55,1,6,29,29,52,4,2,2,2,25,0],"gold":201,"neow_bonus":"TEN_PERCENT_HP_BONUS","is_prod":false,"is_daily":false,"chose_seed":false,"campfire_upgraded":0,"win_rate":0,"timestamp":1557351192,"path_taken":["M","?","M","?","M","E","?","R","T","R","?","M","M","?","R","BOSS"],"build_version":"2019-01-23","purchased_purges":0,"victory":false,"max_hp_per_floor":[72,72,72,72,72,72,77,77,77,77,77,77,77,77,77,77],"card_choices":[{"not_picked":["Setup","Tactician","Prepared"],"picked":"SKIP","floor":1},{"not_picked":["Choke","Reflex"],"picked":"PiercingWail","floor":3},{"not_picked":["PiercingWail","Slice"],"picked":"Distraction","floor":5},{"not_picked":["Sucker Punch","Dodge and Roll"],"picked":"Backstab","floor":6},{"not_picked":["Dagger Spray","Flying Knee"],"picked":"Cloak And Dagger","floor":11},{"not_picked":["Slice","Underhanded Strike"],"picked":"Masterful Stab","floor":12},{"not_picked":["Bane","Outmaneuver"],"picked":"PiercingWail","floor":13}],"player_experience":488083,"relics_obtained":[{"floor":6,"key":"Boot"},{"floor":9,"key":"Matryoshka"},{"floor":14,"key":"Centennial Puzzle"},{"floor":14,"key":"Mummified Hand"}],"event_choices":[{"damage_healed":0,"gold_gain":0,"player_choice":"Leave","damage_taken":0,"max_hp_gain":0,"max_hp_loss":0,"event_name":"The Cleric","floor":2,"gold_loss":0},{"damage_healed":0,"gold_gain":0,"player_choice":"Grow","damage_taken":0,"max_hp_gain":0,"max_hp_loss":0,"event_name":"Living Wall","floor":4,"gold_loss":0,"cards_upgraded":["Neutralize"]},{"damage_healed":0,"gold_gain":0,"player_choice":"Donut","damage_taken":0,"max_hp_gain":5,"max_hp_loss":0,"event_name":"Big Fish","floor":7,"gold_loss":0}],"is_beta":false,"boss_relics":[],"items_purged_floors":[],"is_endless":false,"potions_floor_spawned":[1,11,13],"killed_by":"The Guardian","ascension_level":18}