{"gold_per_floor":[219,229,239,389,98,98,133,151,151,185,245,255,255,255,255,255],"floor_reached":16,"playtime":633,"items_purged":["Doubt"],"score":220,"play_id":"9fc29fda-ae79-4e2b-883e-23dfea6e7ae5","local_time":"20190512110109","is_ascension_mode":true,"campfire_choices":[{"data":"Immolate","floor":6.0,"key":"SMITH"},{"data":"True Grit","floor":13.0,"key":"SMITH"},{"data":"Bash","floor":15.0,"key":"SMITH"}],"neow_cost":"NONE","seed_source_timestamp":1474209408773331,"circlet_count":0,"master_deck":["AscendersBane","Strike_R","Strike_R","Strike_R","Strike_R","Defend_R","Defend_R","Defend_R","Defend_R","Bash+1","True Grit+1","Power Through","Immolate+1","Second Wind","Disarm","Shrug It Off+1","Limit Break+1"],"special_seed":0,"relics":["Burning Blood","Toxic Egg 2","Kunai","Matryoshka"],"potions_floor_usage":[],"damage_taken":[{"damage":2.0,"enemies":"2 Louse","floor":1.0,"turns":3.0},{"damage":23.0,"enemies":"Small Slimes","floor":2.0,"turns":7.0},{"damage":1.0,"enemies":"Cultist","floor":3.0,"turns":4.0},{"damage":10.0,"enemies":"3 Sentries","floor":7.0,"turns":6.0},{"damage":8.0,"enemies":"Blue Slaver","floor":8.0,"turns":4.0},{"damage":4.0,"enemies":"Gremlin Nob","floor":10.0,"turns":3.0},{"damage":39.0,"enemies":"Gremlin Nob","floor":11.0,"turns":5.0},{"damage":0.0,"enemies":"Looter","floor":12.0,"turns":4.0},{"damage":30,"enemies":"Hexaghost","floor":16,"turns":11}],"seed_played":"594853221141114813","potions_obtained":[{"floor":2.0,"key":"PowerPotion"},{"floor":7.0,"key":"Explosive Potion"},{"floor":8.0,"key":"Fire Potion"},{"floor":10.0,"key":"EssenceOfSteel"}],"is_trial":false,"path_per_floor":["M","M","M","?","$","R","E","M","T","E","?","M","R","?","R","B"],"character_chosen":"IRONCLAD","items_purchased":["Immolate","Second Wind","Fire Potion"],"campfire_rested":0,"item_purchase_floors":[5,5,5],"current_hp_per_floor":[72,55,60,60,60,60,56,54,54,56,23,29,29,29,29,0],"gold":255,"neow_bonus":"HUNDRED_GOLD","is_prod":false,"is_daily":false,"chose_seed":false,"campfire_upgraded":3,"win_rate":0,"timestamp":1557630069,"path_taken":["M","M","M","?","$","R","E","M","T","E","?","M","R","?","R","BOSS"],"build_version":"2019-01-23","purchased_purges":1,"victory":false,"max_hp_per_floor":[75,75,75,75,75,75,75,75,75,75,75,75,75,75,75,75],"card_choices":[{"not_picked":["Warcry","Clash"],"picked":"True Grit","floor":2.0},{"not_picked":["Flame Barrier","Heavy Blade"],"picked":"Power Through","floor":3.0},{"not_picked":["Ghostly Armor","Demon Form"],"picked":"Disarm","floor":7.0},{"not_picked":["Metallicize","Intimidate","Warcry"],"picked":"SKIP","floor":8.0},{"not_picked":["Searing Blow","Clothesline"],"picked":"Shrug It Off+1","floor":10.0},{"not_picked":["Twin Strike","Headbutt"],"picked":"Limit Break+1","floor":12.0}],"player_experience":1938931,"relics_obtained":[{"floor":9.0,"key":"Toxic Egg 2"},{"floor":10.0,"key":"Kunai"},{"floor":11.0,"key":"Matryoshka"}],"event_choices":[{"damage_healed":0.0,"max_hp_gain":0.0,"max_hp_loss":0.0,"gold_gain":150.0,"event_name":"Liars Game","player_choice":"AGREE","floor":4.0,"gold_loss":0.0,"damage_taken":0.0,"cards_obtained":["Doubt"]},{"damage_healed":0.0,"max_hp_gain":0.0,"max_hp_loss":0.0,"gold_gain":0.0,"event_name":"Dead Adventurer","player_choice":"Searched \u00271\u0027 times","floor":11.0,"gold_loss":0.0,"damage_taken":0.0},{"cards_removed":["Strike_R"],"damage_healed":0.0,"max_hp_gain":0.0,"max_hp_loss":0.0,"gold_gain":0.0,"event_name":"Purifier","player_choice":"Purged","floor":14.0,"gold_loss":0.0,"damage_taken":0.0}],"is_beta":false,"boss_relics":[],"items_purged_floors":[5],"is_endless":false,"potions_floor_spawned":[2,7,8,10],"killed_by":"Hexaghost","ascension_level":20}