{"gold_per_floor":[113,60,60,71,71,71,132,132,159,159,177,252,278,288,288,367,367,384,396,6,24,24,24,56,76,76,76,76,126,152,165,165,242,242,257,36,36,36,85,85,0,35,106,120,130,161,161,175,175,175,175,175,175,19,52,52],"floor_reached":57,"playtime":4221,"items_purged":["Berserk","Thunderclap"],"score":3492,"play_id":"ece641d7-cdae-427c-a86f-b3d97db0e0af","local_time":"20190226012108","is_ascension_mode":true,"campfire_choices":[{"data":"Body Slam","floor":6.0,"key":"SMITH"},{"data":"Inflame","floor":8.0,"key":"SMITH"},{"data":"Sword Boomerang","floor":15.0,"key":"SMITH"},{"data":"Ghostly","floor":23.0,"key":"SMITH"},{"data":"Dark Embrace","floor":32.0,"key":"SMITH"},{"data":"Bloodletting","floor":40.0,"key":"SMITH"},{"data":"Evolve","floor":47.0,"key":"SMITH"},{"floor":49.0,"key":"RECALL"},{"data":"Demon Form","floor":53.0,"key":"SMITH"}],"neow_cost":"PERCENT_DAMAGE","seed_source_timestamp":436198535480361,"circlet_count":0,"master_deck":["AscendersBane","Bash+1","Inflame+1","Body Slam+1","Feed","Sword Boomerang+1","Shrug It Off","Evolve+1","Reaper","Havoc","Battle Trance","Demon Form+1","Dark Embrace+1","Wild Strike","Shrug It Off","Pummel","Flash of Steel","Ghostly+1","Ghostly","Ghostly","Shockwave","Offering","Offering","Bloodletting+1","Impervious"],"special_seed":0,"relics":["Burning Blood","Bottled Tornado","PreservedInsect","Whetstone","Pandora\u0027s Box","Strange Spoon","Potion Belt","Incense Burner","Gremlin Horn","Shuriken","Mark of Pain","Medical Kit","Magic Flower","Red Mask","Omamori","Torii","Du-Vu Doll"],"potions_floor_usage":[56,56,56],"damage_taken":[{"damage":1.0,"enemies":"Cultist","floor":1.0,"turns":3.0},{"damage":9.0,"enemies":"Jaw Worm","floor":4.0,"turns":5.0},{"damage":31.0,"enemies":"Gremlin Nob","floor":7.0,"turns":4.0},{"damage":1.0,"enemies":"2 Louse","floor":11.0,"turns":2.0},{"damage":4.0,"enemies":"Gremlin Nob","floor":13.0,"turns":3.0},{"damage":0.0,"enemies":"Large Slime","floor":14.0,"turns":4.0},{"damage":35.0,"enemies":"Hexaghost","floor":16.0,"turns":8.0},{"damage":58.0,"enemies":"3 Byrds","floor":18.0,"turns":5.0},{"damage":14.0,"enemies":"2 Thieves","floor":19.0,"turns":3.0},{"damage":24.0,"enemies":"Snake Plant","floor":21.0,"turns":3.0},{"damage":7.0,"enemies":"Gremlin Leader","floor":24.0,"turns":9.0},{"damage":4.0,"enemies":"Centurion and Healer","floor":25.0,"turns":7.0},{"damage":2.0,"enemies":"Book of Stabbing","floor":30.0,"turns":4.0},{"damage":5.0,"enemies":"Chosen and Byrds","floor":31.0,"turns":6.0},{"damage":36.0,"enemies":"Collector","floor":33.0,"turns":10.0},{"damage":12.0,"enemies":"3 Darklings","floor":35.0,"turns":3.0},{"damage":9.0,"enemies":"2 Orb Walkers","floor":39.0,"turns":4.0},{"damage":51.0,"enemies":"Reptomancer","floor":42.0,"turns":4.0},{"damage":52.0,"enemies":"3 Shapes","floor":44.0,"turns":4.0},{"damage":9.0,"enemies":"Transient","floor":45.0,"turns":6.0},{"damage":2.0,"enemies":"Nemesis","floor":46.0,"turns":5.0},{"damage":21.0,"enemies":"3 Darklings","floor":48.0,"turns":5.0},{"damage":29.0,"enemies":"Awakened One","floor":50.0,"turns":8.0},{"damage":5.0,"enemies":"Time Eater","floor":51.0,"turns":8.0},{"damage":10.0,"enemies":"Shield and Spear","floor":55.0,"turns":8.0},{"damage":22,"enemies":"The Heart","floor":56,"turns":7}],"seed_played":"1414200605467551375","potions_obtained":[{"floor":1.0,"key":"Energy Potion"},{"floor":13.0,"key":"EntropicBrew"},{"floor":16.0,"key":"SteroidPotion"},{"floor":18.0,"key":"FearPotion"},{"floor":21.0,"key":"EssenceOfSteel"},{"floor":25.0,"key":"Block Potion"},{"floor":35.0,"key":"Regen Potion"},{"floor":44.0,"key":"EssenceOfSteel"},{"floor":46.0,"key":"SpeedPotion"},{"floor":55.0,"key":"SkillPotion"}],"is_trial":false,"path_per_floor":["M","$","$","M","?","R","?","R","T","?","M","?","E","M","R","B",null,"M","M","$","M","?","R","E","M","T","?","T","?","E","M","R","B",null,"M","$","?","?","?","R","?","E","T","M","M","E","R","M","R","B","B",null,"R","$","E","B",null],"character_chosen":"IRONCLAD","items_purchased":["Body Slam","Strange Spoon","Flash of Steel","Medical Kit","SkillPotion"],"campfire_rested":0,"item_purchase_floors":[2,20,20,36,54],"current_hp_per_floor":[55,55,55,52,52,52,27,27,27,27,35,24,29,38,38,27,72,38,40,40,29,29,29,46,49,49,49,49,49,49,52,52,52,52,55,55,55,55,61,61,61,61,61,61,61,61,61,60,60,70,70,70,70,70,73,73],"gold":52,"neow_bonus":"TRANSFORM_TWO_CARDS","is_prod":false,"is_daily":false,"chose_seed":false,"campfire_upgraded":8,"win_rate":0,"timestamp":1551115268,"path_taken":["M","?","$","M","?","R","?","R","T","?","M","?","E","M","R","BOSS","M","M","$","M","?","R","E","M","T","?","?","?","E","M","R","BOSS","M","$","?","?","?","R","?","E","T","M","M","E","R","M","R","BOSS","BOSS","R","$","E","BOSS"],"build_version":"2019-01-23","purchased_purges":2,"victory":true,"max_hp_per_floor":[75,75,75,75,75,75,75,75,75,75,78,78,81,84,84,87,87,90,93,93,93,46,46,46,49,49,49,49,49,49,52,52,52,52,55,55,55,55,61,61,61,61,61,61,61,61,61,64,64,70,70,70,70,70,73,73],"card_choices":[{"not_picked":["Rupture","Heavy Blade"],"picked":"Inflame","floor":1.0},{"not_picked":["Flex","Havoc"],"picked":"Pommel Strike","floor":4.0},{"not_picked":["Havoc","Pommel Strike"],"picked":"Feed","floor":7.0},{"not_picked":["Sever Soul","Pommel Strike"],"picked":"Sword Boomerang","floor":11.0},{"not_picked":["True Grit","Warcry"],"picked":"Shrug It Off","floor":13.0},{"not_picked":["Twin Strike","Reaper"],"picked":"Evolve","floor":14.0},{"not_picked":["Fiend Fire","Dark Embrace"],"picked":"Reaper","floor":16.0},{"not_picked":["Battle Trance","Armaments"],"picked":"Shrug It Off","floor":18.0},{"not_picked":["Havoc","Dropkick"],"picked":"Pummel","floor":19.0},{"not_picked":["Blood for Blood","Sever Soul","Cleave"],"picked":"SKIP","floor":21.0},{"not_picked":["Body Slam+1","Carnage"],"picked":"Shockwave","floor":24.0},{"not_picked":["Feel No Pain","Rupture","Warcry"],"picked":"SKIP","floor":25.0},{"not_picked":["Flex","Havoc+1","Feed"],"picked":"SKIP","floor":30.0},{"not_picked":["Fire Breathing","Entrench","Clothesline"],"picked":"SKIP","floor":31.0},{"not_picked":["Double Tap","Bludgeon"],"picked":"Offering","floor":33.0},{"not_picked":["Clash","Whirlwind+1","Pummel"],"picked":"SKIP","floor":35.0},{"not_picked":["Clash","Whirlwind+1","Pummel"],"picked":"SKIP","floor":35.0},{"not_picked":["Warcry","Shockwave+1"],"picked":"Bloodletting","floor":39.0},{"not_picked":["Warcry","Seeing Red","Rampage"],"picked":"SKIP","floor":42.0},{"not_picked":["Warcry","Seeing Red","Rampage"],"picked":"SKIP","floor":42.0},{"not_picked":["Iron Wave","Rage","Uppercut+1"],"picked":"SKIP","floor":44.0},{"not_picked":["Iron Wave","Twin Strike","Wild Strike"],"picked":"SKIP","floor":45.0},{"not_picked":["Havoc+1","Clothesline+1","Headbutt"],"picked":"SKIP","floor":46.0},{"not_picked":["True Grit","Perfected Strike"],"picked":"Impervious","floor":48.0},{"not_picked":["Wild Strike","Infernal Blade","Rampage+1"],"picked":"SKIP","floor":55.0}],"player_experience":1061253,"relics_obtained":[{"floor":7.0,"key":"Bottled Tornado"},{"floor":9.0,"key":"PreservedInsect"},{"floor":13.0,"key":"Whetstone"},{"floor":24.0,"key":"Potion Belt"},{"floor":26.0,"key":"Incense Burner"},{"floor":28.0,"key":"Gremlin Horn"},{"floor":30.0,"key":"Shuriken"},{"floor":39.0,"key":"Magic Flower"},{"floor":42.0,"key":"Omamori"},{"floor":46.0,"key":"Torii"},{"floor":55.0,"key":"Du-Vu Doll"}],"event_choices":[{"damage_healed":0.0,"max_hp_gain":0.0,"max_hp_loss":0.0,"gold_gain":0.0,"event_name":"The Cleric","player_choice":"Leave","floor":5.0,"gold_loss":0.0,"damage_taken":0.0},{"damage_healed":0.0,"max_hp_gain":0.0,"max_hp_loss":0.0,"gold_gain":0.0,"event_name":"Dead Adventurer","player_choice":"Searched \u00271\u0027 times","floor":7.0,"gold_loss":0.0,"damage_taken":0.0},{"damage_healed":0.0,"max_hp_gain":0.0,"max_hp_loss":0.0,"gold_gain":0.0,"event_name":"Shining Light","player_choice":"Ignored","floor":10.0,"gold_loss":0.0,"damage_taken":0.0},{"damage_healed":0.0,"max_hp_gain":0.0,"max_hp_loss":0.0,"gold_gain":75.0,"event_name":"World of Goop","player_choice":"Gather Gold","floor":12.0,"gold_loss":0.0,"damage_taken":11.0},{"damage_healed":0.0,"max_hp_gain":0.0,"max_hp_loss":47.0,"gold_gain":0.0,"event_name":"Ghosts","player_choice":"Became a Ghost","floor":22.0,"gold_loss":0.0,"damage_taken":0.0,"cards_obtained":["Ghostly","Ghostly","Ghostly"]},{"damage_healed":0.0,"max_hp_gain":0.0,"max_hp_loss":0.0,"gold_gain":0.0,"event_name":"The Library","player_choice":"Read","floor":27.0,"gold_loss":0.0,"damage_taken":0.0,"cards_obtained":["Offering"]},{"damage_healed":0.0,"max_hp_gain":0.0,"max_hp_loss":0.0,"gold_gain":50.0,"event_name":"Nest","player_choice":"Stole From Cult","floor":29.0,"gold_loss":0.0,"damage_taken":0.0},{"damage_healed":0.0,"max_hp_gain":0.0,"max_hp_loss":0.0,"gold_gain":0.0,"event_name":"SensoryStone","player_choice":"Memory 1","floor":37.0,"gold_loss":0.0,"damage_taken":0.0},{"cards_removed":["Pommel Strike"],"damage_healed":0.0,"max_hp_gain":0.0,"max_hp_loss":0.0,"gold_gain":0.0,"event_name":"Falling","player_choice":"Removed Attack","floor":38.0,"gold_loss":0.0,"damage_taken":0.0},{"damage_healed":0.0,"max_hp_gain":0.0,"max_hp_loss":0.0,"gold_gain":0.0,"event_name":"Mysterious Sphere","player_choice":"Fight","floor":39.0,"gold_loss":0.0,"damage_taken":0.0},{"damage_healed":0.0,"max_hp_gain":0.0,"max_hp_loss":0.0,"gold_gain":0.0,"event_name":"Tomb of Lord Red Mask","player_choice":"Paid","floor":41.0,"gold_loss":85.0,"damage_taken":0.0,"relics_obtained":["Red Mask"]}],"is_beta":false,"boss_relics":[{"not_picked":["Snecko Eye","White Beast Statue"],"picked":"Pandora\u0027s Box"},{"not_picked":["Busted Crown","Black Blood"],"picked":"Mark of Pain"}],"items_purged_floors":[20,54],"is_endless":false,"potions_floor_spawned":[1,13,16,18,21,25,35,44,46,55],"ascension_level":20}