{"gold_per_floor":[112,128,93,105,121,121,146,146,146,162,181,12,112,143,143,222,222,232,243,243,23,35,35,65,65,65,78,111,111,111,131,131,207,207,225,225,242,242],"floor_reached":38,"playtime":1404,"items_purged":["Strike_B"],"score":946,"play_id":"fc63feca-8557-46a7-9c78-11da1a11a159","local_time":"20180909181947","is_ascension_mode":true,"campfire_choices":[{"data":"Hologram","floor":6,"key":"SMITH"},{"floor":8,"key":"REST"},{"data":"Defragment","floor":15,"key":"SMITH"},{"floor":23,"key":"REST"},{"floor":25,"key":"REST"},{"data":"Capacitor","floor":29,"key":"SMITH"},{"floor":32,"key":"REST"}],"neow_cost":"NONE","seed_source_timestamp":19523633331201,"circlet_count":0,"master_deck":["Strike_B+1","Strike_B+1","Strike_B+1","Defend_B+1","Defend_B+1","Defend_B+1","Defend_B+1","Zap+1","Dualcast","AscendersBane","Leap","Cold Snap","Hologram+1","Compile Driver","Auto Shields","Self Repair","Defragment+1","Cold Snap","Go for the Eyes","Streamline","Electrodynamics","Defragment+1","Darkness+1","Capacitor+1","Barrage","Conserve Battery","Loop","Glacier","Loop","Glacier","Buffer","Consume+1","Injury","Cold Snap"],"relics":["Cracked Core","Singing Bowl","Question Card","Mercury Hourglass","Runic Dome","Darkstone Periapt","Ancient Tea Set","Turnip","Orrery"],"potions_floor_usage":[7,14,16,24,28],"damage_taken":[{"damage":6,"enemies":"2 Louse","floor":1,"turns":3},{"damage":2,"enemies":"Jaw Worm","floor":2,"turns":3},{"damage":0,"enemies":"Small Slimes","floor":4,"turns":2},{"damage":10,"enemies":"3 Louse","floor":5,"turns":4},{"damage":32,"enemies":"Gremlin Nob","floor":7,"turns":4},{"damage":5,"enemies":"Gremlin Gang","floor":10,"turns":5},{"damage":17,"enemies":"Lots of Slimes","floor":11,"turns":4},{"damage":2,"enemies":"Lagavulin","floor":14,"turns":7},{"damage":6,"enemies":"Hexaghost","floor":16,"turns":9},{"damage":7,"enemies":"3 Byrds","floor":18,"turns":4},{"damage":3,"enemies":"Chosen","floor":19,"turns":4},{"damage":43,"enemies":"Snake Plant","floor":22,"turns":4},{"damage":35,"enemies":"Book of Stabbing","floor":24,"turns":6},{"damage":20,"enemies":"Slaver and Parasite","floor":27,"turns":7},{"damage":0,"enemies":"Gremlin Leader","floor":28,"turns":6},{"damage":0,"enemies":"Sentry and Sphere","floor":31,"turns":4},{"damage":0,"enemies":"Champ","floor":33,"turns":14},{"damage":7,"enemies":"Orb Walker","floor":35,"turns":5},{"damage":25,"enemies":"Flame Bruiser 1 Orb","floor":37,"turns":6},{"damage":103,"enemies":"Transient","floor":38,"turns":5}],"seed_played":"2742125468680574837","potions_obtained":[{"floor":2,"key":"EssenceOfSteel"},{"floor":4,"key":"LiquidBronze"},{"floor":5,"key":"Strength Potion"},{"floor":7,"key":"LiquidBronze"},{"floor":16,"key":"Energy Potion"},{"floor":19,"key":"AttackPotion"},{"floor":33,"key":"Poison Potion"}],"is_trial":false,"path_per_floor":["M","M","?","M","M","R","E","R","T","M","M","$","?","E","R","B",null,"M","M","?","$","M","R","E","R","T","M","E","R","?","M","R","B",null,"M","?","M"],"character_chosen":"DEFECT","items_purchased":["Defragment","Cold Snap","Go for the Eyes","Capacitor","Barrage","Conserve Battery"],"campfire_rested":4,"item_purchase_floors":[12,12,12,21,21,21],"current_hp_per_floor":[58,56,71,71,61,61,31,52,52,47,30,30,30,35,35,36,64,64,61,61,61,25,46,18,39,39,28,35,35,35,42,64,71,82,84,90,72,0],"gold":242,"neow_bonus":"UPGRADE_CARD","is_prod":false,"is_daily":false,"chose_seed":false,"campfire_upgraded":3,"win_rate":0,"timestamp":1536527987,"path_taken":["M","M","?","M","M","R","E","R","T","M","M","$","?","E","R","BOSS","M","M","?","$","M","R","E","R","T","M","E","R","?","?","R","BOSS","M","?","M","M"],"build_version":"2018-07-12","purchased_purges":1,"victory":false,"max_hp_per_floor":[71,71,71,71,71,71,73,73,73,73,73,73,73,73,73,73,73,73,73,73,73,73,73,73,73,73,75,75,75,75,75,75,75,83,85,91,91,91],"card_choices":[{"not_picked":["Compile Driver","Gash"],"picked":"Leap","floor":1},{"not_picked":["Turbo","BootSequence"],"picked":"Cold Snap","floor":2},{"not_picked":["Steam","Self Repair"],"picked":"Hologram","floor":4},{"not_picked":["Static Discharge","Turbo"],"picked":"Compile Driver","floor":5},{"not_picked":["Skim","Gash","Compile Driver"],"picked":"Singing Bowl","floor":7},{"not_picked":["Leap","Reboot","Hologram"],"picked":"Auto Shields","floor":10},{"not_picked":["Sweeping Beam","Redo","Beam Cell"],"picked":"Self Repair","floor":11},{"not_picked":["Aggregate","Skim","Chill"],"picked":"Streamline","floor":14},{"not_picked":["Hyperbeam","Echo Form","Seek"],"picked":"Electrodynamics","floor":16},{"not_picked":["Compile Driver","Gash","Steam"],"picked":"Defragment+1","floor":18},{"not_picked":["Streamline","Go for the Eyes","Stack"],"picked":"Darkness+1","floor":19},{"not_picked":["Redo","Conserve Battery","Undo"],"picked":"Loop","floor":22},{"not_picked":["Seek","Double Energy","Compile Driver+1"],"picked":"Glacier","floor":24},{"not_picked":["Leap","Steam","Skim","Hello World"],"picked":"Singing Bowl","floor":27},{"not_picked":["BootSequence","Sweeping Beam","Chaos"],"picked":"Loop","floor":28},{"not_picked":["Gash","Rebound+1","Melter+1"],"picked":"Glacier","floor":31},{"not_picked":["Creative AI","Thunder Strike","Hyperbeam"],"picked":"Buffer","floor":33},{"not_picked":["Static Discharge","Steam","Coolheaded","Turbo"],"picked":"Singing Bowl","floor":34},{"not_picked":["Reinforced Body","Turbo","Self Repair","Barrage"],"picked":"Singing Bowl","floor":34},{"not_picked":["Beam Cell","Streamline","Darkness","Hologram"],"picked":"Singing Bowl","floor":34},{"not_picked":["Redo","Hello World","Skim"],"picked":"Consume","floor":34},{"not_picked":["Fusion+1","Thunder Strike","Sweeping Beam","Scrape"],"picked":"Singing Bowl","floor":34},{"not_picked":["Streamline","FTL","Rip and Tear","Storm"],"picked":"Singing Bowl","floor":35},{"not_picked":["Static Discharge","Self Repair","Go for the Eyes"],"picked":"Cold Snap","floor":37}],"player_experience":833693,"relics_obtained":[{"floor":7,"key":"Singing Bowl"},{"floor":9,"key":"Question Card"},{"floor":14,"key":"Mercury Hourglass"},{"floor":24,"key":"Darkstone Periapt"},{"floor":26,"key":"Ancient Tea Set"},{"floor":28,"key":"Turnip"}],"event_choices":[{"event_name":"The Cleric","player_choice":"Healed","floor":3,"damage_taken":0},{"event_name":"Wheel of Change","player_choice":"Gold","floor":13,"damage_taken":0},{"event_name":"Drug Dealer","player_choice":"Ignored","floor":20,"damage_taken":0},{"event_name":"Back to Basics","player_choice":"Simplicity","floor":30,"damage_taken":0},{"event_name":"Accursed Blacksmith","player_choice":"Forge","floor":36,"damage_taken":0}],"boss_relics":[{"not_picked":["FrozenCore","Busted Crown"],"picked":"Runic Dome"},{"not_picked":["Tiny House","Fusion Hammer"],"picked":"Orrery"}],"items_purged_floors":[21],"is_endless":false,"potions_floor_spawned":[2,4,5,7,11,16,19,22,33],"killed_by":"Transient","ascension_level":15}