{"gold_per_floor":[114,134,152,163,174,174,197,197,197,40,55,55,68,82,82,184,184,198,198,54,70,90,90,90,90,114,128,148,148,162,176,176,176],"floor_reached":33,"playtime":3237,"items_purged":["Strike_G"],"score":245,"play_id":"45680ff4-ea5c-434c-8305-dc018a953eb8","local_time":"20190513014030","is_ascension_mode":false,"campfire_choices":[{"floor":6,"key":"REST"},{"floor":8,"key":"REST"},{"floor":15,"key":"REST"},{"floor":23,"key":"REST"},{"floor":25,"key":"REST"},{"floor":29,"key":"REST"},{"floor":32,"key":"REST"}],"neow_cost":"NONE","seed_source_timestamp":624055895405900,"circlet_count":0,"master_deck":["Defend_G","Defend_G","Defend_G","Defend_G","Defend_G","Strike_G","Strike_G","Strike_G","Survivor","Neutralize+1","Deadly Poison","Glass Knife","Poisoned Stab","PiercingWail","Skewer","Deadly Poison","Well Laid Plans","Poisoned Stab","Backflip","After Image","Deadly Poison","Catalyst","Dodge and Roll","Dodge and Roll+1","Noxious Fumes"],"relics":["Ring of the Snake","Odd Mushroom","Ginger","Pen Nib","Black Star","CultistMask","Vajra"],"potions_floor_usage":[4,16,16,22,27,27,30,33],"damage_taken":[{"damage":0,"enemies":"2 Louse","floor":1,"turns":3},{"damage":5,"enemies":"Jaw Worm","floor":2,"turns":6},{"damage":1,"enemies":"Cultist","floor":3,"turns":4},{"damage":11,"enemies":"Lots of Slimes","floor":4,"turns":2},{"damage":0,"enemies":"2 Fungi Beasts","floor":5,"turns":3},{"damage":20,"enemies":"The Mushroom Lair","floor":7,"turns":6},{"damage":13,"enemies":"Gremlin Gang","floor":11,"turns":6},{"damage":0,"enemies":"3 Louse","floor":13,"turns":3},{"damage":1,"enemies":"2 Fungi Beasts","floor":14,"turns":4},{"damage":7,"enemies":"Slime Boss","floor":16,"turns":8},{"damage":11,"enemies":"Spheric Guardian","floor":18,"turns":5},{"damage":16,"enemies":"3 Byrds","floor":21,"turns":8},{"damage":18,"enemies":"Sentry and Sphere","floor":22,"turns":4},{"damage":21,"enemies":"Cultist and Chosen","floor":27,"turns":7},{"damage":16,"enemies":"Centurion and Healer","floor":28,"turns":8},{"damage":17,"enemies":"Snecko","floor":30,"turns":6},{"damage":10,"enemies":"Snake Plant","floor":31,"turns":4},{"damage":40,"enemies":"Champ","floor":33,"turns":9}],"seed_played":"7115499852347843751","potions_obtained":[{"floor":3,"key":"Explosive Potion"},{"floor":7,"key":"AttackPotion"},{"floor":13,"key":"GamblersBrew"},{"floor":14,"key":"Explosive Potion"},{"floor":16,"key":"SteroidPotion"},{"floor":21,"key":"Energy Potion"},{"floor":22,"key":"Strength Potion"},{"floor":30,"key":"Poison Potion"}],"is_trial":false,"path_per_floor":["M","M","M","M","M","R","?","R","T","$","M","?","M","M","R","B",null,"M","?","$","M","M","R","?","R","T","M","M","R","M","M","R","B"],"character_chosen":"THE_SILENT","items_purchased":["Pen Nib","Catalyst"],"campfire_rested":7,"item_purchase_floors":[10,20],"current_hp_per_floor":[70,65,64,53,53,70,50,70,70,70,57,57,57,56,70,63,70,59,59,59,43,25,46,33,55,55,34,18,40,23,13,35,0],"gold":176,"neow_bonus":"REMOVE_CARD","is_prod":false,"is_daily":false,"chose_seed":false,"campfire_upgraded":0,"win_rate":0.0,"timestamp":1557726030,"path_taken":["M","M","M","M","M","R","?","R","T","$","M","?","?","?","R","BOSS","M","?","$","?","?","R","?","R","T","M","M","R","M","M","R","BOSS"],"build_version":"2019-01-23","purchased_purges":1,"victory":false,"max_hp_per_floor":[70,70,70,70,70,70,70,70,70,70,70,70,70,70,70,70,70,70,70,70,70,70,70,75,75,75,75,75,75,75,75,75,75],"card_choices":[{"not_picked":["Prepared","Deflect"],"picked":"Deadly Poison","floor":1},{"not_picked":["Cloak And Dagger","Blur"],"picked":"Glass Knife","floor":2},{"not_picked":["Outmaneuver","Predator"],"picked":"Poisoned Stab","floor":3},{"not_picked":["Choke","Sucker Punch"],"picked":"PiercingWail","floor":4},{"not_picked":["Footwork","Blade Dance"],"picked":"Skewer","floor":5},{"not_picked":["Predator","Expertise"],"picked":"Deadly Poison","floor":7},{"not_picked":["Crippling Poison","Slice"],"picked":"Well Laid Plans","floor":11},{"not_picked":["Cloak And Dagger","Caltrops"],"picked":"Poisoned Stab","floor":13},{"not_picked":["Quick Slash","PiercingWail"],"picked":"Backflip","floor":14},{"not_picked":["Envenom","Bullet Time"],"picked":"After Image","floor":16},{"not_picked":["Slice","Quick Slash"],"picked":"Deadly Poison","floor":18},{"not_picked":["Backflip","Slice","Accuracy"],"picked":"SKIP","floor":21},{"not_picked":["Blade Dance+1","Tactician","Prepared+1"],"picked":"SKIP","floor":22},{"not_picked":["Underhanded Strike+1","Acrobatics"],"picked":"Dodge and Roll","floor":27},{"not_picked":["Heel Hook","Underhanded Strike"],"picked":"Dodge and Roll+1","floor":28},{"not_picked":["Riddle With Holes","All Out Attack"],"picked":"Noxious Fumes","floor":30},{"not_picked":["Calculated Gamble","Eviscerate","Acrobatics+1"],"picked":"SKIP","floor":31}],"player_experience":83940,"relics_obtained":[{"floor":7,"key":"Odd Mushroom"},{"floor":9,"key":"Ginger"},{"floor":26,"key":"Vajra"}],"event_choices":[{"damage_healed":0,"gold_gain":0,"player_choice":"Fought Mushrooms","damage_taken":0,"max_hp_gain":0,"max_hp_loss":0,"event_name":"Mushrooms","floor":7,"gold_loss":0},{"damage_healed":0,"gold_gain":0,"player_choice":"Upgraded","damage_taken":0,"max_hp_gain":0,"max_hp_loss":0,"event_name":"Upgrade Shrine","floor":12,"gold_loss":0,"cards_upgraded":["Neutralize"]},{"damage_healed":0,"gold_gain":0,"player_choice":"Trade","damage_taken":0,"relics_obtained":["CultistMask"],"max_hp_gain":0,"max_hp_loss":0,"event_name":"FaceTrader","floor":19,"gold_loss":0},{"damage_healed":0,"gold_gain":0,"player_choice":"Shed Blood","damage_taken":18,"max_hp_gain":5,"max_hp_loss":0,"event_name":"Forgotten Altar","floor":24,"gold_loss":0}],"is_beta":false,"boss_relics":[{"not_picked":["Ectoplasm","Sozu"],"picked":"Black Star"}],"items_purged_floors":[20],"is_endless":false,"potions_floor_spawned":[3,7,13,14,16,21,22,30],"killed_by":"Champ","ascension_level":0}