{"gold_per_floor":[118,133,133,147,117,117,131,206,231,251,125,125,154,172,172,272,272,272,272,197,197,14,14,14,14,14,14,14,14,14,14,14,14,14,14,0,0,0,0,0,0,0,0,0,0,0,0,0,0,0],"floor_reached":51,"playtime":4259,"items_purged":["Strike_G","Defend_G"],"score":637,"play_id":"5f00291c-c07a-4dd6-b3ea-472888c56290","local_time":"20190421220617","is_ascension_mode":false,"campfire_choices":[{"data":"A Thousand Cuts","floor":6,"key":"SMITH"},{"floor":12,"key":"REST"},{"floor":15,"key":"REST"},{"data":"Neutralize","floor":23,"key":"SMITH"},{"floor":25,"key":"REST"},{"data":"Noxious Fumes","floor":32,"key":"SMITH"},{"floor":40,"key":"REST"},{"data":"Discovery","floor":45,"key":"SMITH"},{"floor":49,"key":"REST"}],"neow_cost":"NONE","seed_source_timestamp":2472115391912,"circlet_count":0,"master_deck":["Defend_G","Defend_G","Defend_G","Survivor","Neutralize+1","Cloak And Dagger","A Thousand Cuts+1","Noxious Fumes+1","Caltrops","Deadly Poison","Deadly Poison","Deadly Poison","Burst","Skewer+1","Deflect+1","Jack Of All Trades","PiercingWail+1","Bite","Bite","Bite","Bite","Backstab+1","Flying Knee","Discovery+1","A Thousand Cuts","Poisoned Stab","Quick Slash+1","Deflect+1","Distraction+1","Backflip","Dodge and Roll+1"],"relics":["Ring of the Serpent","Orichalcum","Odd Mushroom","Ectoplasm","Juzu Bracelet","Omamori","Red Mask","Centennial Puzzle","Shuriken"],"potions_floor_usage":[13,16,16,33,38,38,50,50],"damage_taken":[{"damage":4,"enemies":"Cultist","floor":1,"turns":5},{"damage":3,"enemies":"2 Louse","floor":2,"turns":5},{"damage":0,"enemies":"Small Slimes","floor":4,"turns":4},{"damage":0,"enemies":"Looter","floor":5,"turns":4},{"damage":6,"enemies":"Blue Slaver","floor":7,"turns":5},{"damage":18,"enemies":"Gremlin Gang","floor":10,"turns":4},{"damage":24,"enemies":"The Mushroom Lair","floor":13,"turns":3},{"damage":16,"enemies":"3 Louse","floor":14,"turns":3},{"damage":33,"enemies":"The Guardian","floor":16,"turns":9},{"damage":4,"enemies":"Shell Parasite","floor":18,"turns":6},{"damage":15,"enemies":"Chosen","floor":19,"turns":5},{"damage":22,"enemies":"Centurion and Healer","floor":24,"turns":6},{"damage":7,"enemies":"Chosen and Byrds","floor":29,"turns":5},{"damage":33,"enemies":"Collector","floor":33,"turns":9},{"damage":3,"enemies":"3 Shapes","floor":35,"turns":3},{"damage":9,"enemies":"Orb Walker","floor":37,"turns":3},{"damage":43,"enemies":"Spire Growth","floor":38,"turns":6},{"damage":12,"enemies":"Maw","floor":44,"turns":7},{"damage":26,"enemies":"Jaw Worm Horde","floor":46,"turns":5},{"damage":1,"enemies":"Sphere and 2 Shapes","floor":48,"turns":4},{"damage":36,"enemies":"Donu and Deca","floor":50,"turns":7}],"seed_played":"-7398686761637001002","potions_obtained":[{"floor":4,"key":"Regen Potion"},{"floor":7,"key":"LiquidBronze"},{"floor":10,"key":"Explosive Potion"},{"floor":18,"key":"GamblersBrew"},{"floor":24,"key":"GamblersBrew"},{"floor":29,"key":"PowerPotion"},{"floor":33,"key":"Poison Potion"},{"floor":37,"key":"Dexterity Potion"},{"floor":38,"key":"AttackPotion"}],"is_trial":false,"path_per_floor":["M","M","?","M","M","R","M","?","T","M","$","R","?","M","R","B",null,"M","M","?","?","$","R","M","R","T","?","T","M","?","?","R","B",null,"M","?","M","M","?","R","?","?","T","M","R","M","T","M","R","B",null],"character_chosen":"THE_SILENT","items_purchased":["Deadly Poison","Jack Of All Trades"],"campfire_rested":5,"item_purchase_floors":[11,22],"current_hp_per_floor":[73,70,63,63,63,63,57,46,46,28,28,51,27,11,34,16,77,73,58,58,58,58,58,36,59,59,53,53,48,48,48,48,33,53,52,52,49,12,12,27,27,40,40,42,42,22,22,27,42,14],"gold":0,"neow_bonus":"TEN_PERCENT_HP_BONUS","is_prod":false,"is_daily":false,"chose_seed":false,"campfire_upgraded":4,"win_rate":0,"timestamp":1555905977,"path_taken":["M","M","?","M","M","R","M","?","T","M","$","R","?","M","R","BOSS","M","M","?","?","$","R","M","R","T","?","?","M","?","?","R","BOSS","M","?","M","M","?","R","?","?","T","M","R","M","?","M","R","BOSS"],"build_version":"2019-01-23","purchased_purges":2,"victory":true,"max_hp_per_floor":[77,77,77,77,77,77,77,77,77,77,77,77,77,77,77,77,77,77,77,77,77,77,77,77,77,77,53,53,53,53,53,53,53,53,53,53,53,53,53,53,53,53,53,53,53,53,53,53,53,53],"card_choices":[{"not_picked":["Slice","Expertise","Accuracy"],"picked":"SKIP","floor":1},{"not_picked":["Outmaneuver","Heel Hook"],"picked":"Cloak And Dagger","floor":2},{"not_picked":["Outmaneuver","Dagger Spray"],"picked":"A Thousand Cuts","floor":4},{"not_picked":["Bane","Flying Knee"],"picked":"Noxious Fumes","floor":5},{"not_picked":["Expertise","Flying Knee","Underhanded Strike"],"picked":"SKIP","floor":7},{"not_picked":["Choke","Flying Knee"],"picked":"Caltrops","floor":10},{"not_picked":["Sucker Punch","Bane"],"picked":"Deadly Poison","floor":13},{"not_picked":["Backflip","Dagger Throw"],"picked":"Deadly Poison","floor":14},{"not_picked":["Wraith Form v2","Grand Finale"],"picked":"Burst","floor":16},{"not_picked":["Flying Knee","Dodge and Roll"],"picked":"Skewer+1","floor":18},{"not_picked":["Outmaneuver","Flying Knee"],"picked":"Deflect+1","floor":19},{"not_picked":["Expertise","Bane"],"picked":"PiercingWail+1","floor":24},{"not_picked":["Bane","Flechettes+1"],"picked":"Backstab+1","floor":29},{"not_picked":["Wraith Form v2","Glass Knife"],"picked":"A Thousand Cuts","floor":33},{"not_picked":["Backflip","Dagger Spray+1"],"picked":"Poisoned Stab","floor":35},{"not_picked":["Deadly Poison","Underhanded Strike+1"],"picked":"Quick Slash+1","floor":37},{"not_picked":["Caltrops","Acrobatics+1"],"picked":"Deflect+1","floor":38},{"not_picked":["Acrobatics+1","PiercingWail"],"picked":"Distraction+1","floor":44},{"not_picked":["Dagger Spray","Flying Knee"],"picked":"Backflip","floor":46},{"not_picked":["Expertise","Poisoned Stab+1"],"picked":"Dodge and Roll+1","floor":48}],"player_experience":1277397,"relics_obtained":[{"floor":9,"key":"Orichalcum"},{"floor":13,"key":"Odd Mushroom"},{"floor":26,"key":"Juzu Bracelet"},{"floor":28,"key":"Omamori"},{"floor":43,"key":"Centennial Puzzle"},{"floor":47,"key":"Shuriken"}],"event_choices":[{"cards_removed":["Strike_G"],"damage_healed":0,"gold_gain":0,"player_choice":"Card Removal","damage_taken":7,"max_hp_gain":0,"max_hp_loss":0,"event_name":"Golden Wing","floor":3,"gold_loss":0},{"damage_healed":0,"gold_gain":75,"player_choice":"Gather Gold","damage_taken":11,"max_hp_gain":0,"max_hp_loss":0,"event_name":"World of Goop","floor":8,"gold_loss":0},{"damage_healed":0,"gold_gain":0,"player_choice":"Fought Mushrooms","damage_taken":0,"max_hp_gain":0,"max_hp_loss":0,"event_name":"Mushrooms","floor":13,"gold_loss":0},{"cards_removed":["Strike_G"],"damage_healed":0,"gold_gain":0,"player_choice":"Gave Gold","damage_taken":0,"max_hp_gain":0,"max_hp_loss":0,"event_name":"Beggar","floor":20,"gold_loss":75},{"damage_healed":0,"gold_gain":99,"player_choice":"Stole From Cult","damage_taken":0,"max_hp_gain":0,"max_hp_loss":0,"event_name":"Nest","floor":21,"gold_loss":0},{"damage_healed":0,"gold_gain":0,"player_choice":"Became a vampire","damage_taken":0,"max_hp_gain":0,"max_hp_loss":24,"event_name":"Vampires","floor":27,"gold_loss":0,"cards_obtained":["Bite","Bite","Bite","Bite","Bite"]},{"damage_healed":0,"gold_gain":0,"player_choice":"Copied","damage_taken":0,"max_hp_gain":0,"max_hp_loss":0,"event_name":"Duplicator","floor":30,"gold_loss":0,"cards_obtained":["Noxious Fumes"]},{"damage_healed":0,"gold_gain":0,"cards_transformed":["Defend_G","Bite"],"player_choice":"Became Test Subject","damage_taken":0,"max_hp_gain":0,"max_hp_loss":0,"event_name":"Drug Dealer","floor":31,"gold_loss":0,"cards_obtained":["Flying Knee","Discovery"]},{"damage_healed":0,"gold_gain":0,"player_choice":"Paid","damage_taken":0,"relics_obtained":["Red Mask"],"max_hp_gain":0,"max_hp_loss":0,"event_name":"Tomb of Lord Red Mask","floor":36,"gold_loss":14},{"cards_removed":["Noxious Fumes"],"damage_healed":0,"gold_gain":0,"player_choice":"Removed Power","damage_taken":0,"max_hp_gain":0,"max_hp_loss":0,"event_name":"Falling","floor":39,"gold_loss":0},{"damage_healed":0,"gold_gain":0,"player_choice":"Ignored","damage_taken":0,"max_hp_gain":0,"max_hp_loss":0,"event_name":"Mysterious Sphere","floor":41,"gold_loss":0},{"damage_healed":13,"gold_gain":0,"player_choice":"Writhe","damage_taken":0,"max_hp_gain":0,"max_hp_loss":0,"event_name":"Winding Halls","floor":42,"gold_loss":0,"cards_obtained":["Writhe"]}],"is_beta":false,"boss_relics":[{"not_picked":["White Beast Statue","Coffee Dripper"],"picked":"Ectoplasm"},{"not_picked":["Snecko Eye","Velvet Choker"],"picked":"Ring of the Serpent"}],"items_purged_floors":[11,22],"is_endless":false,"potions_floor_spawned":[4,7,10,18,24,29,33,37,38],"ascension_level":0}