{"gold_per_floor":[115,135,210,210,210,246,259,259,259,273,292,323,23,23,23,147,147,168,168,193,193],"floor_reached":21,"playtime":2239,"items_purged":[],"score":239,"play_id":"edf0b1d4-5c4a-4f26-8e09-7ca2ff1507c1","local_time":"20190428235442","is_ascension_mode":false,"campfire_choices":[{"data":"Footwork","floor":8,"key":"SMITH"},{"floor":15,"key":"REST"}],"neow_cost":"PERCENT_DAMAGE","seed_source_timestamp":3895294922015700,"circlet_count":0,"master_deck":["Defend_G","Defend_G","Defend_G","Defend_G","Defend_G","Strike_G+1","Strike_G","Strike_G","Strike_G+1","Strike_G","Survivor","Neutralize","Discovery","Good Instincts","Catalyst","Bane","Deadly Poison","Footwork+1","Backstab","Dodge and Roll","Sucker Punch","After Image","Bane","Sucker Punch"],"relics":["Ring of the Snake","Golden Idol","Darkstone Periapt","Whetstone","Snake Skull","Calipers","Velvet Choker","Nilry\u0027s Codex"],"potions_floor_usage":[6,18,18,21],"damage_taken":[{"damage":6,"enemies":"Jaw Worm","floor":1,"turns":5},{"damage":0,"enemies":"2 Louse","floor":2,"turns":3},{"damage":19,"enemies":"Lagavulin","floor":6,"turns":8},{"damage":0,"enemies":"Small Slimes","floor":7,"turns":4},{"damage":0,"enemies":"Looter","floor":10,"turns":4},{"damage":7,"enemies":"Blue Slaver","floor":11,"turns":2},{"damage":3,"enemies":"Gremlin Nob","floor":12,"turns":4},{"damage":0,"enemies":"Hexaghost","floor":16,"turns":11},{"damage":12,"enemies":"2 Thieves","floor":18,"turns":4},{"damage":6,"enemies":"Chosen","floor":20,"turns":7},{"damage":18,"enemies":"Colosseum Slavers","floor":21,"turns":5},{"damage":17,"enemies":"Colosseum Nobs","floor":21,"turns":3}],"seed_played":"-3257618925001965168","potions_obtained":[{"floor":2,"key":"AttackPotion"},{"floor":6,"key":"Explosive Potion"},{"floor":16,"key":"Poison Potion"},{"floor":20,"key":"Swift Potion"}],"is_trial":false,"path_per_floor":["M","M","?","?","?","E","M","R","T","M","M","E","$","?","R","B",null,"M","?","M","?"],"character_chosen":"THE_SILENT","items_purchased":["Calipers"],"campfire_rested":1,"item_purchase_floors":[13],"current_hp_per_floor":[43,43,32,32,53,34,34,34,34,34,27,24,24,24,43,43,65,53,37,31,0],"gold":193,"neow_bonus":"RANDOM_COLORLESS_2","is_prod":false,"is_daily":false,"chose_seed":false,"campfire_upgraded":1,"win_rate":0.0,"timestamp":1556510082,"path_taken":["M","M","?","?","?","E","M","R","T","M","M","E","?","?","R","BOSS","M","?","M","?"],"build_version":"2019-01-23","purchased_purges":0,"victory":false,"max_hp_per_floor":[70,70,70,65,65,65,65,65,65,65,65,65,65,65,65,65,65,65,65,65,65],"card_choices":[{"not_picked":["Predator","Outmaneuver"],"picked":"Catalyst","floor":1},{"not_picked":["Choke","Expertise"],"picked":"Bane","floor":2},{"not_picked":["Deflect","Terror"],"picked":"Deadly Poison","floor":6},{"not_picked":["Quick Slash","Tactician"],"picked":"Footwork","floor":7},{"not_picked":["Predator","Calculated Gamble"],"picked":"Backstab","floor":10},{"not_picked":["Slice","Dagger Throw"],"picked":"Dodge and Roll","floor":11},{"not_picked":["Bane","Expertise"],"picked":"Sucker Punch","floor":12},{"not_picked":["Unload","Adrenaline"],"picked":"After Image","floor":16},{"not_picked":["Flying Knee","Blade Dance+1"],"picked":"Bane","floor":18},{"not_picked":["Backflip","Predator"],"picked":"Sucker Punch","floor":20}],"player_experience":40682,"relics_obtained":[{"floor":6,"key":"Darkstone Periapt"},{"floor":9,"key":"Whetstone"},{"floor":12,"key":"Snake Skull"},{"floor":19,"key":"Nilry\u0027s Codex"}],"event_choices":[{"damage_healed":0,"gold_gain":75,"player_choice":"Gather Gold","damage_taken":11,"max_hp_gain":0,"max_hp_loss":0,"event_name":"World of Goop","floor":3,"gold_loss":0},{"damage_healed":0,"gold_gain":0,"player_choice":"Lose Max HP","damage_taken":0,"relics_obtained":["Golden Idol"],"max_hp_gain":0,"max_hp_loss":5,"event_name":"Golden Idol","floor":4,"gold_loss":0},{"damage_healed":21,"gold_gain":0,"player_choice":"Banana","damage_taken":0,"max_hp_gain":0,"max_hp_loss":0,"event_name":"Big Fish","floor":5,"gold_loss":0},{"damage_healed":0,"gold_gain":0,"player_choice":"Leave","damage_taken":0,"max_hp_gain":0,"max_hp_loss":0,"event_name":"The Cleric","floor":14,"gold_loss":0},{"damage_healed":0,"gold_gain":0,"player_choice":"Obtained Book","damage_taken":16,"max_hp_gain":0,"max_hp_loss":0,"event_name":"Cursed Tome","floor":19,"gold_loss":0},{"damage_healed":0,"gold_gain":0,"player_choice":"Fight","damage_taken":0,"max_hp_gain":0,"max_hp_loss":0,"event_name":"Colosseum","floor":21,"gold_loss":0},{"damage_healed":0,"gold_gain":0,"player_choice":"Fought Nobs","damage_taken":0,"max_hp_gain":0,"max_hp_loss":0,"event_name":"Colosseum","floor":21,"gold_loss":0}],"is_beta":false,"boss_relics":[{"not_picked":["Ectoplasm","Runic Dome"],"picked":"Velvet Choker"}],"items_purged_floors":[],"is_endless":false,"potions_floor_spawned":[2,6,16,20],"killed_by":"Colosseum Nobs","ascension_level":0}