{"gold_per_floor":[111,9,24,24,99,99,128,146,169,15,15,35,69,69,69,141,141,160,160,210,38,54,54,72,72,72,88,13,26,41,41],"floor_reached":31,"playtime":946,"items_purged":["Strike_R"],"score":490,"play_id":"98f136ce-1018-4627-ade4-25c120858b91","local_time":"20190306004142","is_ascension_mode":true,"campfire_choices":[{"data":"Limit Break","floor":6.0,"key":"SMITH"},{"data":"Armaments","floor":11.0,"key":"SMITH"},{"data":"Demon Form","floor":15.0,"key":"SMITH"},{"data":"True Grit","floor":23.0,"key":"SMITH"},{"data":"Pummel","floor":25.0,"key":"SMITH"}],"neow_cost":"TEN_PERCENT_HP_LOSS","seed_source_timestamp":393143935471329,"circlet_count":0,"master_deck":["AscendersBane","Strike_R","Defend_R","Defend_R","Defend_R","Defend_R+1","Bash","Limit Break+1","Pummel+1","Flash of Steel","Demon Form+1","Armaments+1","True Grit+1","Finesse","Feel No Pain","Flex+1","Offering+1","Power Through+1","Deep Breath+1","Entrench+1","Dual Wield+1"],"special_seed":0,"relics":["Burning Blood","Art of War","Potion Belt","War Paint","Toxic Egg 2","Empty Cage","The Courier"],"potions_floor_usage":[],"damage_taken":[{"damage":14.0,"enemies":"Jaw Worm","floor":1.0,"turns":4.0},{"damage":8.0,"enemies":"2 Louse","floor":3.0,"turns":3.0},{"damage":8.0,"enemies":"Gremlin Nob","floor":7.0,"turns":3.0},{"damage":1.0,"enemies":"Small Slimes","floor":8.0,"turns":3.0},{"damage":11.0,"enemies":"3 Louse","floor":12.0,"turns":5.0},{"damage":6.0,"enemies":"Lagavulin","floor":13.0,"turns":5.0},{"damage":33.0,"enemies":"The Guardian","floor":16.0,"turns":9.0},{"damage":25.0,"enemies":"Shell Parasite","floor":18.0,"turns":6.0},{"damage":24.0,"enemies":"3 Byrds","floor":22.0,"turns":6.0},{"damage":6.0,"enemies":"Centurion and Healer","floor":24.0,"turns":4.0},{"damage":6.0,"enemies":"Snake Plant","floor":27.0,"turns":1.0},{"damage":17.0,"enemies":"Shelled Parasite and Fungi","floor":29.0,"turns":5.0},{"damage":6.0,"enemies":"Centurion and Healer","floor":30.0,"turns":7.0},{"damage":16,"enemies":"Cultist and Chosen","floor":31,"turns":3}],"seed_played":"-702508017566405973","potions_obtained":[{"floor":3.0,"key":"AttackPotion"},{"floor":12.0,"key":"Regen Potion"},{"floor":22.0,"key":"SteroidPotion"},{"floor":27.0,"key":"SteroidPotion"}],"is_trial":false,"path_per_floor":["M","$","M","?","?","R","E","M","T","$","R","M","E","?","R","B",null,"M","?","?","$","M","R","M","R","T","M","?","M","M","M"],"character_chosen":"IRONCLAD","items_purchased":["Flash of Steel","Finesse","Strength Potion","Deep Breath+1"],"campfire_rested":0,"item_purchase_floors":[2,10,10,21],"current_hp_per_floor":[60,60,58,58,47,47,45,50,50,50,50,45,45,34,34,22,57,38,38,38,38,20,20,20,20,20,20,20,9,9,0],"gold":41,"neow_bonus":"THREE_RARE_CARDS","is_prod":false,"is_daily":false,"chose_seed":false,"campfire_upgraded":5,"win_rate":0,"timestamp":1551804102,"path_taken":["M","$","M","?","?","R","E","M","T","$","R","M","E","?","R","BOSS","M","?","?","$","M","R","M","R","T","M","?","M","M","?"],"build_version":"2019-01-23","purchased_purges":1,"victory":false,"max_hp_per_floor":[68,68,68,68,68,68,68,68,68,68,68,68,68,68,68,68,68,68,68,68,68,68,68,68,68,68,68,68,68,68,68],"card_choices":[{"not_picked":["Dark Embrace","Berserk"],"picked":"Limit Break","floor":0.0},{"not_picked":["Warcry","Iron Wave"],"picked":"Pummel","floor":1.0},{"not_picked":["Sword Boomerang","Rampage"],"picked":"Battle Trance","floor":3.0},{"not_picked":["Wild Strike","Cleave"],"picked":"Armaments","floor":7.0},{"not_picked":["Cleave","Havoc"],"picked":"True Grit","floor":8.0},{"not_picked":["Rampage","Searing Blow"],"picked":"Feel No Pain","floor":12.0},{"not_picked":["Intimidate","Anger"],"picked":"Flex","floor":13.0},{"not_picked":["Juggernaut","Berserk"],"picked":"Offering+1","floor":16.0},{"not_picked":["Rupture","Blood for Blood"],"picked":"Power Through+1","floor":18.0},{"not_picked":["Blood for Blood","Clash","Thunderclap"],"picked":"SKIP","floor":22.0},{"not_picked":["Body Slam","Pummel+1"],"picked":"Entrench+1","floor":24.0},{"not_picked":["Twin Strike","Heavy Blade+1"],"picked":"Dual Wield+1","floor":27.0},{"not_picked":["Thunderclap","Disarm+1","Clothesline"],"picked":"SKIP","floor":29.0},{"not_picked":["Clash","Pommel Strike","Shockwave+1"],"picked":"SKIP","floor":30.0}],"player_experience":1169275,"relics_obtained":[{"floor":7.0,"key":"Art of War"},{"floor":9.0,"key":"Potion Belt"},{"floor":13.0,"key":"War Paint"},{"floor":26.0,"key":"The Courier"}],"event_choices":[{"damage_healed":0.0,"max_hp_gain":0.0,"max_hp_loss":0.0,"gold_gain":0.0,"cards_transformed":["Battle Trance"],"event_name":"Living Wall","player_choice":"Change","floor":4.0,"gold_loss":0.0,"damage_taken":0.0,"cards_obtained":["Demon Form"]},{"damage_healed":0.0,"max_hp_gain":0.0,"max_hp_loss":0.0,"gold_gain":75.0,"event_name":"World of Goop","player_choice":"Gather Gold","floor":5.0,"gold_loss":0.0,"damage_taken":11.0},{"damage_healed":0.0,"max_hp_gain":0.0,"max_hp_loss":0.0,"gold_gain":0.0,"event_name":"Scrap Ooze","player_choice":"Success","floor":14.0,"gold_loss":0.0,"damage_taken":11.0,"relics_obtained":["Toxic Egg 2"]},{"damage_healed":0.0,"max_hp_gain":0.0,"max_hp_loss":0.0,"gold_gain":0.0,"event_name":"Cursed Tome","player_choice":"Ignored","floor":19.0,"gold_loss":0.0,"damage_taken":0.0},{"damage_healed":0.0,"max_hp_gain":0.0,"max_hp_loss":0.0,"gold_gain":50.0,"event_name":"Nest","player_choice":"Stole From Cult","floor":20.0,"gold_loss":0.0,"damage_taken":0.0},{"cards_removed":["Strike_R"],"damage_healed":0.0,"max_hp_gain":0.0,"max_hp_loss":0.0,"gold_gain":0.0,"event_name":"Designer","player_choice":"Single Remove","floor":28.0,"gold_loss":75.0,"damage_taken":0.0}],"is_beta":false,"boss_relics":[{"not_picked":["Velvet Choker","Ectoplasm"],"picked":"Empty Cage"}],"items_purged_floors":[21],"is_endless":false,"potions_floor_spawned":[3,12,22,27],"killed_by":"Cultist and Chosen","ascension_level":20}