{"gold_per_floor":[218,106,106,119,194,222,222,235,235,247,247,272,272,291,291,395,395,406,425,444,444,12,12,28,62,62,62,75,102,102,114,114,211,211,229,36,55,104,104,104,104,29,29,40,40,40,52,72,72,72],"floor_reached":51,"playtime":2218,"items_purged":["Strike_B+1"],"score":1565,"play_id":"c789bed7-0f64-4439-9c39-8a194ee91a58","local_time":"20180830092347","is_ascension_mode":true,"campfire_choices":[{"data":"Streamline","floor":7,"key":"SMITH"},{"data":"Sunder","floor":11,"key":"SMITH"},{"data":"Self Repair","floor":13,"key":"SMITH"},{"data":"Dualcast","floor":15,"key":"SMITH"},{"data":"Capacitor","floor":23,"key":"SMITH"},{"floor":27,"key":"REST"},{"data":"BootSequence","floor":32,"key":"SMITH"},{"data":"Defragment","floor":40,"key":"SMITH"},{"data":"Capacitor","floor":45,"key":"SMITH"},{"data":"Electrodynamics","floor":49,"key":"SMITH"}],"neow_cost":"NONE","seed_source_timestamp":161713275592605,"circlet_count":0,"master_deck":["Defend_B+1","Defend_B+1","Defend_B+1","Zap+1","Dualcast+1","AscendersBane","Streamline+1","BootSequence+1","Self Repair+1","Sunder+1","Glacier+1","White Noise+1","Redo+1","Seek+1","Biased Cognition+1","Consume+1","Defragment+1","Capacitor+1","Glacier+1","Hologram+1","Stack+1","Steam+1","Turbo+1","Coolheaded+1","Glacier+1","Electrodynamics+1","Defragment+1","Capacitor+1","Skim+1","Loop+1","Secret Technique+1","Ball Lightning+1","Barrage+1"],"relics":["Cracked Core","Mango","Toxic Egg 2","Unceasing Top","Astrolabe","Question Card","Juzu Bracelet","Blood Vial","Centennial Puzzle","Sozu","ClockworkSouvenir","Peace Pipe","Ice Cream","Ornamental Fan"],"potions_floor_usage":[6,16,16,19,33],"damage_taken":[{"damage":0,"enemies":"Small Slimes","floor":1,"turns":3},{"damage":0,"enemies":"2 Louse","floor":4,"turns":2},{"damage":15,"enemies":"Lagavulin","floor":6,"turns":6},{"damage":1,"enemies":"Cultist","floor":8,"turns":3},{"damage":0,"enemies":"Blue Slaver","floor":10,"turns":2},{"damage":38,"enemies":"Gremlin Nob","floor":12,"turns":4},{"damage":0,"enemies":"Looter","floor":14,"turns":2},{"damage":36,"enemies":"Hexaghost","floor":16,"turns":11},{"damage":13,"enemies":"2 Thieves","floor":18,"turns":3},{"damage":16,"enemies":"3 Byrds","floor":19,"turns":3},{"damage":4,"enemies":"Snecko","floor":20,"turns":6},{"damage":0,"enemies":"Cultist and Chosen","floor":24,"turns":6},{"damage":3,"enemies":"Slavers","floor":25,"turns":7},{"damage":24,"enemies":"Slaver and Parasite","floor":28,"turns":10},{"damage":15,"enemies":"Gremlin Leader","floor":29,"turns":9},{"damage":0,"enemies":"3 Cultists","floor":31,"turns":7},{"damage":0,"enemies":"Champ","floor":33,"turns":13},{"damage":11,"enemies":"Orb Walker","floor":35,"turns":4},{"damage":0,"enemies":"Flame Bruiser 1 Orb","floor":37,"turns":3},{"damage":7,"floor":38,"turns":3},{"damage":0,"floor":39,"turns":8},{"damage":0,"enemies":"Sphere and 2 Shapes","floor":44,"turns":5},{"damage":12,"enemies":"Maw","floor":47,"turns":5},{"damage":0,"enemies":"3 Darklings","floor":48,"turns":1},{"damage":32,"enemies":"Time Eater","floor":50,"turns":14}],"seed_played":"-4740784949728294792","potions_obtained":[{"floor":4,"key":"FocusPotion"},{"floor":8,"key":"EssenceOfSteel"},{"floor":14,"key":"Regen Potion"},{"floor":18,"key":"GamblersBrew"},{"floor":19,"key":"GamblersBrew"},{"floor":33,"key":"Block Potion"}],"is_trial":false,"path_per_floor":["M","$","?","M","?","E","R","M","T","M","R","E","R","M","R","B",null,"M","M","M","?","$","R","M","E","T","R","M","E","?","M","R","B",null,"M","$","M","?","?","R","?","$","T","M","R","?","M","M","R","B"],"character_chosen":"DEFECT","items_purchased":["BootSequence","FocusPotion","Fire Potion","Strength Potion","Question Card","Hologram+1","Stack+1","ClockworkSouvenir"],"campfire_rested":1,"item_purchase_floors":[2,2,22,22,22,22,22,36],"current_hp_per_floor":[68,68,68,68,61,67,67,73,73,73,73,35,35,35,35,24,73,70,64,70,70,70,70,80,77,77,89,75,72,72,84,84,89,89,89,89,89,89,89,89,84,84,84,89,89,89,77,79,79,59],"gold":72,"neow_bonus":"HUNDRED_GOLD","is_prod":false,"is_daily":false,"chose_seed":false,"campfire_upgraded":9,"win_rate":0,"timestamp":1535631827,"path_taken":["M","$","?","M","?","E","R","M","T","M","R","E","R","M","R","BOSS","M","M","M","?","$","R","M","E","T","R","M","E","?","M","R","BOSS","M","$","M","?","?","R","?","$","T","M","R","?","M","M","R","BOSS"],"build_version":"2018-07-12","purchased_purges":1,"victory":true,"max_hp_per_floor":[75,75,75,75,75,89,89,89,89,89,89,89,89,89,89,89,89,89,89,89,89,89,89,89,89,89,89,89,89,89,89,89,89,89,89,89,89,89,89,89,89,89,89,89,89,89,89,89,89,89],"card_choices":[{"not_picked":["Fusion","Blizzard"],"picked":"Streamline","floor":1},{"not_picked":["Turbo","Lockon"],"picked":"Self Repair","floor":4},{"not_picked":["Steam Power","Reprogram","Sweeping Beam"],"picked":"SKIP","floor":6},{"not_picked":["Barrage","Sweeping Beam"],"picked":"Sunder","floor":8},{"not_picked":["Darkness+1","Consume+1"],"picked":"Glacier+1","floor":10},{"not_picked":["Fusion+1","Leap+1"],"picked":"White Noise+1","floor":12},{"not_picked":["Turbo+1","BootSequence+1"],"picked":"Redo+1","floor":14},{"not_picked":["Creative AI","Buffer"],"picked":"Seek+1","floor":16},{"not_picked":["Beam Cell","Redo+1"],"picked":"Capacitor","floor":18},{"not_picked":["Doom and Gloom","Stack+1"],"picked":"Glacier+1","floor":19},{"not_picked":["Hello World","Gash+1","Streamline"],"picked":"SKIP","floor":20},{"not_picked":["Barrage","Sweeping Beam","Heatsinks"],"picked":"Steam+1","floor":24},{"not_picked":["Cold Snap","Leap+1","Beam Cell"],"picked":"Turbo+1","floor":25},{"not_picked":["Meteor Strike","Consume+1","Compile Driver","Gash"],"picked":"SKIP","floor":28},{"not_picked":["Meteor Strike","Consume+1","Compile Driver","Gash"],"picked":"SKIP","floor":28},{"not_picked":["Recycle+1","Fission+1","Sweeping Beam+1"],"picked":"Coolheaded+1","floor":29},{"not_picked":["Streamline","Beam Cell","Go for the Eyes"],"picked":"Glacier+1","floor":31},{"not_picked":["Creative AI","Meteor Strike","Reboot+1"],"picked":"Electrodynamics","floor":33},{"not_picked":["Conserve Battery+1","Hologram+1","Gash"],"picked":"Defragment","floor":35},{"not_picked":["Genetic Algorithm+1","Self Repair","Cold Snap+1"],"picked":"Capacitor","floor":37},{"not_picked":["Self Repair+1","Streamline","Ball Lightning+1"],"picked":"Skim+1","floor":38},{"not_picked":["Stack+1","Barrage","Core Surge"],"picked":"Loop+1","floor":39},{"not_picked":["Finesse+1","Good Instincts+1","Bandage Up+1"],"picked":"Secret Technique+1","floor":41},{"not_picked":["Go for the Eyes","Rip and Tear","Cold Snap"],"picked":"Ball Lightning+1","floor":44},{"not_picked":["Go for the Eyes","Skim+1","Steam+1","Genetic Algorithm+1"],"picked":"SKIP","floor":47},{"not_picked":["Compile Driver+1","Rebound","Beam Cell"],"picked":"Barrage+1","floor":48}],"player_experience":753557,"relics_obtained":[{"floor":6,"key":"Mango"},{"floor":9,"key":"Toxic Egg 2"},{"floor":12,"key":"Unceasing Top"},{"floor":25,"key":"Juzu Bracelet"},{"floor":26,"key":"Blood Vial"},{"floor":29,"key":"Centennial Puzzle"},{"floor":38,"key":"Peace Pipe"},{"floor":39,"key":"Ice Cream"},{"floor":43,"key":"Ornamental Fan"}],"event_choices":[{"event_name":"Living Wall","player_choice":"Grow","floor":3,"damage_taken":0},{"event_name":"FaceTrader","player_choice":"Touch","floor":5,"damage_taken":0},{"event_name":"Back to Basics","player_choice":"Simplicity","floor":21,"damage_taken":0},{"event_name":"The Mausoleum","player_choice":"No","floor":30,"damage_taken":0},{"event_name":"Mysterious Sphere","player_choice":"Fight","floor":38,"damage_taken":0},{"event_name":"MindBloom","player_choice":"Fight","floor":39,"damage_taken":0},{"event_name":"SensoryStone","player_choice":"Memory 2","floor":41,"damage_taken":0},{"event_name":"Falling","player_choice":"Removed Skill","floor":46,"damage_taken":0}],"boss_relics":[{"not_picked":["Black Star","Lizard Tail"],"picked":"Astrolabe"},{"not_picked":["Coffee Dripper","Velvet Choker"],"picked":"Sozu"}],"items_purged_floors":[42],"is_endless":false,"potions_floor_spawned":[4,8,14,18,19,25,31,33,35,39,44,47],"ascension_level":12}