{"gold_per_floor":[109,127,77,77,77,110,110,135,135,147,147],"floor_reached":11,"playtime":425,"items_purged":[],"score":85,"play_id":"dc7e4643-6b5d-4616-bc2a-0a2742d093fb","local_time":"20190425164746","is_ascension_mode":true,"campfire_choices":[{"floor":7,"key":"REST"}],"neow_cost":"NONE","seed_source_timestamp":200456214281566,"circlet_count":0,"master_deck":["Strike_R","Strike_R","Strike_R","Strike_R","Defend_R","Defend_R","Defend_R","Bash","Armaments","Shrug It Off+1"],"relics":["Burning Blood","Toxic Egg 2","Regal Pillow","Girya"],"potions_floor_usage":[8],"damage_taken":[{"damage":0,"enemies":"Small Slimes","floor":1,"turns":3},{"damage":6,"enemies":"Jaw Worm","floor":2,"turns":3},{"damage":55,"enemies":"Lagavulin","floor":6,"turns":9},{"damage":39,"enemies":"3 Sentries","floor":8,"turns":11},{"damage":2,"enemies":"2 Louse","floor":10,"turns":3},{"damage":36,"enemies":"Lagavulin","floor":11,"turns":8}],"seed_played":"-1932537751237508647","potions_obtained":[{"floor":2,"key":"GamblersBrew"},{"floor":6,"key":"SmokeBomb"}],"is_trial":false,"path_per_floor":["M","M","?","?","?","E","R","E","T","M","E"],"character_chosen":"IRONCLAD","items_purchased":[],"campfire_rested":1,"item_purchase_floors":[],"current_hp_per_floor":[80,80,80,73,73,24,48,15,15,19,0],"gold":147,"neow_bonus":"THREE_CARDS","is_prod":false,"is_daily":false,"chose_seed":false,"campfire_upgraded":0,"win_rate":0,"timestamp":1556228866,"path_taken":["M","M","?","?","?","E","R","E","T","M","E"],"build_version":"2019-01-23","purchased_purges":0,"victory":false,"max_hp_per_floor":[80,80,80,80,80,80,80,80,80,80,80],"card_choices":[{"not_picked":["Cleave","Anger"],"picked":"Armaments","floor":0},{"not_picked":["Armaments","Pommel Strike","Heavy Blade"],"picked":"SKIP","floor":1},{"not_picked":["Cleave","Clothesline","Disarm"],"picked":"SKIP","floor":2},{"not_picked":["Wild Strike","Dark Embrace","Pommel Strike"],"picked":"SKIP","floor":6},{"not_picked":["Cleave","Second Wind+1","Rupture"],"picked":"SKIP","floor":8},{"not_picked":["True Grit+1","Infernal Blade+1"],"picked":"Shrug It Off+1","floor":10}],"player_experience":101081,"relics_obtained":[{"floor":6,"key":"Toxic Egg 2"},{"floor":8,"key":"Regal Pillow"},{"floor":9,"key":"Girya"}],"event_choices":[{"cards_removed":["Defend_R"],"damage_healed":0,"gold_gain":0,"player_choice":"Card Removal","damage_taken":0,"max_hp_gain":0,"max_hp_loss":0,"event_name":"The Cleric","floor":3,"gold_loss":50},{"cards_removed":["Strike_R"],"damage_healed":0,"gold_gain":0,"player_choice":"Card Removal","damage_taken":7,"max_hp_gain":0,"max_hp_loss":0,"event_name":"Golden Wing","floor":4,"gold_loss":0},{"damage_healed":0,"gold_gain":0,"player_choice":"Ignored","damage_taken":0,"max_hp_gain":0,"max_hp_loss":0,"event_name":"Liars Game","floor":5,"gold_loss":0}],"is_beta":false,"boss_relics":[],"items_purged_floors":[],"is_endless":false,"potions_floor_spawned":[2,6],"killed_by":"Lagavulin","ascension_level":1}