{"gold_per_floor":[114,39,52,127,144,174,186,229,266,278,390,413,443,510,522,534],"floor_reached":16,"playtime":542,"items_purged":["Perfected Strike"],"score":290,"play_id":"89ec19a0-6b5d-42e0-be2e-eb9e0492d02c","local_time":"20190401205001","is_ascension_mode":true,"campfire_choices":[{"data":"Bludgeon","floor":7.0,"key":"SMITH"},{"data":"Dual Wield","floor":10.0,"key":"SMITH"},{"data":"Dark Embrace","floor":15,"key":"SMITH"}],"neow_cost":"NONE","seed_source_timestamp":0,"circlet_count":0,"master_deck":["AscendersBane","Bash","Feed","Bludgeon+1","Dual Wield+1","Warcry","Brutality","Warcry","Dark Embrace+1","Rage","Seeing Red","Ghostly Armor"],"special_seed":0,"relics":["Pandora\u0027s Box","MawBank","Dream Catcher","Anchor","Tiny Chest"],"potions_floor_usage":[14],"damage_taken":[{"damage":0.0,"enemies":"Cultist","floor":1.0,"turns":2.0},{"damage":4.0,"enemies":"2 Louse","floor":3.0,"turns":2.0},{"damage":4.0,"enemies":"Small Slimes","floor":5.0,"turns":3.0},{"damage":10.0,"enemies":"Gremlin Nob","floor":6.0,"turns":3.0},{"damage":24.0,"enemies":"3 Sentries","floor":8.0,"turns":5.0},{"damage":4.0,"enemies":"Red Slaver","floor":12.0,"turns":2.0},{"damage":0.0,"enemies":"Blue Slaver","floor":13.0,"turns":2.0},{"damage":0,"enemies":"Gremlin Nob","floor":14,"turns":2},{"damage":21,"enemies":"The Guardian","floor":16,"turns":6}],"seed_played":"-9057478902896569130","potions_obtained":[{"floor":3.0,"key":"Dexterity Potion"},{"floor":6.0,"key":"SteroidPotion"},{"floor":8.0,"key":"Explosive Potion"},{"floor":14,"key":"Swift Potion"}],"is_trial":false,"path_per_floor":["M","$","M","?","M","E","R","E","T","R","?","M","M","E","R","B"],"character_chosen":"IRONCLAD","items_purchased":[],"campfire_rested":0,"item_purchase_floors":[],"current_hp_per_floor":[71,71,70,59,58,48,48,27,27,27,27,26,26,29,29,8],"gold":534,"neow_bonus":"BOSS_RELIC","is_prod":false,"is_daily":false,"chose_seed":true,"campfire_upgraded":3,"win_rate":0,"timestamp":1554123001,"path_taken":["M","$","?","?","M","E","R","E","T","R","?","?","M","E","R","BOSS"],"build_version":"2019-01-23","purchased_purges":1,"victory":false,"max_hp_per_floor":[78,78,81,81,84,84,84,87,87,87,87,90,90,93,93,93],"card_choices":[{"not_picked":["Twin Strike","Shrug It Off","Armaments"],"picked":"SKIP","floor":1.0},{"not_picked":["Clothesline","Carnage","Headbutt"],"picked":"SKIP","floor":3.0},{"not_picked":["Armaments","Blood for Blood","Warcry"],"picked":"SKIP","floor":5.0},{"not_picked":["Carnage","Immolate"],"picked":"Seeing Red","floor":6.0},{"not_picked":["Headbutt","Body Slam","Juggernaut"],"picked":"SKIP","floor":8.0},{"not_picked":["Cleave","Rage","Flex"],"picked":"SKIP","floor":12.0},{"not_picked":["Flame Barrier","True Grit"],"picked":"Ghostly Armor","floor":13.0},{"not_picked":["Thunderclap","True Grit","Headbutt"],"picked":"SKIP","floor":14}],"player_experience":1406231,"relics_obtained":[{"floor":6.0,"key":"MawBank"},{"floor":8.0,"key":"Dream Catcher"},{"floor":9.0,"key":"Anchor"},{"floor":14,"key":"Tiny Chest"}],"event_choices":[{"damage_healed":0.0,"max_hp_gain":0.0,"max_hp_loss":0.0,"gold_gain":75.0,"event_name":"World of Goop","player_choice":"Gather Gold","floor":4.0,"gold_loss":0.0,"damage_taken":11.0},{"damage_healed":0.0,"max_hp_gain":0.0,"max_hp_loss":0.0,"gold_gain":100.0,"event_name":"Wheel of Change","player_choice":"Gold","floor":11.0,"gold_loss":0.0,"damage_taken":0.0}],"is_beta":false,"boss_relics":[],"items_purged_floors":[2],"is_endless":false,"potions_floor_spawned":[3,6,8,13,14],"killed_by":"The Guardian","ascension_level":20}