{"gold_per_floor":[215,215,28,51,1,1,41,41,41,41,56,71,95,130,130,224,224,244,244,27,27,51,51,67,67,67,67,131,150,150,169,169,263,263,281,281,296,629,28,58,58,73,73,73,73,98,98,118,118,118,118],"floor_reached":51,"playtime":1545,"items_purged":[],"score":1537,"play_id":"63cae865-9393-45a4-85a2-2a09a121a45d","local_time":"20190510125059","is_ascension_mode":true,"campfire_choices":[{"data":"Apotheosis","floor":6.0,"key":"SMITH"},{"floor":8.0,"key":"REST"},{"floor":10.0,"key":"REST"},{"data":"Bouncing Flask","floor":15.0,"key":"SMITH"},{"data":"Catalyst","floor":23.0,"key":"SMITH"},{"data":"Neutralize","floor":25.0,"key":"SMITH"},{"data":"Adrenaline","floor":27.0,"key":"SMITH"},{"floor":32.0,"key":"REST"},{"floor":41.0,"key":"RECALL"},{"floor":44,"key":"REST"},{"floor":49,"key":"REST"}],"neow_cost":"NONE","seed_source_timestamp":424726026314075,"circlet_count":0,"master_deck":["AscendersBane","Defend_G","Defend_G","Defend_G","Defend_G","Defend_G","Strike_G","Strike_G","Strike_G","Strike_G","Strike_G","Survivor","Neutralize+1","Quick Slash","Apotheosis+1","Dagger Throw","Bouncing Flask+1","Catalyst+1","Deadly Poison","Adrenaline+1","Catalyst+1","Well Laid Plans","Crippling Poison+1","PiercingWail+1","Leg Sweep+1","Dark Shackles+1","Impatience+1","Dodge and Roll+1","PiercingWail+1"],"special_seed":0,"relics":["Ring of the Snake","Oddly Smooth Stone","Anchor","Bronze Scales","Blood Vial","Cursed Key","TwistedFunnel","Tiny Chest","Fusion Hammer","Snake Skull","Toxic Egg 2","Juzu Bracelet"],"potions_floor_usage":[50],"damage_taken":[{"damage":0.0,"enemies":"Jaw Worm","floor":1.0,"turns":5.0},{"damage":1.0,"enemies":"Small Slimes","floor":4.0,"turns":5.0},{"damage":46.0,"enemies":"Gremlin Nob","floor":7.0,"turns":5.0},{"damage":0.0,"enemies":"Cultist","floor":11.0,"turns":3.0},{"damage":7.0,"enemies":"Exordium Thugs","floor":12.0,"turns":4.0},{"damage":9.0,"enemies":"3 Sentries","floor":14.0,"turns":6.0},{"damage":0.0,"enemies":"Hexaghost","floor":16.0,"turns":7.0},{"damage":0.0,"enemies":"Chosen","floor":18.0,"turns":3.0},{"damage":0.0,"enemies":"Shell Parasite","floor":22.0,"turns":3.0},{"damage":2.0,"enemies":"Centurion and Healer","floor":24.0,"turns":5.0},{"damage":6.0,"enemies":"Slavers","floor":28.0,"turns":4.0},{"damage":14.0,"enemies":"Cultist and Chosen","floor":29.0,"turns":4.0},{"damage":6.0,"enemies":"Snake Plant","floor":31.0,"turns":3.0},{"damage":11.0,"enemies":"Champ","floor":33.0,"turns":8.0},{"damage":3.0,"enemies":"3 Darklings","floor":35.0,"turns":3.0},{"damage":0.0,"enemies":"3 Shapes","floor":37.0,"turns":4.0},{"damage":12.0,"enemies":"Giant Head","floor":40.0,"turns":4.0},{"damage":0.0,"enemies":"3 Darklings","floor":42.0,"turns":3.0},{"damage":15,"enemies":"Nemesis","floor":46,"turns":5},{"damage":18,"enemies":"Spire Growth","floor":48,"turns":4},{"damage":38,"enemies":"Time Eater","floor":50,"turns":7},{"damage":20,"enemies":"Awakened One","floor":51,"turns":14}],"seed_played":"-3539938153520141530","potions_obtained":[{"floor":7.0,"key":"LiquidBronze"},{"floor":11.0,"key":"Explosive Potion"},{"floor":14.0,"key":"EntropicBrew"},{"floor":19.0,"key":"Fire Potion"},{"floor":28.0,"key":"FearPotion"},{"floor":40.0,"key":"EssenceOfSteel"},{"floor":48,"key":"Regen Potion"}],"is_trial":false,"path_per_floor":["M","?","$","M","?","R","E","R","T","R","M","M","T","E","R","B",null,"M","?","$","$","M","R","M","R","T","R","E","M","?","M","R","B",null,"M","T","M","?","$","E","R","M","T","R","?","E","T","M","R","B","B"],"character_chosen":"THE_SILENT","items_purchased":["Apotheosis","TwistedFunnel","Snake Skull","Well Laid Plans","Toxic Egg 2","Crippling Poison+1"],"campfire_rested":5,"item_purchase_floors":[3,20,39,39,39,39],"current_hp_per_floor":[59,59,59,58,58,58,12,30,30,48,48,41,41,32,32,34,54,56,56,56,56,58,58,58,58,58,58,54,42,42,38,56,47,57,56,56,58,58,58,48,48,50,50,60,50,37,37,21,39,18,0],"gold":118,"neow_bonus":"HUNDRED_GOLD","is_prod":false,"is_daily":false,"chose_seed":false,"campfire_upgraded":5,"win_rate":0,"timestamp":1557503459,"path_taken":["M","?","$","M","?","R","E","R","T","R","?","M","?","E","R","BOSS","M","?","?","$","M","R","?","R","T","R","E","M","?","?","R","BOSS","M","?","M","?","$","E","R","M","T","R","?","E","?","M","R","BOSS","BOSS"],"build_version":"2019-01-23","purchased_purges":0,"victory":false,"max_hp_per_floor":[66,60,60,60,60,60,60,60,60,60,60,60,60,60,60,60,60,60,60,60,60,60,60,60,60,60,60,60,60,60,60,60,60,60,60,60,60,60,60,60,60,60,60,60,60,60,60,60,60,60,60],"card_choices":[{"not_picked":["Acrobatics","Escape Plan"],"picked":"Quick Slash","floor":1.0},{"not_picked":["Choke","Escape Plan"],"picked":"Dagger Throw","floor":4.0},{"not_picked":["Flechettes","Quick Slash","Acrobatics"],"picked":"SKIP","floor":7.0},{"not_picked":["Riddle With Holes","Choke"],"picked":"Bouncing Flask","floor":11.0},{"not_picked":["Bane","Underhanded Strike"],"picked":"Catalyst","floor":12.0},{"not_picked":["Terror","Slice"],"picked":"Deadly Poison","floor":14.0},{"not_picked":["Tools of the Trade","Die Die Die"],"picked":"Adrenaline","floor":16.0},{"not_picked":["Deadly Poison","Quick Slash","Expertise"],"picked":"SKIP","floor":18.0},{"not_picked":["Tactician","Caltrops","Dagger Spray"],"picked":"SKIP","floor":22.0},{"not_picked":["Outmaneuver","Dagger Spray","Expertise"],"picked":"SKIP","floor":24.0},{"not_picked":["Choke+1","Masterful Stab+1","Concentrate+1"],"picked":"SKIP","floor":28.0},{"not_picked":["Choke","Prepared"],"picked":"Catalyst","floor":29.0},{"not_picked":["Outmaneuver","Quick Slash","Bouncing Flask+1"],"picked":"SKIP","floor":31.0},{"not_picked":["Flying Knee","Skewer","Dagger Spray"],"picked":"SKIP","floor":35.0},{"not_picked":["Deflect","Dagger Throw","Outmaneuver"],"picked":"SKIP","floor":37.0},{"not_picked":["Deflect","Dagger Throw","Outmaneuver"],"picked":"SKIP","floor":37.0},{"not_picked":["Blur+1","Riddle With Holes"],"picked":"PiercingWail+1","floor":40.0},{"not_picked":["PiercingWail+1","Dagger Throw"],"picked":"Leg Sweep+1","floor":42.0},{"not_picked":["Forethought+1","Deep Breath+1"],"picked":"Dark Shackles+1","floor":45},{"not_picked":["Mayhem","Sadistic Nature"],"picked":"Impatience+1","floor":45},{"not_picked":["Outmaneuver+1","Dagger Spray"],"picked":"Dodge and Roll+1","floor":46},{"not_picked":["Bane+1","Die Die Die"],"picked":"PiercingWail+1","floor":48}],"player_experience":2300960,"relics_obtained":[{"floor":7.0,"key":"Anchor"},{"floor":9.0,"key":"Bronze Scales"},{"floor":14.0,"key":"Blood Vial"},{"floor":28.0,"key":"Tiny Chest"},{"floor":46,"key":"Juzu Bracelet"}],"event_choices":[{"damage_healed":0.0,"max_hp_gain":0.0,"max_hp_loss":6.0,"gold_gain":0.0,"event_name":"Golden Idol","player_choice":"Lose Max HP","floor":2.0,"gold_loss":0.0,"damage_taken":0.0,"relics_obtained":["Golden Idol"]},{"damage_healed":0.0,"max_hp_gain":0.0,"max_hp_loss":0.0,"gold_gain":0.0,"event_name":"WeMeetAgain","player_choice":"Paid Gold","floor":5.0,"gold_loss":50.0,"damage_taken":0.0,"relics_obtained":["Oddly Smooth Stone"]},{"damage_healed":0.0,"max_hp_gain":0.0,"max_hp_loss":0.0,"gold_gain":0.0,"event_name":"Lab","player_choice":"Got Potions","floor":19.0,"gold_loss":0.0,"damage_taken":0.0},{"damage_healed":0.0,"max_hp_gain":0.0,"max_hp_loss":0.0,"gold_gain":0.0,"event_name":"Upgrade Shrine","player_choice":"Upgraded","floor":30.0,"gold_loss":0.0,"damage_taken":0.0,"cards_upgraded":["Catalyst"]},{"damage_healed":0.0,"max_hp_gain":0.0,"max_hp_loss":0.0,"gold_gain":333.0,"event_name":"The Moai Head","player_choice":"Gave Idol","floor":38.0,"relics_lost":["Golden Idol"],"gold_loss":0.0,"damage_taken":0.0},{"damage_healed":0,"gold_gain":0,"player_choice":"Memory 3","damage_taken":10,"max_hp_gain":0,"max_hp_loss":0,"event_name":"SensoryStone","floor":45,"gold_loss":0}],"is_beta":false,"boss_relics":[{"not_picked":["Astrolabe","Tiny House"],"picked":"Cursed Key"},{"not_picked":["Empty Cage","Runic Pyramid"],"picked":"Fusion Hammer"}],"items_purged_floors":[],"is_endless":false,"potions_floor_spawned":[7,11,14,24,28,31,35,40,48],"killed_by":"Awakened One","ascension_level":20}