{"gold_per_floor":[17,17,35,35,47,74,85,10,10,24,24,44,58,89,89,191,191,191,191,191,191,22,22,22,0,0,0,0,0,0,0,0,0,0,0,0,0,0,0,0,0,0],"floor_reached":42,"playtime":1836,"items_purged":["Defend_R"],"score":572,"play_id":"252578c2-77c1-4f7d-9086-66f43cfbd599","local_time":"20190428002320","is_ascension_mode":true,"campfire_choices":[{"data":"Discovery","floor":11,"key":"SMITH"},{"data":"Bash","floor":15,"key":"SMITH"},{"data":"Armaments","floor":23,"key":"SMITH"},{"data":"Mayhem","floor":27,"key":"SMITH"},{"floor":29,"key":"REST"},{"floor":32,"key":"REST"},{"data":"Infernal Blade","floor":40,"key":"SMITH"}],"neow_cost":"NO_GOLD","seed_source_timestamp":399259752282371,"circlet_count":0,"master_deck":["Strike_R","Strike_R","Strike_R","Defend_R","Defend_R","Defend_R","Bash+1","Discovery+1","Forethought","Clash+1","Infernal Blade+1","Clash","Feed","Armaments+1","Mayhem+1","Dual Wield+1","Mayhem+1","Headbutt+1","Infernal Blade+1","Madness","Madness"],"relics":["Burning Blood","Oddly Smooth Stone","Singing Bowl","Sundial","Ectoplasm","Bag of Preparation","Runic Cube","Du-Vu Doll"],"potions_floor_usage":[14,33,33],"damage_taken":[{"damage":0,"enemies":"2 Louse","floor":1,"turns":3},{"damage":6,"enemies":"Cultist","floor":3,"turns":4},{"damage":7,"enemies":"Jaw Worm","floor":5,"turns":2},{"damage":30,"enemies":"3 Sentries","floor":6,"turns":9},{"damage":9,"enemies":"Gremlin Gang","floor":7,"turns":5},{"damage":0,"enemies":"Exordium Wildlife","floor":10,"turns":3},{"damage":0,"enemies":"Looter","floor":12,"turns":2},{"damage":14,"enemies":"Gremlin Gang","floor":13,"turns":3},{"damage":0,"enemies":"Gremlin Nob","floor":14,"turns":2},{"damage":65,"enemies":"The Guardian","floor":16,"turns":8},{"damage":15,"enemies":"Shell Parasite","floor":18,"turns":3},{"damage":20,"enemies":"3 Byrds","floor":20,"turns":5},{"damage":22,"enemies":"3 Cultists","floor":21,"turns":5},{"damage":29,"enemies":"Sentry and Sphere","floor":24,"turns":6},{"damage":20,"enemies":"Shelled Parasite and Fungi","floor":30,"turns":5},{"damage":53,"enemies":"Champ","floor":33,"turns":10},{"damage":10,"enemies":"Orb Walker","floor":35,"turns":2},{"damage":0,"enemies":"3 Shapes","floor":36,"turns":4},{"damage":35,"enemies":"Mind Bloom Boss Battle","floor":37,"turns":6},{"damage":10,"enemies":"Transient","floor":41,"turns":5},{"damage":65,"enemies":"Reptomancer","floor":42,"turns":2}],"seed_played":"-5282317732188195502","potions_obtained":[{"floor":5,"key":"FearPotion"},{"floor":10,"key":"EssenceOfSteel"},{"floor":13,"key":"AttackPotion"},{"floor":14,"key":"EssenceOfSteel"},{"floor":36,"key":"GamblersBrew"}],"is_trial":false,"path_per_floor":["M","$","M","?","M","E","M","$","T","M","R","M","M","E","R","B",null,"M","?","M","M","$","R","M","?","T","R","?","R","M","?","R","B",null,"M","M","?","?","?","R","M","E"],"character_chosen":"IRONCLAD","items_purchased":["Mayhem"],"campfire_rested":2,"item_purchase_floors":[22],"current_hp_per_floor":[80,80,80,80,79,55,52,52,52,60,60,66,63,74,74,17,94,90,90,81,65,65,65,44,44,44,44,44,75,61,61,92,47,108,104,108,81,67,67,67,65,0],"gold":0,"neow_bonus":"RANDOM_COLORLESS_2","is_prod":false,"is_daily":false,"chose_seed":false,"campfire_upgraded":5,"win_rate":0,"timestamp":1556429000,"path_taken":["M","$","M","?","M","E","?","$","T","M","R","M","M","E","R","BOSS","M","?","M","?","$","R","M","?","T","R","?","R","?","?","R","BOSS","M","M","?","?","?","R","M","E"],"build_version":"2019-01-23","purchased_purges":1,"victory":false,"max_hp_per_floor":[80,80,80,80,80,80,80,80,80,82,82,82,87,92,92,94,94,99,99,104,104,104,104,106,106,106,106,106,106,106,106,106,108,108,108,108,110,110,110,110,112,112],"card_choices":[{"not_picked":["True Grit","Warcry","Hemokinesis"],"picked":"SKIP","floor":1},{"not_picked":["Thunderclap","Sever Soul","Headbutt"],"picked":"SKIP","floor":3},{"not_picked":["Warcry","Pommel Strike"],"picked":"Infernal Blade","floor":5},{"not_picked":["Sentinel","Sever Soul","Twin Strike"],"picked":"SKIP","floor":6},{"not_picked":["Thunderclap","Inflame"],"picked":"Clash","floor":7},{"not_picked":["Anger","Cleave","Combust"],"picked":"Singing Bowl","floor":10},{"not_picked":["Armaments","Twin Strike"],"picked":"Feed","floor":12},{"not_picked":["Shockwave","Pommel Strike","Sword Boomerang"],"picked":"Singing Bowl","floor":13},{"not_picked":["Ghostly Armor","Pommel Strike","Uppercut"],"picked":"Singing Bowl","floor":14},{"not_picked":["Fiend Fire","Brutality","Impervious"],"picked":"Singing Bowl","floor":16},{"not_picked":["Havoc+1","Twin Strike","Thunderclap"],"picked":"Singing Bowl","floor":18},{"not_picked":["Feel No Pain","Seeing Red","Anger"],"picked":"Singing Bowl","floor":20},{"not_picked":["Feed","Feel No Pain"],"picked":"Armaments","floor":21},{"not_picked":["Twin Strike","Power Through+1","Pommel Strike+1"],"picked":"Singing Bowl","floor":24},{"not_picked":["Searing Blow","Sever Soul+1"],"picked":"Dual Wield+1","floor":30},{"not_picked":["Bludgeon","Dark Embrace","Immolate"],"picked":"Singing Bowl","floor":33},{"not_picked":["Searing Blow","Twin Strike+1"],"picked":"Headbutt+1","floor":35},{"not_picked":["Anger","Body Slam"],"picked":"Infernal Blade+1","floor":36},{"not_picked":["Perfected Strike","Searing Blow+1","Twin Strike"],"picked":"Singing Bowl","floor":37},{"not_picked":["Reckless Charge","Evolve","Anger+1"],"picked":"Singing Bowl","floor":41}],"player_experience":114690,"relics_obtained":[{"floor":6,"key":"Oddly Smooth Stone"},{"floor":9,"key":"Singing Bowl"},{"floor":14,"key":"Sundial"},{"floor":26,"key":"Bag of Preparation"},{"floor":37,"key":"Du-Vu Doll"}],"event_choices":[{"damage_healed":0,"gold_gain":0,"cards_transformed":["Strike_R"],"player_choice":"Transformed","damage_taken":0,"max_hp_gain":0,"max_hp_loss":0,"event_name":"Transmorgrifier","floor":4,"gold_loss":0,"cards_obtained":["Clash"]},{"cards_removed":["Strike_R"],"damage_healed":0,"gold_gain":0,"player_choice":"Offered Basic","damage_taken":0,"max_hp_gain":0,"max_hp_loss":0,"event_name":"Bonfire Elementals","floor":19,"gold_loss":0},{"damage_healed":0,"gold_gain":0,"player_choice":"Paid Fearfully","damage_taken":0,"max_hp_gain":0,"max_hp_loss":0,"event_name":"Masked Bandits","floor":25,"gold_loss":22},{"damage_healed":0,"gold_gain":0,"player_choice":"Forge","damage_taken":0,"max_hp_gain":0,"max_hp_loss":0,"event_name":"Accursed Blacksmith","floor":28,"gold_loss":0,"cards_upgraded":["Clash"]},{"damage_healed":0,"gold_gain":0,"player_choice":"Copied","damage_taken":0,"max_hp_gain":0,"max_hp_loss":0,"event_name":"Duplicator","floor":31,"gold_loss":0,"cards_obtained":["Mayhem"]},{"damage_healed":0,"gold_gain":0,"player_choice":"Fight","damage_taken":0,"max_hp_gain":0,"max_hp_loss":0,"event_name":"MindBloom","floor":37,"gold_loss":0},{"damage_healed":0,"gold_gain":0,"player_choice":"Embrace Madness","damage_taken":14,"max_hp_gain":0,"max_hp_loss":0,"event_name":"Winding Halls","floor":38,"gold_loss":0,"cards_obtained":["Madness","Madness"]},{"damage_healed":0,"gold_gain":0,"player_choice":"Ignored","damage_taken":0,"max_hp_gain":0,"max_hp_loss":0,"event_name":"Mysterious Sphere","floor":39,"gold_loss":0}],"is_beta":false,"boss_relics":[{"not_picked":["Astrolabe","Black Blood"],"picked":"Ectoplasm"},{"not_picked":["Snecko Eye","White Beast Statue"],"picked":"Runic Cube"}],"items_purged_floors":[8],"is_endless":false,"potions_floor_spawned":[5,10,13,14,20,36],"killed_by":"Reptomancer","ascension_level":4}