{"gold_per_floor":[109,74,74,224,244,259,276,276,276,292,292,306,306,317,317,317],"floor_reached":16,"playtime":731,"items_purged":[],"score":288,"play_id":"e3624551-febd-4dae-a43c-4b2ab8482362","local_time":"20190508182503","is_ascension_mode":true,"campfire_choices":[{"floor":8,"key":"REST"},{"data":"Inflame","floor":11,"key":"SMITH"},{"data":"Bash","floor":13,"key":"SMITH"},{"floor":15,"key":"REST"}],"neow_cost":"NONE","seed_source_timestamp":331728557165700,"circlet_count":0,"master_deck":["AscendersBane","Strike_R","Strike_R","Strike_R","Strike_R","Strike_R","Defend_R+1","Defend_R","Defend_R","Defend_R","Bash+1","Feel No Pain+1","Doubt","Pommel Strike","Inflame+1","Feel No Pain","Carnage","Burning Pact","Heavy Blade"],"relics":["Burning Blood","Pen Nib","StoneCalendar"],"potions_floor_usage":[7,16],"damage_taken":[{"damage":21,"enemies":"Jaw Worm","floor":1,"turns":6},{"damage":2,"enemies":"2 Louse","floor":5,"turns":4},{"damage":6,"enemies":"Cultist","floor":6,"turns":4},{"damage":30,"enemies":"Exordium Thugs","floor":7,"turns":6},{"damage":18,"enemies":"Looter","floor":10,"turns":4},{"damage":4,"enemies":"Exordium Wildlife","floor":12,"turns":4},{"damage":4,"enemies":"Blue Slaver","floor":14,"turns":7}],"seed_played":"6010644043136671910","potions_obtained":[{"floor":1,"key":"Fire Potion"},{"floor":12,"key":"Fire Potion"}],"is_trial":false,"path_per_floor":["M","?","?","?","M","M","M","R","T","M","R","M","R","M","R","B"],"character_chosen":"IRONCLAD","items_purchased":[],"campfire_rested":2,"item_purchase_floors":[],"current_hp_per_floor":[53,71,48,48,52,52,28,50,50,38,38,40,40,42,64,0],"gold":317,"neow_bonus":"RANDOM_COMMON_RELIC","is_prod":false,"is_daily":false,"chose_seed":false,"campfire_upgraded":2,"win_rate":0,"timestamp":1557336303,"path_taken":["M","?","?","?","?","M","M","R","T","M","R","M","R","M","R","BOSS"],"build_version":"2019-01-23","purchased_purges":0,"victory":false,"max_hp_per_floor":[75,75,75,75,75,75,75,75,75,75,75,75,75,75,75,75],"card_choices":[{"not_picked":["Dual Wield","Wild Strike"],"picked":"Feel No Pain","floor":1},{"not_picked":["Thunderclap","Body Slam"],"picked":"Pommel Strike","floor":5},{"not_picked":["Sentinel","Headbutt"],"picked":"Inflame","floor":6},{"not_picked":["Clash","Rampage"],"picked":"Feel No Pain","floor":7},{"not_picked":["Power Through","Evolve"],"picked":"Carnage","floor":10},{"not_picked":["Twin Strike","Warcry"],"picked":"Burning Pact","floor":12},{"not_picked":["Flex","Anger"],"picked":"Heavy Blade","floor":14}],"player_experience":479879,"relics_obtained":[{"floor":9,"key":"StoneCalendar"}],"event_choices":[{"damage_healed":18,"gold_gain":0,"player_choice":"Healed","damage_taken":0,"max_hp_gain":0,"max_hp_loss":0,"event_name":"The Cleric","floor":2,"gold_loss":35},{"damage_healed":0,"gold_gain":0,"player_choice":"Entered Light","damage_taken":23,"max_hp_gain":0,"max_hp_loss":0,"event_name":"Shining Light","floor":3,"gold_loss":0,"cards_upgraded":["Feel No Pain","Defend_R"]},{"damage_healed":0,"gold_gain":150,"player_choice":"AGREE","damage_taken":0,"max_hp_gain":0,"max_hp_loss":0,"event_name":"Liars Game","floor":4,"gold_loss":0,"cards_obtained":["Doubt"]}],"is_beta":false,"boss_relics":[],"items_purged_floors":[],"is_endless":false,"potions_floor_spawned":[1,12],"killed_by":"The Guardian","ascension_level":20}