{"gold_per_floor":[364,364,289,302,302,302,58,58,58,73,116,116,129,143,143,239,302,318,298,314,314,338,338,382,382,382,244,244,279,302,145,145,239,239,255,255,274,290,659,659,698,698,698,741,741,447,447,491,491,491,491,491,491,7,38,38],"floor_reached":57,"playtime":2057,"items_purged":["Strike_R","Strike_R","Strike_R","Strike_R"],"score":3023,"play_id":"1f20e131-7b17-4aca-bce9-22f35b1610f5","local_time":"20190515005436","is_ascension_mode":true,"campfire_choices":[{"data":"True Grit","floor":6.0,"key":"SMITH"},{"data":"Immolate","floor":8.0,"key":"SMITH"},{"data":"Body Slam","floor":15.0,"key":"SMITH"},{"data":"Fiend Fire","floor":23.0,"key":"SMITH"},{"data":"Second Wind","floor":25.0,"key":"SMITH"},{"floor":28.0,"key":"REST"},{"data":"Barricade","floor":32.0,"key":"SMITH"},{"data":"Bloodletting","floor":40.0,"key":"SMITH"},{"data":"Dark Embrace","floor":45.0,"key":"SMITH"},{"floor":49.0,"key":"RECALL"},{"floor":53.0,"key":"REST"}],"neow_cost":"CURSE","seed_source_timestamp":1694952617049324,"circlet_count":0,"master_deck":["AscendersBane","Strike_R+1","Defend_R","Defend_R","Defend_R","Defend_R","Bash","True Grit+1","Immolate+1","Shrug It Off","Body Slam+1","Fiend Fire+1","Second Wind+1","Entrench+1","Barricade+1","Impervious","Seeing Red","Battle Trance","Pommel Strike+1","Dark Embrace+1","Finesse","Master of Strategy","Anger"],"special_seed":0,"relics":["Burning Blood","Golden Idol","Paper Frog","Nunchaku","Dodecahedron","Tiny House","Necronomicon","Omamori","Letter Opener","Bag of Marbles","PreservedInsect","Runic Pyramid","Old Coin","Bag of Preparation","Blood Vial","Lantern","Orichalcum","Membership Card","Centennial Puzzle","Champion Belt"],"potions_floor_usage":[56],"damage_taken":[{"damage":2.0,"enemies":"2 Louse","floor":1.0,"turns":3.0},{"damage":4.0,"enemies":"Small Slimes","floor":4.0,"turns":5.0},{"damage":1.0,"enemies":"Cultist","floor":10.0,"turns":3.0},{"damage":19.0,"enemies":"Lagavulin","floor":11.0,"turns":6.0},{"damage":0.0,"enemies":"Exordium Wildlife","floor":13.0,"turns":1.0},{"damage":12.0,"enemies":"Large Slime","floor":14.0,"turns":6.0},{"damage":37.0,"enemies":"Slime Boss","floor":16.0,"turns":9.0},{"damage":11.0,"enemies":"2 Thieves","floor":18.0,"turns":3.0},{"damage":24.0,"enemies":"Spheric Guardian","floor":20.0,"turns":5.0},{"damage":5.0,"enemies":"Centurion and Healer","floor":22.0,"turns":2.0},{"damage":16.0,"enemies":"Slavers","floor":24.0,"turns":3.0},{"damage":27.0,"enemies":"Book of Stabbing","floor":29.0,"turns":4.0},{"damage":0.0,"enemies":"Sentry and Sphere","floor":30.0,"turns":3.0},{"damage":13.0,"enemies":"Champ","floor":33.0,"turns":11.0},{"damage":0.0,"enemies":"3 Darklings","floor":35.0,"turns":1.0},{"damage":0.0,"enemies":"3 Shapes","floor":37.0,"turns":7.0},{"damage":3.0,"enemies":"3 Darklings","floor":38.0,"turns":3.0},{"damage":0.0,"enemies":"2 Orb Walkers","floor":39.0,"turns":1.0},{"damage":8.0,"enemies":"Nemesis","floor":41.0,"turns":5.0},{"damage":0.0,"enemies":"Giant Head","floor":44.0,"turns":7.0},{"damage":6.0,"enemies":"Reptomancer","floor":48.0,"turns":3.0},{"damage":0.0,"enemies":"Time Eater","floor":50.0,"turns":7.0},{"damage":9.0,"enemies":"Awakened One","floor":51.0,"turns":7.0},{"damage":5.0,"enemies":"Shield and Spear","floor":55.0,"turns":6.0},{"damage":22,"enemies":"The Heart","floor":56,"turns":11}],"seed_played":"4770388318038696979","potions_obtained":[{"floor":4.0,"key":"Block Potion"},{"floor":10.0,"key":"Regen Potion"},{"floor":13.0,"key":"SteroidPotion"},{"floor":17.0,"key":"Energy Potion"},{"floor":18.0,"key":"AttackPotion"},{"floor":19.0,"key":"EssenceOfSteel"},{"floor":20.0,"key":"PowerPotion"},{"floor":22.0,"key":"SkillPotion"},{"floor":33.0,"key":"GamblersBrew"},{"floor":37.0,"key":"SteroidPotion"},{"floor":44.0,"key":"Dexterity Potion"},{"floor":55.0,"key":"FairyPotion"}],"is_trial":false,"path_per_floor":["M","?","?","M","$","R","$","R","T","M","E","?","M","M","R","B",null,"M","?","M","?","M","R","E","R","T","?","R","E","M","$","R","B",null,"M","?","M","M","?","R","E","?","T","E","R","$","?","E","R","B","B",null,"R","$","E","B",null],"character_chosen":"IRONCLAD","items_purchased":["Immolate","Block Potion","Lantern","Membership Card","Centennial Puzzle","Master of Strategy"],"campfire_rested":2,"item_purchase_floors":[7,31,46,54,54,54],"current_hp_per_floor":[72,68,68,68,68,68,68,68,68,68,55,55,61,68,68,37,65,60,60,42,21,22,22,12,12,12,12,33,12,18,18,18,11,58,64,64,70,73,73,73,71,71,71,73,73,73,73,73,73,73,70,72,73,73,73,57],"gold":38,"neow_bonus":"TWO_FIFTY_GOLD","is_prod":false,"is_daily":false,"chose_seed":false,"campfire_upgraded":8,"win_rate":0,"timestamp":1557852876,"path_taken":["M","?","?","M","$","R","$","R","T","M","E","?","M","M","R","BOSS","M","?","?","?","M","R","E","R","T","?","R","E","?","$","R","BOSS","M","?","M","?","?","R","E","?","T","E","R","$","?","E","R","BOSS","BOSS","R","$","E","BOSS"],"build_version":"2019-01-23","purchased_purges":4,"victory":true,"max_hp_per_floor":[75,68,68,68,68,68,68,68,68,68,68,68,68,68,68,68,73,73,73,73,73,73,73,73,73,73,73,73,73,73,73,73,73,73,73,73,73,73,73,73,73,73,73,73,73,73,73,73,73,73,73,73,73,73,73,73],"card_choices":[{"not_picked":["Warcry","Havoc"],"picked":"True Grit","floor":1.0},{"not_picked":["Warcry","Metallicize","Spot Weakness"],"picked":"SKIP","floor":4.0},{"not_picked":["Havoc","Armaments"],"picked":"Shrug It Off","floor":10.0},{"not_picked":["Clash","Warcry","Thunderclap"],"picked":"SKIP","floor":11.0},{"not_picked":["Havoc","Clash"],"picked":"Body Slam","floor":13.0},{"not_picked":["Disarm","Perfected Strike"],"picked":"Bloodletting","floor":14.0},{"not_picked":["Brutality","Immolate"],"picked":"Fiend Fire","floor":16.0},{"not_picked":["Evolve","Twin Strike"],"picked":"Second Wind","floor":17.0},{"not_picked":["Anger","Cleave+1"],"picked":"Entrench+1","floor":18.0},{"not_picked":["Clothesline","Sword Boomerang","Twin Strike"],"picked":"SKIP","floor":20.0},{"not_picked":["Heavy Blade","Seeing Red","Sentinel"],"picked":"SKIP","floor":22.0},{"not_picked":["Sword Boomerang","Heavy Blade","Combust"],"picked":"SKIP","floor":24.0},{"not_picked":["Clash","Entrench"],"picked":"Barricade","floor":29.0},{"not_picked":["Shockwave","Rupture","Blood for Blood"],"picked":"SKIP","floor":30.0},{"not_picked":["Berserk","Juggernaut"],"picked":"Impervious","floor":33.0},{"not_picked":["Shrug It Off","Sentinel+1","Hemokinesis"],"picked":"SKIP","floor":35.0},{"not_picked":["Shrug It Off","Second Wind"],"picked":"Battle Trance","floor":37.0},{"not_picked":["Evolve+1","Havoc","Iron Wave"],"picked":"SKIP","floor":38.0},{"not_picked":["Iron Wave","Flame Barrier"],"picked":"Pommel Strike+1","floor":39.0},{"not_picked":["Twin Strike+1","Pummel"],"picked":"Dark Embrace","floor":41.0},{"not_picked":["Clash","Perfected Strike+1","Power Through"],"picked":"SKIP","floor":44.0},{"not_picked":["Transmutation","Chrysalis"],"picked":"Finesse","floor":47.0},{"not_picked":["Cleave+1","Rage","Thunderclap+1"],"picked":"SKIP","floor":48.0},{"not_picked":["Iron Wave","True Grit"],"picked":"Anger","floor":55.0}],"player_experience":1976869,"relics_obtained":[{"floor":9.0,"key":"Paper Frog"},{"floor":11.0,"key":"Nunchaku"},{"floor":21.0,"key":"Necronomicon"},{"floor":24.0,"key":"Omamori"},{"floor":26.0,"key":"Letter Opener"},{"floor":29.0,"key":"PreservedInsect"},{"floor":39.0,"key":"Old Coin"},{"floor":41.0,"key":"Bag of Preparation"},{"floor":44.0,"key":"Blood Vial"},{"floor":48.0,"key":"Orichalcum"},{"floor":55.0,"key":"Champion Belt"}],"event_choices":[{"damage_healed":0.0,"max_hp_gain":0.0,"max_hp_loss":7.0,"gold_gain":0.0,"event_name":"Golden Idol","player_choice":"Lose Max HP","floor":2.0,"gold_loss":0.0,"damage_taken":0.0,"relics_obtained":["Golden Idol"]},{"cards_removed":["Writhe"],"damage_healed":0.0,"max_hp_gain":0.0,"max_hp_loss":0.0,"gold_gain":0.0,"event_name":"The Cleric","player_choice":"Card Removal","floor":3.0,"gold_loss":75.0,"damage_taken":0.0},{"damage_healed":0.0,"max_hp_gain":0.0,"max_hp_loss":0.0,"gold_gain":0.0,"event_name":"Dead Adventurer","player_choice":"Searched \u00271\u0027 times","floor":12.0,"gold_loss":0.0,"damage_taken":0.0,"relics_obtained":["Dodecahedron"]},{"damage_healed":0.0,"max_hp_gain":0.0,"max_hp_loss":0.0,"gold_gain":0.0,"event_name":"The Woman in Blue","player_choice":"Bought 1 Potion","floor":19.0,"gold_loss":0.0,"damage_taken":0.0},{"damage_healed":0.0,"max_hp_gain":0.0,"max_hp_loss":0.0,"gold_gain":0.0,"event_name":"Cursed Tome","player_choice":"Obtained Book","floor":21.0,"gold_loss":0.0,"damage_taken":21.0},{"damage_healed":0.0,"max_hp_gain":0.0,"max_hp_loss":0.0,"gold_gain":0.0,"event_name":"WeMeetAgain","player_choice":"Paid Gold","floor":27.0,"gold_loss":138.0,"damage_taken":0.0,"relics_obtained":["Bag of Marbles"]},{"damage_healed":0.0,"max_hp_gain":0.0,"max_hp_loss":0.0,"gold_gain":0.0,"event_name":"Match and Keep!","player_choice":"1 cards matched","floor":36.0,"gold_loss":0.0,"damage_taken":0.0,"cards_obtained":["Seeing Red"]},{"damage_healed":0.0,"max_hp_gain":0.0,"max_hp_loss":0.0,"gold_gain":0.0,"event_name":"Mysterious Sphere","player_choice":"Fight","floor":39.0,"gold_loss":0.0,"damage_taken":0.0},{"cards_removed":["Bloodletting"],"damage_healed":0.0,"max_hp_gain":0.0,"max_hp_loss":0.0,"gold_gain":0.0,"event_name":"Falling","player_choice":"Removed Skill","floor":42.0,"gold_loss":0.0,"damage_taken":0.0},{"damage_healed":0.0,"max_hp_gain":0.0,"max_hp_loss":0.0,"gold_gain":0.0,"event_name":"SensoryStone","player_choice":"Memory 1","floor":47.0,"gold_loss":0.0,"damage_taken":0.0}],"is_beta":false,"boss_relics":[{"not_picked":["Black Star","Empty Cage"],"picked":"Tiny House"},{"not_picked":["Runic Dome","Velvet Choker"],"picked":"Runic Pyramid"}],"items_purged_floors":[7,31,46,54],"is_endless":false,"potions_floor_spawned":[4,10,13,18,20,22,33,37,39,44,55],"ascension_level":20}