{"gold_per_floor":[115,134,40,58,58,58,89,89,114,143,143,174,174,191,191,264,264,277,295,312,312,331,356,356,371,371,371,371,385,395,422,422,422],"floor_reached":33,"playtime":1152,"items_purged":[],"score":614,"play_id":"6a4ba942-f51f-4cae-b0cc-8a6db84d6748","local_time":"20190505173618","is_ascension_mode":true,"campfire_choices":[{"data":"Deadly Poison","floor":6.0,"key":"SMITH"},{"floor":8.0,"key":"REST"},{"data":"Neutralize","floor":11.0,"key":"SMITH"},{"data":"Crippling Poison","floor":15.0,"key":"SMITH"},{"floor":24.0,"key":"REST"},{"floor":27.0,"key":"REST"},{"floor":32,"key":"REST"}],"neow_cost":"NONE","seed_source_timestamp":10305514050318,"circlet_count":0,"master_deck":["AscendersBane","Defend_G","Defend_G","Defend_G","Defend_G","Defend_G+1","Strike_G","Strike_G","Strike_G","Strike_G","Strike_G+1","Survivor","Neutralize+1","Dagger Spray","Footwork","Deadly Poison+1","Bane","Deadly Poison","Dagger Spray","Backflip","Crippling Poison+1","Noxious Fumes","Backflip+1","Well Laid Plans","Dash+1","Cloak And Dagger","Backstab","Backflip"],"special_seed":0,"relics":["Ring of the Snake","Orichalcum","PreservedInsect","Bag of Marbles","Tough Bandages","Pen Nib","Fusion Hammer","Happy Flower","FossilizedHelix"],"potions_floor_usage":[],"damage_taken":[{"damage":4.0,"enemies":"Jaw Worm","floor":1.0,"turns":5.0},{"damage":2.0,"enemies":"Small Slimes","floor":2.0,"turns":3.0},{"damage":0.0,"enemies":"Cultist","floor":4.0,"turns":4.0},{"damage":23.0,"enemies":"3 Sentries","floor":7.0,"turns":10.0},{"damage":2.0,"enemies":"Lagavulin","floor":10.0,"turns":6.0},{"damage":5.0,"enemies":"3 Sentries","floor":12.0,"turns":4.0},{"damage":21.0,"enemies":"Large Slime","floor":14.0,"turns":8.0},{"damage":30.0,"enemies":"Slime Boss","floor":16.0,"turns":14.0},{"damage":0.0,"enemies":"Chosen","floor":18.0,"turns":3.0},{"damage":5.0,"enemies":"2 Thieves","floor":19.0,"turns":4.0},{"damage":0.0,"enemies":"Snecko","floor":20.0,"turns":5.0},{"damage":1.0,"enemies":"Centurion and Healer","floor":22.0,"turns":5.0},{"damage":12.0,"enemies":"Gremlin Leader","floor":23.0,"turns":6.0},{"damage":5.0,"enemies":"Chosen and Byrds","floor":25.0,"turns":5.0},{"damage":6.0,"enemies":"3 Cultists","floor":29.0,"turns":5.0},{"damage":28.0,"enemies":"Snake Plant","floor":30.0,"turns":5.0},{"damage":21,"enemies":"Book of Stabbing","floor":31,"turns":5},{"damage":20,"enemies":"Automaton","floor":33,"turns":6}],"seed_played":"4999898216394432934","potions_obtained":[{"floor":2.0,"key":"Regen Potion"},{"floor":10.0,"key":"GhostInAJar"},{"floor":16.0,"key":"Explosive Potion"},{"floor":20.0,"key":"Weak Potion"},{"floor":23.0,"key":"Fire Potion"},{"floor":29.0,"key":"Explosive Potion"}],"is_trial":false,"path_per_floor":["M","M","$","M","?","R","E","R","T","E","R","E","?","M","R","B",null,"M","M","M","?","M","E","R","M","T","R","?","M","M","E","R","B"],"character_chosen":"THE_SILENT","items_purchased":["Footwork","Deadly Poison"],"campfire_rested":4,"item_purchase_floors":[3,3],"current_hp_per_floor":[55,53,53,53,33,33,25,44,44,42,42,37,66,45,45,15,53,53,48,48,36,35,23,42,37,37,56,56,50,22,1,20,0],"gold":422,"neow_bonus":"RANDOM_COMMON_RELIC","is_prod":false,"is_daily":false,"chose_seed":false,"campfire_upgraded":3,"win_rate":0,"timestamp":1557088578,"path_taken":["M","M","$","M","?","R","E","R","T","E","R","E","?","M","R","BOSS","M","?","M","?","?","E","R","M","T","R","?","M","M","E","R","BOSS"],"build_version":"2019-01-23","purchased_purges":0,"victory":false,"max_hp_per_floor":[66,66,66,66,66,66,66,66,66,66,66,66,66,66,66,66,66,66,66,66,66,66,66,66,66,66,66,66,66,66,66,66,66],"card_choices":[{"not_picked":["Underhanded Strike","Deflect"],"picked":"Dagger Spray","floor":1.0},{"not_picked":["Acrobatics","Skewer"],"picked":"Footwork","floor":2.0},{"not_picked":["Acrobatics","Escape Plan"],"picked":"Bane","floor":4.0},{"not_picked":["Tools of the Trade","Caltrops"],"picked":"Deadly Poison","floor":7.0},{"not_picked":["Footwork","Dodge and Roll"],"picked":"Dagger Spray","floor":10.0},{"not_picked":["Finisher","Storm of Steel"],"picked":"Backflip","floor":12.0},{"not_picked":["Setup","Slice"],"picked":"Crippling Poison","floor":14.0},{"not_picked":["Acrobatics","Deadly Poison","Sucker Punch"],"picked":"SKIP","floor":18.0},{"not_picked":["Terror","Acrobatics+1"],"picked":"Noxious Fumes","floor":19.0},{"not_picked":["Choke+1","Dagger Throw"],"picked":"Backflip+1","floor":20.0},{"not_picked":["Bouncing Flask","Flying Knee"],"picked":"Well Laid Plans","floor":22.0},{"not_picked":["Bouncing Flask","Night Terror","Tools of the Trade"],"picked":"SKIP","floor":23.0},{"not_picked":["Noxious Fumes","Deadly Poison+1"],"picked":"Dash+1","floor":25.0},{"not_picked":["Deflect","Slice"],"picked":"Cloak And Dagger","floor":29.0},{"not_picked":["Dagger Spray+1","Crippling Poison"],"picked":"Backstab","floor":30.0},{"not_picked":["Blade Dance+1","Poisoned Stab"],"picked":"Backflip","floor":31}],"player_experience":2260335,"relics_obtained":[{"floor":7.0,"key":"PreservedInsect"},{"floor":9.0,"key":"Bag of Marbles"},{"floor":10.0,"key":"Tough Bandages"},{"floor":12.0,"key":"Pen Nib"},{"floor":23.0,"key":"Happy Flower"},{"floor":31,"key":"FossilizedHelix"}],"event_choices":[{"damage_healed":0.0,"max_hp_gain":0.0,"max_hp_loss":0.0,"gold_gain":0.0,"event_name":"Shining Light","player_choice":"Entered Light","floor":5.0,"gold_loss":0.0,"damage_taken":20.0,"cards_upgraded":["Defend_G","Strike_G"]},{"cards_removed":["Footwork"],"damage_healed":29.0,"max_hp_gain":0.0,"max_hp_loss":0.0,"gold_gain":0.0,"event_name":"Bonfire Elementals","player_choice":"Offered Uncommon","floor":13.0,"gold_loss":0.0,"damage_taken":0.0},{"damage_healed":0.0,"max_hp_gain":0.0,"max_hp_loss":0.0,"gold_gain":0.0,"event_name":"Knowing Skull","player_choice":"POTION ","floor":21.0,"potions_obtained":["SpeedPotion"],"gold_loss":0.0,"damage_taken":12.0,"cards_obtained":[]},{"damage_healed":0.0,"max_hp_gain":0.0,"max_hp_loss":0.0,"gold_gain":0.0,"event_name":"The Mausoleum","player_choice":"Ignored","floor":28.0,"gold_loss":0.0,"damage_taken":0.0}],"is_beta":false,"boss_relics":[{"not_picked":["Runic Dome","Snecko Eye"],"picked":"Fusion Hammer"}],"items_purged_floors":[],"is_endless":false,"potions_floor_spawned":[2,10,16,20,22,23,29],"killed_by":"Automaton","ascension_level":20}