{"gold_per_floor":[117,267,278,3,21,77,77,87,113,113,127,127,158,173,173,247,247,247,162,11,11,11,11,11,11,11,11,0,0,0,0,0,0],"floor_reached":33,"playtime":1011,"items_purged":["Doubt","Strike_B"],"score":569,"play_id":"f2e2f972-9a1b-4ddc-9d80-f10985d0a9c2","local_time":"20180921153014","is_ascension_mode":true,"campfire_choices":[{"data":"Sunder","floor":7,"key":"SMITH"},{"data":"Go for the Eyes","floor":10,"key":"SMITH"},{"floor":12,"key":"REST"},{"data":"Ball Lightning","floor":15,"key":"SMITH"},{"floor":24,"key":"REST"},{"data":"Biased Cognition","floor":27,"key":"SMITH"},{"floor":30,"key":"REST"},{"floor":32,"key":"REST"}],"neow_cost":"NONE","seed_source_timestamp":239732556567503,"circlet_count":0,"master_deck":["Defend_B","Defend_B","Defend_B","Defend_B","Zap+1","Dualcast","AscendersBane","Leap","Ball Lightning+1","Go for the Eyes+1","Sunder+1","Cold Snap","Steam","Biased Cognition+1","Glacier","Cold Snap","Bite","Bite","Bite","Bite","Bite","Loop","Reinforced Body","Compile Driver+1"],"relics":["Cracked Core","Orichalcum","Tiny Chest","Bag of Preparation","Happy Flower","Ectoplasm","Turnip","DataDisk","Prayer Wheel","Pantograph","Question Card"],"potions_floor_usage":[11,23,33,33],"damage_taken":[{"damage":2,"enemies":"Jaw Worm","floor":1,"turns":3},{"damage":5,"enemies":"2 Louse","floor":3,"turns":3},{"damage":7,"enemies":"Small Slimes","floor":5,"turns":3},{"damage":20,"enemies":"Lagavulin","floor":6,"turns":7},{"damage":5,"enemies":"2 Fungi Beasts","floor":8,"turns":3},{"damage":8,"enemies":"Large Slime","floor":11,"turns":3},{"damage":2,"enemies":"3 Sentries","floor":13,"turns":4},{"damage":6,"enemies":"Lots of Slimes","floor":14,"turns":3},{"damage":24,"enemies":"The Guardian","floor":16,"turns":11},{"damage":9,"enemies":"3 Byrds","floor":18,"turns":4},{"damage":51,"enemies":"Gremlin Leader","floor":23,"turns":13},{"damage":17,"enemies":"Slavers","floor":25,"turns":6},{"damage":9,"enemies":"2 Thieves","floor":28,"turns":3},{"damage":10,"enemies":"Book of Stabbing","floor":31,"turns":6},{"damage":82,"enemies":"Automaton","floor":33,"turns":12}],"seed_played":"1632906398775161839","potions_obtained":[{"floor":6,"key":"Regen Potion"},{"floor":11,"key":"PowerPotion"},{"floor":13,"key":"Dexterity Potion"},{"floor":23,"key":"Swift Potion"}],"is_trial":false,"path_per_floor":["M","?","M","$","M","E","R","M","T","R","M","R","E","M","R","B",null,"M","?","$","?","?","E","R","E","T","R","M","$","R","E","R"],"character_chosen":"DEFECT","items_purchased":["Orichalcum","Go for the Eyes","Cold Snap"],"campfire_rested":4,"item_purchase_floors":[4,4,20],"current_hp_per_floor":[62,62,57,57,50,30,30,25,25,25,26,47,45,39,39,15,57,48,48,48,28,28,9,24,21,21,21,16,16,31,31,46,0],"gold":0,"neow_bonus":"UPGRADE_CARD","is_prod":false,"is_daily":false,"chose_seed":false,"campfire_upgraded":4,"win_rate":0,"timestamp":1537554614,"path_taken":["M","?","M","$","M","E","R","M","T","R","M","R","E","M","R","BOSS","M","?","$","?","?","E","R","E","T","R","?","$","R","E","R","BOSS"],"build_version":"2018-07-12","purchased_purges":2,"victory":false,"max_hp_per_floor":[71,71,71,71,71,71,71,71,71,71,71,71,71,71,71,71,71,71,71,71,76,53,53,53,53,53,53,53,53,53,53,53,53],"card_choices":[{"not_picked":["Redo","Stack"],"picked":"Leap","floor":1},{"not_picked":["Go for the Eyes","Consume"],"picked":"Ball Lightning","floor":3},{"not_picked":["Barrage","Recycle"],"picked":"Sunder","floor":5},{"not_picked":["Beam Cell","Go for the Eyes","Barrage"],"picked":"SKIP","floor":6},{"not_picked":["Leap","Thunder Strike"],"picked":"Cold Snap","floor":8},{"not_picked":["Rebound","Force Field"],"picked":"Steam","floor":11},{"not_picked":["Double Energy","Go for the Eyes","Steam"],"picked":"SKIP","floor":13},{"not_picked":["Compile Driver","Barrage","Go for the Eyes"],"picked":"SKIP","floor":14},{"not_picked":["Machine Learning","Seek"],"picked":"Biased Cognition","floor":16},{"not_picked":["Ball Lightning","Go for the Eyes"],"picked":"Glacier","floor":18},{"not_picked":["Double Energy","Rebound","Rip and Tear"],"picked":"SKIP","floor":23},{"not_picked":["All For One","Rebound","Meteor Strike"],"picked":"SKIP","floor":25},{"not_picked":["Steam","Ball Lightning"],"picked":"Loop","floor":28},{"not_picked":["Rebound","Turbo"],"picked":"Reinforced Body","floor":28},{"not_picked":["Ball Lightning","Turbo+1"],"picked":"Compile Driver+1","floor":31}],"player_experience":848474,"relics_obtained":[{"floor":6,"key":"Tiny Chest"},{"floor":9,"key":"Bag of Preparation"},{"floor":13,"key":"Happy Flower"},{"floor":23,"key":"DataDisk"},{"floor":25,"key":"Prayer Wheel"},{"floor":26,"key":"Pantograph"},{"floor":31,"key":"Question Card"}],"event_choices":[{"event_name":"Liars Game","player_choice":"agreed","floor":2,"damage_taken":0},{"event_name":"Addict","player_choice":"Obtained Relic","floor":19,"damage_taken":0},{"event_name":"Forgotten Altar","player_choice":"Shed Blood","floor":21,"damage_taken":0},{"event_name":"Vampires","player_choice":"Became a vampire","floor":22,"damage_taken":0}],"boss_relics":[{"not_picked":["Cursed Key","Philosopher\u0027s Stone"],"picked":"Ectoplasm"}],"items_purged_floors":[4,20],"is_endless":false,"potions_floor_spawned":[6,11,13,23],"killed_by":"Automaton","ascension_level":15}