{"gold_per_floor":[111,128,128,53,53,8,37,37,37,37,59,85,99,115,115,211,211,223,223],"floor_reached":19,"playtime":617,"items_purged":["Regret"],"score":240,"play_id":"853aa6c8-f1b7-4a9a-b963-8a01f38f047f","local_time":"20190516161849","is_ascension_mode":true,"campfire_choices":[{"data":"Defragment","floor":15,"key":"SMITH"}],"neow_cost":"NONE","seed_source_timestamp":85986674903547,"circlet_count":0,"master_deck":["Strike_B","Strike_B","Strike_B","Strike_B","Defend_B","Defend_B","Defend_B","Defend_B","Zap+1","Dualcast","Defragment+1","Sweeping Beam","Coolheaded","Genetic Algorithm","Reinforced Body","Echo Form"],"relics":["Cracked Core","NeowsBlessing","Happy Flower","Smiling Mask","Letter Opener","Odd Mushroom","Bottled Tornado","Nuclear Battery"],"potions_floor_usage":[16,19,19],"damage_taken":[{"damage":0,"enemies":"Jaw Worm","floor":1,"turns":1},{"damage":0,"enemies":"Small Slimes","floor":2,"turns":1},{"damage":0,"enemies":"3 Sentries","floor":7,"turns":1},{"damage":15,"enemies":"The Mushroom Lair","floor":11,"turns":3},{"damage":19,"enemies":"Gremlin Nob","floor":12,"turns":4},{"damage":1,"enemies":"2 Louse","floor":13,"turns":2},{"damage":9,"enemies":"2 Fungi Beasts","floor":14,"turns":3},{"damage":24,"enemies":"Hexaghost","floor":16,"turns":13},{"damage":0,"enemies":"Chosen","floor":18,"turns":4},{"damage":5,"enemies":"Colosseum Slavers","floor":19,"turns":5},{"damage":84,"enemies":"Colosseum Nobs","floor":19,"turns":6}],"seed_played":"2346361733348203","potions_obtained":[{"floor":1,"key":"Poison Potion"},{"floor":11,"key":"SkillPotion"},{"floor":12,"key":"Strength Potion"},{"floor":16,"key":"Weak Potion"}],"is_trial":false,"path_per_floor":["M","M","?","$","?","$","E","?","T","?","?","E","M","M","R","B",null,"M","?"],"character_chosen":"DEFECT","items_purchased":["Coolheaded"],"campfire_rested":0,"item_purchase_floors":[6],"current_hp_per_floor":[75,75,75,75,75,75,75,75,75,75,60,41,40,31,31,7,75,75,0],"gold":223,"neow_bonus":"THREE_ENEMY_KILL","is_prod":false,"is_daily":false,"chose_seed":false,"campfire_upgraded":1,"win_rate":0,"timestamp":1558016329,"path_taken":["M","M","?","$","?","?","E","?","T","?","?","E","?","M","R","BOSS","M","?"],"build_version":"2019-01-23","purchased_purges":1,"victory":false,"max_hp_per_floor":[75,75,75,75,75,75,75,75,75,75,75,75,75,75,75,75,75,75,75],"card_choices":[{"not_picked":["Coolheaded","Conserve Battery"],"picked":"Defragment","floor":1},{"not_picked":["Steam","Streamline"],"picked":"Sweeping Beam","floor":2},{"not_picked":["Force Field","Barrage","Hello World"],"picked":"SKIP","floor":7},{"not_picked":["Conserve Battery","Hologram"],"picked":"Genetic Algorithm","floor":11},{"not_picked":["Meteor Strike","Scrape"],"picked":"Reinforced Body","floor":12},{"not_picked":["Barrage","Rebound","Sunder"],"picked":"SKIP","floor":13},{"not_picked":["Coolheaded","Consume","Double Energy"],"picked":"SKIP","floor":14},{"not_picked":["Fission","Amplify"],"picked":"Echo Form","floor":16},{"not_picked":["Turbo","Beam Cell","Rebound"],"picked":"SKIP","floor":18}],"player_experience":61863,"relics_obtained":[{"floor":7,"key":"Smiling Mask"},{"floor":9,"key":"Letter Opener"},{"floor":11,"key":"Odd Mushroom"},{"floor":12,"key":"Bottled Tornado"}],"event_choices":[{"damage_healed":0,"gold_gain":0,"player_choice":"Box","damage_taken":0,"relics_obtained":["Happy Flower"],"max_hp_gain":0,"max_hp_loss":0,"event_name":"Big Fish","floor":3,"gold_loss":0,"cards_obtained":["Regret"]},{"damage_healed":0,"gold_gain":0,"player_choice":"Grow","damage_taken":0,"max_hp_gain":0,"max_hp_loss":0,"event_name":"Living Wall","floor":5,"gold_loss":0,"cards_upgraded":["Zap"]},{"damage_healed":0,"gold_gain":0,"player_choice":"Leave","damage_taken":0,"max_hp_gain":0,"max_hp_loss":0,"event_name":"The Cleric","floor":8,"gold_loss":0},{"damage_healed":0,"gold_gain":0,"player_choice":"Ignored","damage_taken":0,"max_hp_gain":0,"max_hp_loss":0,"event_name":"Liars Game","floor":10,"gold_loss":0},{"damage_healed":0,"gold_gain":0,"player_choice":"Fought Mushrooms","damage_taken":0,"max_hp_gain":0,"max_hp_loss":0,"event_name":"Mushrooms","floor":11,"gold_loss":0},{"damage_healed":0,"gold_gain":0,"player_choice":"Fight","damage_taken":0,"max_hp_gain":0,"max_hp_loss":0,"event_name":"Colosseum","floor":19,"gold_loss":0},{"damage_healed":0,"gold_gain":0,"player_choice":"Fought Nobs","damage_taken":0,"max_hp_gain":0,"max_hp_loss":0,"event_name":"Colosseum","floor":19,"gold_loss":0}],"is_beta":false,"boss_relics":[{"not_picked":["Orrery","Empty Cage"],"picked":"Nuclear Battery"}],"items_purged_floors":[4],"is_endless":false,"potions_floor_spawned":[1,11,12,16,18],"killed_by":"Colosseum Nobs","ascension_level":4}