{"gold_per_floor":[116,116,128,141,216,216,237,256,305,305,317,317,383,413,413,515,515,526,9,20,20],"floor_reached":21,"playtime":1158,"items_purged":[],"score":169,"play_id":"c9275fee-69cb-4c0f-93ea-3fc209e77241","local_time":"20181126172319","is_ascension_mode":false,"campfire_choices":[{"data":"Flex","floor":6,"key":"SMITH"},{"data":"Flame Barrier","floor":10,"key":"SMITH"},{"data":"Rage","floor":12,"key":"SMITH"},{"data":"Double Tap","floor":15,"key":"SMITH"}],"neow_cost":"NONE","seed_source_timestamp":973732919277618,"circlet_count":0,"master_deck":["Strike_R","Strike_R","Strike_R","Strike_R","Defend_R","Defend_R","Defend_R","Defend_R","Bash","Double Tap+1","Twin Strike","Sever Soul","Flame Barrier+1","Flex+1","Rage+1","Disarm","True Grit","Juggernaut","Inflame+1","Armaments","Fire Breathing","Magnetism","Pummel"],"relics":["Burning Blood","Odd Mushroom","Potion Belt","Mark of Pain","Shuriken"],"potions_floor_usage":[],"damage_taken":[{"damage":15,"enemies":"Jaw Worm","floor":1,"turns":5},{"damage":1,"enemies":"Cultist","floor":3,"turns":3},{"damage":7,"enemies":"Small Slimes","floor":4,"turns":4},{"damage":26,"enemies":"The Mushroom Lair","floor":7,"turns":4},{"damage":6,"enemies":"3 Louse","floor":8,"turns":5},{"damage":2,"enemies":"2 Fungi Beasts","floor":11,"turns":3},{"damage":27,"enemies":"Hexaghost","floor":16,"turns":12},{"damage":16,"enemies":"Chosen","floor":18,"turns":7},{"damage":26,"enemies":"Spheric Guardian","floor":20,"turns":6},{"damage":57,"enemies":"Shelled Parasite and Fungi","floor":21,"turns":5}],"seed_played":"-5554926982868858182","potions_obtained":[{"floor":1,"key":"Ancient Potion"},{"floor":4,"key":"Strength Potion"},{"floor":8,"key":"SneckoOil"},{"floor":16,"key":"Energy Potion"},{"floor":20,"key":"AttackPotion"}],"is_trial":false,"path_per_floor":["M","?","M","M","?","R","?","M","T","R","M","R","?","?","R","B",null,"M","$","M","M"],"character_chosen":"IRONCLAD","items_purchased":["Armaments","Fire Breathing","Shuriken","Magnetism"],"campfire_rested":0,"item_purchase_floors":[19,19,19,19],"current_hp_per_floor":[71,71,76,75,64,64,44,44,44,44,48,48,48,48,48,27,80,70,70,50,0],"gold":20,"neow_bonus":"ONE_RANDOM_RARE_CARD","is_prod":false,"is_daily":false,"chose_seed":false,"campfire_upgraded":4,"win_rate":0.0,"timestamp":1543270999,"path_taken":["M","?","M","?","?","R","?","M","T","R","M","R","?","?","R","BOSS","M","$","M","M"],"build_version":"2018-11-15","purchased_purges":0,"victory":false,"max_hp_per_floor":[80,80,80,80,80,80,80,80,80,80,80,80,80,80,80,80,80,80,80,80,80],"card_choices":[{"not_picked":["Bloodletting","Warcry"],"picked":"Twin Strike","floor":1},{"not_picked":["Pummel","Disarm"],"picked":"Flame Barrier","floor":3},{"not_picked":["Battle Trance","Thunderclap"],"picked":"Flex","floor":4},{"not_picked":["Rampage","Headbutt"],"picked":"Rage","floor":7},{"not_picked":["Heavy Blade","Body Slam"],"picked":"Disarm","floor":8},{"not_picked":["Sever Soul","Power Through"],"picked":"True Grit","floor":11},{"not_picked":["Fiend Fire","Brutality"],"picked":"Juggernaut","floor":16},{"not_picked":["Perfected Strike","Clash"],"picked":"Inflame+1","floor":18},{"not_picked":["Clothesline","Seeing Red"],"picked":"Pummel","floor":20}],"player_experience":8449,"relics_obtained":[{"floor":7,"key":"Odd Mushroom"},{"floor":9,"key":"Potion Belt"}],"event_choices":[{"damage_healed":0,"gold_gain":0,"cards_transformed":["Strike_R"],"player_choice":"Transformed","damage_taken":0,"max_hp_gain":0,"max_hp_loss":0,"event_name":"Transmorgrifier","floor":2,"gold_loss":0,"cards_obtained":["Sever Soul"]},{"damage_healed":0,"gold_gain":75,"player_choice":"Gather Gold","damage_taken":11,"max_hp_gain":0,"max_hp_loss":0,"event_name":"World of Goop","floor":5,"gold_loss":0},{"damage_healed":0,"gold_gain":0,"player_choice":"Fought Mushrooms","damage_taken":0,"max_hp_gain":0,"max_hp_loss":0,"event_name":"Mushrooms","floor":7,"gold_loss":0},{"damage_healed":0,"gold_gain":66,"player_choice":"Gained Gold","damage_taken":0,"max_hp_gain":0,"max_hp_loss":0,"event_name":"Golden Wing","floor":13,"gold_loss":0},{"damage_healed":0,"gold_gain":30,"player_choice":"Searched \u00271\u0027 times","damage_taken":0,"max_hp_gain":0,"max_hp_loss":0,"event_name":"Dead Adventurer","floor":14,"gold_loss":0}],"is_beta":false,"boss_relics":[{"not_picked":["Empty Cage","Calling Bell"],"picked":"Mark of Pain"}],"items_purged_floors":[],"is_endless":false,"potions_floor_spawned":[1,4,8,16,20],"killed_by":"Shelled Parasite and Fungi","ascension_level":0}