{"gold_per_floor":[99,99,99,99,99,99,54,54,54,54,54,54,54,4,4,4,4,4,0,0,0,0,0,0,0,0,0,0,0,0,0,0,0],"floor_reached":33,"playtime":2337,"items_purged":[],"score":525,"play_id":"997c4923-4c6e-421c-ae4f-cac6ba41cfcd","local_time":"20190312190423","is_ascension_mode":true,"campfire_choices":[{"data":"Neutralize","floor":6.0,"key":"SMITH"},{"floor":10.0,"key":"REST"},{"data":"Dash","floor":12.0,"key":"SMITH"},{"data":"Poisoned Stab","floor":15.0,"key":"SMITH"},{"data":"A Thousand Cuts","floor":23.0,"key":"SMITH"},{"floor":30.0,"key":"REST"},{"floor":32.0,"key":"REST"}],"neow_cost":"NONE","seed_source_timestamp":761497387976749,"circlet_count":0,"master_deck":["AscendersBane","Defend_G","Defend_G","Defend_G","Defend_G","Defend_G+1","Strike_G","Strike_G","Strike_G","Strike_G","Survivor","Neutralize+1","Riddle With Holes","Quick Slash","Dodge and Roll+1","Poisoned Stab+1","Dagger Spray","Distraction","Dash+1","A Thousand Cuts+1","Clumsy","Shame","Normality","Footwork+1","Neutralize","Glass Knife","Dodge and Roll","Madness","Flying Knee","Cloak And Dagger+1","Storm of Steel","Footwork","Writhe","Footwork"],"special_seed":0,"relics":["Ectoplasm","Centennial Puzzle","Matryoshka","Singing Bowl","Calling Bell","Lantern","Mercury Hourglass","Thread and Needle","Pantograph","Art of War","Bird Faced Urn","Ornamental Fan"],"potions_floor_usage":[33],"damage_taken":[{"damage":5.0,"enemies":"Cultist","floor":1.0,"turns":5.0},{"damage":0.0,"enemies":"2 Louse","floor":2.0,"turns":3.0},{"damage":0.0,"enemies":"Small Slimes","floor":3.0,"turns":2.0},{"damage":4.0,"enemies":"Gremlin Gang","floor":5.0,"turns":7.0},{"damage":6.0,"enemies":"Looter","floor":7.0,"turns":4.0},{"damage":13.0,"enemies":"Gremlin Nob","floor":8.0,"turns":4.0},{"damage":0.0,"enemies":"Large Slime","floor":11.0,"turns":6.0},{"damage":4.0,"enemies":"3 Sentries","floor":13.0,"turns":9.0},{"damage":9.0,"enemies":"The Guardian","floor":16.0,"turns":14.0},{"damage":0.0,"enemies":"3 Byrds","floor":18.0,"turns":4.0},{"damage":15.0,"enemies":"2 Thieves","floor":19.0,"turns":4.0},{"damage":5.0,"enemies":"Centurion and Healer","floor":21.0,"turns":8.0},{"damage":0.0,"enemies":"3 Cultists","floor":22.0,"turns":3.0},{"damage":21.0,"enemies":"Book of Stabbing","floor":24.0,"turns":8.0},{"damage":15.0,"enemies":"Shelled Parasite and Fungi","floor":25.0,"turns":6.0},{"damage":3.0,"enemies":"Snake Plant","floor":27.0,"turns":4.0},{"damage":5.0,"enemies":"Chosen and Byrds","floor":29.0,"turns":4.0},{"damage":2.0,"enemies":"Cultist and Chosen","floor":31.0,"turns":5.0},{"damage":115,"enemies":"Automaton","floor":33,"turns":12}],"seed_played":"1072379886346885782","potions_obtained":[{"floor":5.0,"key":"Swift Potion"},{"floor":7.0,"key":"Fire Potion"},{"floor":19.0,"key":"Explosive Potion"},{"floor":21.0,"key":"SteroidPotion"},{"floor":31.0,"key":"SmokeBomb"}],"is_trial":false,"path_per_floor":["M","M","M","?","M","R","M","E","T","R","M","R","E","?","R","B",null,"M","M","?","M","M","R","E","M","T","M","?","M","R","M","R","B"],"character_chosen":"THE_SILENT","items_purchased":[],"campfire_rested":3,"item_purchase_floors":[],"current_hp_per_floor":[58,58,58,44,40,40,34,21,21,42,42,42,40,40,40,31,62,64,49,49,44,46,46,25,10,10,9,9,8,31,35,58,0],"gold":0,"neow_bonus":"BOSS_RELIC","is_prod":false,"is_daily":false,"chose_seed":false,"campfire_upgraded":4,"win_rate":0,"timestamp":1552442663,"path_taken":["M","M","M","?","M","R","M","E","T","R","M","R","E","?","R","BOSS","M","M","?","M","?","R","E","M","T","?","?","M","R","M","R","BOSS"],"build_version":"2019-01-23","purchased_purges":0,"victory":false,"max_hp_per_floor":[70,70,70,70,70,70,70,70,70,70,70,70,72,72,72,72,72,74,74,74,74,76,76,76,76,76,76,76,78,78,78,78,78],"card_choices":[{"not_picked":["Sucker Punch","Outmaneuver"],"picked":"Riddle With Holes","floor":1.0},{"not_picked":["Slice","Acrobatics"],"picked":"Quick Slash","floor":2.0},{"not_picked":["Endless Agony","Setup"],"picked":"Dodge and Roll","floor":3.0},{"not_picked":["Deflect","Underhanded Strike"],"picked":"Poisoned Stab","floor":5.0},{"not_picked":["Choke","Outmaneuver"],"picked":"Dagger Spray","floor":7.0},{"not_picked":["Eviscerate","Dodge and Roll"],"picked":"Distraction","floor":8.0},{"not_picked":["Well Laid Plans","Distraction"],"picked":"Dash","floor":11.0},{"not_picked":["Accuracy","Expertise","Setup"],"picked":"Singing Bowl","floor":13.0},{"not_picked":["Phantasmal Killer","Bullet Time"],"picked":"A Thousand Cuts","floor":16.0},{"not_picked":["Masterful Stab","Deadly Poison","Dagger Throw"],"picked":"Singing Bowl","floor":18.0},{"not_picked":["Outmaneuver","Eviscerate"],"picked":"Footwork+1","floor":19.0},{"not_picked":["Sucker Punch","Poisoned Stab"],"picked":"Flying Knee","floor":21.0},{"not_picked":["Dodge and Roll","Slice","Bane"],"picked":"Singing Bowl","floor":22.0},{"not_picked":["Reflex+1","Outmaneuver"],"picked":"Cloak And Dagger+1","floor":24.0},{"not_picked":["Cloak And Dagger","Dagger Spray"],"picked":"Storm of Steel","floor":25.0},{"not_picked":["Riddle With Holes","Caltrops"],"picked":"Footwork","floor":27.0},{"not_picked":["Outmaneuver+1","Setup+1","Sucker Punch"],"picked":"Singing Bowl","floor":29.0},{"not_picked":["Acrobatics","Underhanded Strike"],"picked":"Footwork","floor":31.0}],"player_experience":462317,"relics_obtained":[{"floor":8.0,"key":"Centennial Puzzle"},{"floor":9.0,"key":"Matryoshka"},{"floor":13.0,"key":"Singing Bowl"},{"floor":17.0,"key":"Lantern"},{"floor":17.0,"key":"Mercury Hourglass"},{"floor":17.0,"key":"Thread and Needle"},{"floor":24.0,"key":"Pantograph"},{"floor":26.0,"key":"Art of War"},{"floor":26.0,"key":"Bird Faced Urn"}],"event_choices":[{"damage_healed":0.0,"max_hp_gain":0.0,"max_hp_loss":0.0,"gold_gain":0.0,"event_name":"Shining Light","player_choice":"Entered Light","floor":4.0,"gold_loss":0.0,"damage_taken":14.0,"cards_upgraded":["Dodge and Roll","Defend_G"]},{"cards_removed":["Strike_G"],"damage_healed":0.0,"max_hp_gain":0.0,"max_hp_loss":0.0,"gold_gain":0.0,"event_name":"The Cleric","player_choice":"Card Removal","floor":14.0,"gold_loss":50.0,"damage_taken":0.0},{"damage_healed":0.0,"max_hp_gain":0.0,"max_hp_loss":0.0,"gold_gain":0.0,"event_name":"Match and Keep!","player_choice":"4 cards matched","floor":20.0,"gold_loss":0.0,"damage_taken":0.0,"cards_obtained":["Neutralize","Glass Knife","Dodge and Roll","Madness"]},{"damage_healed":0.0,"max_hp_gain":0.0,"max_hp_loss":0.0,"gold_gain":0.0,"event_name":"Match and Keep!","player_choice":"4 cards matched","floor":20.0,"gold_loss":0.0,"damage_taken":0.0,"cards_obtained":["Neutralize","Glass Knife","Dodge and Roll","Madness"]},{"damage_healed":0.0,"max_hp_gain":0.0,"max_hp_loss":0.0,"gold_gain":0.0,"event_name":"Match and Keep!","player_choice":"4 cards matched","floor":20.0,"gold_loss":0.0,"damage_taken":0.0,"cards_obtained":["Neutralize","Glass Knife","Dodge and Roll","Madness"]},{"damage_healed":0.0,"max_hp_gain":0.0,"max_hp_loss":0.0,"gold_gain":0.0,"event_name":"The Mausoleum","player_choice":"Opened","floor":28.0,"gold_loss":0.0,"damage_taken":0.0,"relics_obtained":["Ornamental Fan"],"cards_obtained":["Writhe"]}],"is_beta":false,"boss_relics":[{"not_picked":["Velvet Choker","White Beast Statue"],"picked":"Calling Bell"}],"items_purged_floors":[],"is_endless":false,"potions_floor_spawned":[5,7,19,21,31],"killed_by":"Automaton","ascension_level":10}