{"gold_per_floor":[361,361,376,394,15,15,15,41,109,119,119,131,147,165,165,238,238,258,258,238,38,38,38,49,49,49,49,23,43,57,87,87,159,159,171,191,191,60,80,80,107,107,107,125,143,143,443,8,8,8],"floor_reached":51,"playtime":2440,"items_purged":["Strike_B"],"score":1330,"play_id":"cae0d0fc-dfe9-42fe-81ee-27e5cc022128","local_time":"20181014190103","is_ascension_mode":true,"campfire_choices":[{"data":"Sunder","floor":6.0,"key":"SMITH"},{"floor":11.0,"key":"REST"},{"data":"Go for the Eyes","floor":15.0,"key":"SMITH"},{"data":"Ball Lightning","floor":23,"key":"SMITH"},{"floor":25,"key":"REST"},{"data":"Loop","floor":32,"key":"SMITH"},{"floor":40,"key":"REST"},{"data":"Biased Cognition","floor":42,"key":"SMITH"},{"data":"Dualcast","floor":46,"key":"SMITH"},{"floor":49,"key":"REST"}],"neow_cost":"TEN_PERCENT_HP_LOSS","seed_source_timestamp":36205703766802,"circlet_count":0,"master_deck":["Defend_B+1","Defend_B+1","Defend_B+1","Defend_B+1","Zap+1","Dualcast+1","AscendersBane","Cold Snap","Sunder+1","Steam","Consume+1","FTL","Leap+1","Coolheaded+1","Ball Lightning+1","Cold Snap","Go for the Eyes+1","Rainbow+1","Coolheaded+1","Seek+1","Rainbow+1","Cold Snap+1","Turbo+1","Coolheaded+1","All For One","Hologram+1","Leap+1","Conserve Battery+1","White Noise+1","Recycle+1","Loop+1","Biased Cognition+1","Double Energy+1","Coolheaded+1","Coolheaded+1","Blind+1","Coolheaded+1","White Noise+1","Chill+1","Fusion+1","Hologram+1","Secret Technique+1","Reinforced Body+1"],"special_seed":0,"relics":["Cracked Core","War Paint","Dream Catcher","Toxic Egg 2","Astrolabe","Lantern","Pear","Inserter","Happy Flower","Mango","Pen Nib"],"potions_floor_usage":[31,50],"damage_taken":[{"damage":18.0,"enemies":"2 Louse","floor":1.0,"turns":3.0},{"damage":2.0,"enemies":"Small Slimes","floor":3.0,"turns":3.0},{"damage":10.0,"enemies":"Jaw Worm","floor":4.0,"turns":2.0},{"damage":3.0,"enemies":"Gremlin Nob","floor":8.0,"turns":3.0},{"damage":0.0,"enemies":"Large Slime","floor":10.0,"turns":4.0},{"damage":7.0,"enemies":"Exordium Wildlife","floor":12.0,"turns":3.0},{"damage":3.0,"enemies":"Gremlin Gang","floor":13.0,"turns":4.0},{"damage":2.0,"enemies":"2 Fungi Beasts","floor":14.0,"turns":3.0},{"damage":32.0,"enemies":"Slime Boss","floor":16.0,"turns":13.0},{"damage":2,"enemies":"Chosen","floor":18,"turns":4},{"damage":5,"enemies":"2 Thieves","floor":20,"turns":4},{"damage":23,"enemies":"Snake Plant","floor":24,"turns":4},{"damage":0,"enemies":"Centurion and Healer","floor":29,"turns":7},{"damage":6,"enemies":"Snecko","floor":30,"turns":6},{"damage":29,"enemies":"Slavers","floor":31,"turns":7},{"damage":17,"enemies":"Champ","floor":33,"turns":11},{"damage":29,"enemies":"3 Darklings","floor":35,"turns":8},{"damage":0,"enemies":"3 Shapes","floor":36,"turns":4},{"damage":17,"enemies":"Sphere and 2 Shapes","floor":39,"turns":10},{"damage":0,"enemies":"Giant Head","floor":41,"turns":10},{"damage":0,"enemies":"Spire Growth","floor":44,"turns":6},{"damage":0,"enemies":"Maw","floor":45,"turns":8},{"damage":2,"enemies":"Donu and Deca","floor":50,"turns":16}],"seed_played":"3004109150304088306","potions_obtained":[{"floor":3.0,"key":"PowerPotion"},{"floor":4.0,"key":"PowerPotion"},{"floor":12.0,"key":"Fruit Juice"},{"floor":14.0,"key":"FairyPotion"},{"floor":16.0,"key":"Block Potion"},{"floor":37,"key":"LiquidBronze"},{"floor":37,"key":"SkillPotion"},{"floor":41,"key":"Swift Potion"}],"is_trial":false,"path_per_floor":["M","?","M","M","$","R","?","E","T","M","R","M","M","M","R","B",null,"M","?","M","$","?","R","M","R","T","?","$","M","M","E","R","B",null,"M","M","?","$","M","R","E","R","T","M","M","R","?","$","R","B"],"character_chosen":"DEFECT","items_purchased":["Consume","FTL","War Paint","Coolheaded+1","All For One","Conserve Battery+1","Coolheaded+1","Blind+1","Secret Technique+1","Pen Nib","FocusPotion"],"campfire_rested":4,"item_purchase_floors":[5,5,5,21,21,28,38,38,48,48,48],"current_hp_per_floor":[46,46,44,34,34,34,34,31,31,31,50,43,45,43,43,11,55,53,53,48,48,48,48,25,45,45,45,45,45,46,34,34,17,64,35,35,35,35,18,41,41,41,55,55,55,55,55,55,82,80],"gold":8,"neow_bonus":"TWO_FIFTY_GOLD","is_prod":false,"is_daily":false,"chose_seed":false,"campfire_upgraded":6,"win_rate":0,"timestamp":1539554463,"path_taken":["M","?","M","M","$","R","?","E","T","M","R","M","M","M","R","BOSS","M","?","M","$","?","R","M","R","T","?","?","M","M","E","R","BOSS","M","M","?","?","?","R","E","R","T","M","M","R","?","$","R","BOSS"],"build_version":"2018-07-12","purchased_purges":1,"victory":true,"max_hp_per_floor":[64,64,64,64,64,64,64,64,64,64,64,64,69,69,69,69,69,69,69,69,69,69,69,69,69,69,69,69,69,69,79,79,79,79,79,79,79,79,79,79,79,79,93,93,93,93,93,93,93,93],"card_choices":[{"not_picked":["Turbo","Streamline"],"picked":"Cold Snap","floor":1.0},{"not_picked":["FTL","Conserve Battery"],"picked":"Sunder","floor":3.0},{"not_picked":["Stack","Rebound"],"picked":"Steam","floor":4.0},{"not_picked":["Doom and Gloom","Barrage","Steam Power"],"picked":"SKIP","floor":8.0},{"not_picked":["Hologram+1","Fusion+1"],"picked":"Leap+1","floor":10.0},{"not_picked":["Redo+1","Gash"],"picked":"Coolheaded+1","floor":11.0},{"not_picked":["Turbo+1","Hyperbeam"],"picked":"Ball Lightning","floor":12.0},{"not_picked":["Static Discharge","Steam+1"],"picked":"Cold Snap","floor":13.0},{"not_picked":["Rebound","Loop"],"picked":"Go for the Eyes","floor":14.0},{"not_picked":["Meteor Strike","Fission+1"],"picked":"Rainbow+1","floor":16.0},{"not_picked":["Compile Driver","Melter+1"],"picked":"Cold Snap+1","floor":18},{"not_picked":["Steam+1","Redo+1"],"picked":"Turbo+1","floor":20},{"not_picked":["Rebound+1","Cold Snap"],"picked":"Hologram+1","floor":24},{"not_picked":["Streamline","Stack+1"],"picked":"Leap+1","floor":25},{"not_picked":["Heatsinks","Consume+1"],"picked":"White Noise+1","floor":29},{"not_picked":["Tempest+1","Amplify+1"],"picked":"Recycle+1","floor":30},{"not_picked":["Rainbow+1","Coolheaded+1"],"picked":"Loop","floor":31},{"not_picked":["Fission+1","Core Surge"],"picked":"Biased Cognition","floor":33},{"not_picked":["Rip and Tear","Coolheaded+1"],"picked":"Double Energy+1","floor":35},{"not_picked":["Steam+1","Stack+1"],"picked":"Coolheaded+1","floor":36},{"not_picked":["Double Energy+1","Redo+1"],"picked":"Coolheaded+1","floor":39},{"not_picked":["Go for the Eyes+1","Compile Driver"],"picked":"White Noise+1","floor":40},{"not_picked":["Reboot+1","Streamline"],"picked":"Chill+1","floor":41},{"not_picked":["Stack+1","Doom and Gloom+1"],"picked":"Fusion+1","floor":44},{"not_picked":["Double Energy+1","Cold Snap"],"picked":"Hologram+1","floor":45},{"not_picked":["Leap+1","Barrage"],"picked":"Reinforced Body+1","floor":49}],"player_experience":939907,"relics_obtained":[{"floor":8.0,"key":"Dream Catcher"},{"floor":9.0,"key":"Toxic Egg 2"},{"floor":26,"key":"Lantern"},{"floor":31,"key":"Pear"},{"floor":41,"key":"Happy Flower"},{"floor":43,"key":"Mango"}],"event_choices":[{"event_name":"Living Wall","player_choice":"Grow","floor":2.0,"damage_taken":0.0},{"event_name":"Dead Adventurer","player_choice":"Searched \u00270\u0027 times","floor":7.0,"damage_taken":0.0},{"event_name":"Ghosts","player_choice":"Ignored","floor":19,"damage_taken":0},{"event_name":"Addict","player_choice":"Ignored","floor":22,"damage_taken":0},{"event_name":"Back to Basics","player_choice":"Simplicity","floor":27,"damage_taken":0},{"event_name":"The Lab","player_choice":"Got Potions","floor":37,"damage_taken":0},{"event_name":"Wheel of Change","player_choice":"Gold","floor":47,"damage_taken":0}],"boss_relics":[{"not_picked":["Pandora\u0027s Box","Tiny House"],"picked":"Astrolabe"},{"not_picked":["Nuclear Battery","Eternal Feather"],"picked":"Inserter"}],"items_purged_floors":[5],"is_endless":false,"potions_floor_spawned":[3,4,12,14,16,24,30,41,44],"ascension_level":15}