{"gold_per_floor":[116,116,132,152,152,152,152,162,162,181,199,199,217,249,249,324,324,344,86,86],"floor_reached":20,"playtime":656,"items_purged":["Strike_R"],"score":352,"play_id":"5a0a30c0-4f39-4989-9ef7-1057233c051c","local_time":"20190211211549","is_ascension_mode":true,"campfire_choices":[{"data":"Body Slam","floor":6.0,"key":"SMITH"},{"data":"True Grit","floor":15.0,"key":"SMITH"}],"neow_cost":"PERCENT_DAMAGE","seed_source_timestamp":2353385257983929,"circlet_count":0,"master_deck":["AscendersBane","Strike_R","Defend_R+1","Defend_R+1","Defend_R","Defend_R","Bash","Metallicize","Body Slam+1","Cleave","True Grit+1","Clash","Second Wind","Flash of Steel","Evolve"],"special_seed":0,"relics":["Burning Blood","Ginger","Girya","Velvet Choker"],"potions_floor_usage":[20],"damage_taken":[{"damage":9.0,"enemies":"Jaw Worm","floor":1.0,"turns":4.0},{"damage":3.0,"enemies":"Cultist","floor":3.0,"turns":4.0},{"damage":0.0,"enemies":"2 Louse","floor":4.0,"turns":4.0},{"damage":4.0,"enemies":"Lots of Slimes","floor":8.0,"turns":5.0},{"damage":1.0,"enemies":"2 Fungi Beasts","floor":10.0,"turns":3.0},{"damage":0.0,"enemies":"Large Slime","floor":11.0,"turns":6.0},{"damage":1.0,"enemies":"Blue Slaver","floor":13.0,"turns":4.0},{"damage":1.0,"enemies":"Lagavulin","floor":14.0,"turns":4.0},{"damage":37.0,"enemies":"The Guardian","floor":16.0,"turns":12.0},{"damage":26.0,"enemies":"Shell Parasite","floor":18.0,"turns":7.0},{"damage":0,"enemies":"Masked Bandits","floor":20,"turns":1}],"seed_played":"-761422013630592941","potions_obtained":[{"floor":1.0,"key":"EssenceOfSteel"},{"floor":7.0,"key":"GamblersBrew"},{"floor":10.0,"key":"AttackPotion"},{"floor":14.0,"key":"SkillPotion"}],"is_trial":false,"path_per_floor":["M","?","M","M","?","R","?","M","T","M","M","?","M","E","R","B",null,"M","$","?"],"character_chosen":"IRONCLAD","items_purchased":["Flash of Steel","Evolve"],"campfire_rested":0,"item_purchase_floors":[19,19],"current_hp_per_floor":[47,47,50,56,33,33,33,35,35,40,46,46,51,56,56,25,63,43,43,43],"gold":86,"neow_bonus":"REMOVE_TWO","is_prod":false,"is_daily":false,"chose_seed":false,"campfire_upgraded":2,"win_rate":0,"timestamp":1549890949,"path_taken":["M","?","M","?","?","R","?","M","T","M","?","?","M","E","R","BOSS","M","$","?"],"build_version":"2019-01-23","purchased_purges":1,"victory":false,"max_hp_per_floor":[75,75,75,75,75,75,75,75,75,75,75,75,75,75,75,75,75,75,75,75],"card_choices":[{"not_picked":["Iron Wave","Perfected Strike"],"picked":"Metallicize","floor":1.0},{"not_picked":["Hemokinesis","Headbutt"],"picked":"Body Slam","floor":3.0},{"not_picked":["Wild Strike","Havoc"],"picked":"Cleave","floor":4.0},{"not_picked":["Clash","Flex"],"picked":"True Grit","floor":8.0},{"not_picked":["Heavy Blade","Blood for Blood"],"picked":"Clash","floor":10.0},{"not_picked":["Armaments","Warcry","Rupture"],"picked":"SKIP","floor":11.0},{"not_picked":["Intimidate","Anger","Twin Strike"],"picked":"SKIP","floor":13.0},{"not_picked":["Spot Weakness","Double Tap"],"picked":"Second Wind","floor":14.0},{"not_picked":["Searing Blow","Reckless Charge","Havoc"],"picked":"SKIP","floor":18.0}],"player_experience":873231,"relics_obtained":[{"floor":9.0,"key":"Ginger"},{"floor":14.0,"key":"Girya"}],"event_choices":[{"cards_removed":["Strike_R"],"damage_healed":0.0,"max_hp_gain":0.0,"max_hp_loss":0.0,"gold_gain":0.0,"event_name":"Bonfire Elementals","player_choice":"Offered Basic","floor":2.0,"gold_loss":0.0,"damage_taken":0.0},{"damage_healed":0.0,"max_hp_gain":0.0,"max_hp_loss":0.0,"gold_gain":0.0,"event_name":"Shining Light","player_choice":"Entered Light","floor":5.0,"gold_loss":0.0,"damage_taken":23.0,"cards_upgraded":["Defend_R","Defend_R"]},{"damage_healed":0.0,"max_hp_gain":0.0,"max_hp_loss":0.0,"gold_gain":0.0,"event_name":"Lab","player_choice":"Got Potions","floor":7.0,"gold_loss":0.0,"damage_taken":0.0},{"damage_healed":0.0,"max_hp_gain":0.0,"max_hp_loss":0.0,"gold_gain":0.0,"event_name":"Liars Game","player_choice":"Ignored","floor":12.0,"gold_loss":0.0,"damage_taken":0.0},{"damage_healed":0,"gold_gain":0,"player_choice":"Fought Bandits","damage_taken":0,"max_hp_gain":0,"max_hp_loss":0,"event_name":"Masked Bandits","floor":20,"gold_loss":0}],"is_beta":false,"boss_relics":[{"not_picked":["Busted Crown","White Beast Statue"],"picked":"Velvet Choker"}],"items_purged_floors":[19],"is_endless":false,"potions_floor_spawned":[1,10,13,14,16],"killed_by":"Masked Bandits","ascension_level":20}