{"gold_per_floor":[119,194,214,227,246,246,38,38,63,63,129,185,203,7,7,79,79,96,96,96,60,73,73,106,122,172,203,216,216,216,226,226,298,298,315,71,71,371,381,416,416,416],"floor_reached":42,"playtime":1466,"items_purged":[],"score":1082,"play_id":"3e20f01b-dc71-4a38-bf2d-ede039defd8a","local_time":"20190515133015","is_ascension_mode":true,"campfire_choices":[{"data":"Neutralize","floor":6.0,"key":"SMITH"},{"data":"Predator","floor":8.0,"key":"SMITH"},{"floor":10.0,"key":"REST"},{"floor":15.0,"key":"REST"},{"floor":23.0,"key":"REST"},{"floor":30.0,"key":"REST"},{"data":"Choke","floor":32.0,"key":"SMITH"},{"floor":41,"key":"REST"}],"neow_cost":"NONE","seed_source_timestamp":263208786633030,"circlet_count":0,"master_deck":["AscendersBane","Defend_G","Defend_G","Defend_G","Defend_G","Survivor","Neutralize+1","Predator+1","Backstab","Well Laid Plans","Doppelganger","Deadly Poison","Blade Dance+1","Choke+1","Caltrops+1","Bite","Bite","Bite","Bite","After Image","Panacea+1","Slice+1","All Out Attack+1","Sucker Punch+1","Footwork"],"special_seed":0,"relics":["Busted Crown","Bag of Preparation","PreservedInsect","Tiny Chest","Snake Skull","Sozu","Pen Nib","Bronze Scales","Dead Branch","Astrolabe","Strawberry","Blue Candle"],"potions_floor_usage":[],"damage_taken":[{"damage":6.0,"enemies":"Jaw Worm","floor":1.0,"turns":6.0},{"damage":0.0,"enemies":"Cultist","floor":3.0,"turns":3.0},{"damage":12.0,"enemies":"Small Slimes","floor":4.0,"turns":3.0},{"damage":1.0,"enemies":"Looter","floor":5.0,"turns":2.0},{"damage":10.0,"enemies":"3 Sentries","floor":12.0,"turns":8.0},{"damage":0.0,"enemies":"3 Louse","floor":13.0,"turns":2.0},{"damage":21.0,"enemies":"Slime Boss","floor":16.0,"turns":9.0},{"damage":6.0,"enemies":"3 Byrds","floor":18.0,"turns":9.0},{"damage":16.0,"enemies":"2 Thieves","floor":21.0,"turns":5.0},{"damage":5.0,"enemies":"Snecko","floor":22.0,"turns":5.0},{"damage":13.0,"enemies":"Book of Stabbing","floor":24.0,"turns":5.0},{"damage":26.0,"enemies":"Chosen and Byrds","floor":25.0,"turns":8.0},{"damage":0.0,"enemies":"Gremlin Leader","floor":27.0,"turns":3.0},{"damage":0.0,"enemies":"Snake Plant","floor":28.0,"turns":2.0},{"damage":4.0,"enemies":"3 Cultists","floor":31.0,"turns":4.0},{"damage":26.0,"enemies":"Automaton","floor":33.0,"turns":10.0},{"damage":22.0,"enemies":"3 Shapes","floor":35.0,"turns":6.0},{"damage":1,"enemies":"Orb Walker","floor":39,"turns":2},{"damage":35,"enemies":"Nemesis","floor":40,"turns":5},{"damage":45,"enemies":"Giant Head","floor":42,"turns":5}],"seed_played":"1337925376096066799","potions_obtained":[{"floor":1.0,"key":"Weak Potion"},{"floor":4.0,"key":"Strength Potion"},{"floor":16.0,"key":"Dexterity Potion"}],"is_trial":false,"path_per_floor":["M","?","M","M","M","R","$","R","T","R","?","E","M","$","R","B",null,"M","?","?","M","M","R","E","M","T","E","M","?","R","M","R","B",null,"M","$","?","?","M","E","R","E"],"character_chosen":"THE_SILENT","items_purchased":["Well Laid Plans","Bag of Preparation","Snake Skull","Deflect","Footwork","Strawberry"],"campfire_rested":5,"item_purchase_floors":[7,7,14,14,36,36],"current_hp_per_floor":[53,42,42,30,29,29,29,29,29,48,48,38,38,38,57,36,59,53,53,53,37,32,51,38,12,12,12,12,12,25,33,33,27,41,27,34,34,34,33,10,25,0],"gold":416,"neow_bonus":"BOSS_RELIC","is_prod":false,"is_daily":false,"chose_seed":false,"campfire_upgraded":3,"win_rate":0,"timestamp":1557937815,"path_taken":["M","?","M","M","M","R","$","R","T","R","?","E","M","$","R","BOSS","M","?","?","?","M","R","E","M","T","E","M","?","R","M","R","BOSS","M","$","?","?","?","E","R","E"],"build_version":"2019-01-23","purchased_purges":0,"victory":false,"max_hp_per_floor":[66,66,66,66,66,66,66,66,66,66,66,66,66,66,66,66,66,66,66,66,66,66,66,66,66,66,66,66,46,46,46,46,46,46,46,53,53,53,53,53,53,53],"card_choices":[{"not_picked":[],"picked":"Predator","floor":1.0},{"not_picked":["Accuracy"],"picked":"SKIP","floor":3.0},{"not_picked":[],"picked":"Backstab","floor":4.0},{"not_picked":["Riddle With Holes"],"picked":"SKIP","floor":5.0},{"not_picked":[],"picked":"Doppelganger","floor":12.0},{"not_picked":["Dagger Throw"],"picked":"SKIP","floor":13.0},{"not_picked":["Bane"],"picked":"SKIP","floor":18.0},{"not_picked":[],"picked":"Deadly Poison","floor":21.0},{"not_picked":[],"picked":"Blade Dance+1","floor":22.0},{"not_picked":["Setup"],"picked":"SKIP","floor":24.0},{"not_picked":[],"picked":"Choke","floor":25.0},{"not_picked":[],"picked":"Caltrops+1","floor":27.0},{"not_picked":["Flying Knee"],"picked":"SKIP","floor":28.0},{"not_picked":["Bane"],"picked":"SKIP","floor":31.0},{"not_picked":[],"picked":"After Image","floor":33.0},{"not_picked":[],"picked":"Sucker Punch+1","floor":35.0},{"not_picked":["Slice+1"],"picked":"SKIP","floor":39},{"not_picked":["Blade Dance"],"picked":"SKIP","floor":40}],"player_experience":2334277,"relics_obtained":[{"floor":9.0,"key":"PreservedInsect"},{"floor":12.0,"key":"Tiny Chest"},{"floor":24.0,"key":"Pen Nib"},{"floor":26.0,"key":"Bronze Scales"},{"floor":27.0,"key":"Dead Branch"},{"floor":40,"key":"Blue Candle"}],"event_choices":[{"damage_healed":0.0,"max_hp_gain":0.0,"max_hp_loss":0.0,"gold_gain":75.0,"event_name":"World of Goop","player_choice":"Gather Gold","floor":2.0,"gold_loss":0.0,"damage_taken":11.0},{"damage_healed":0.0,"max_hp_gain":0.0,"max_hp_loss":0.0,"gold_gain":66.0,"event_name":"Golden Wing","player_choice":"Gained Gold","floor":11.0,"gold_loss":0.0,"damage_taken":0.0},{"damage_healed":0.0,"max_hp_gain":0.0,"max_hp_loss":0.0,"gold_gain":0.0,"event_name":"The Mausoleum","player_choice":"Ignored","floor":19.0,"gold_loss":0.0,"damage_taken":0.0},{"damage_healed":0.0,"max_hp_gain":0.0,"max_hp_loss":0.0,"gold_gain":0.0,"event_name":"Lab","player_choice":"Got Potions","floor":20.0,"gold_loss":0.0,"damage_taken":0.0},{"damage_healed":0.0,"max_hp_gain":0.0,"max_hp_loss":20.0,"gold_gain":0.0,"event_name":"Vampires","player_choice":"Became a vampire","floor":29.0,"gold_loss":0.0,"damage_taken":0.0,"cards_obtained":["Bite","Bite","Bite","Bite","Bite"]},{"damage_healed":0,"gold_gain":0,"player_choice":"Ignored","damage_taken":0,"max_hp_gain":0,"max_hp_loss":0,"event_name":"Mysterious Sphere","floor":37,"gold_loss":0},{"damage_healed":0,"gold_gain":300,"player_choice":"Gold","damage_taken":0,"max_hp_gain":0,"max_hp_loss":0,"event_name":"Wheel of Change","floor":38,"gold_loss":0}],"is_beta":false,"boss_relics":[{"not_picked":["Philosopher\u0027s Stone","WristBlade"],"picked":"Sozu"},{"not_picked":["Tiny House","Coffee Dripper"],"picked":"Astrolabe"}],"items_purged_floors":[],"is_endless":false,"potions_floor_spawned":[1,4,16,18,22,24,28,39],"killed_by":"Giant Head","ascension_level":20}