{"gold_per_floor":[119,119,139,155,155,184,204,204,227,238,257,257,290,305,305,409,409,423,338,263,276,290,320,320,334,361,361,361],"floor_reached":28,"playtime":1189,"items_purged":["Strike_B"],"score":290,"play_id":"51c0ef78-5bce-4b62-8f76-db2af86d427f","local_time":"20180629010058","is_ascension_mode":true,"campfire_choices":[{"data":"Zap","floor":8,"key":"SMITH"},{"data":"Dualcast","floor":12,"key":"SMITH"},{"floor":15,"key":"REST"},{"data":"Storm","floor":24,"key":"SMITH"}],"neow_cost":"","seed_source_timestamp":173015591635519,"circlet_count":0,"master_deck":["Strike_B","Strike_B","Strike_B","Defend_B","Defend_B","Defend_B","Defend_B","Zap+1","Dualcast+1","Tempest","Beam Cell","White Noise","Auto Shields","White Noise","Auto Shields","Storm+1","Chill","Turbo","Meteor Strike","Sunder","Aggregate","Coolheaded+1","Storm+1"],"relics":["Cracked Core","Orichalcum","Strawberry","Bag of Marbles","Sundial","Velvet Choker","Cables","Ornamental Fan","Pen Nib"],"potions_floor_usage":[16,23,28,28],"damage_taken":[{"damage":0,"enemies":"Jaw Worm","floor":1,"turns":3},{"damage":6,"enemies":"2 Louse","floor":3,"turns":3},{"damage":3,"enemies":"Cultist","floor":4,"turns":3},{"damage":3,"enemies":"3 Sentries","floor":6,"turns":2},{"damage":6,"enemies":"Looter","floor":7,"turns":3},{"damage":10,"enemies":"2 Fungi Beasts","floor":10,"turns":4},{"damage":10,"enemies":"Blue Slaver","floor":11,"turns":3},{"damage":15,"enemies":"Gremlin Nob","floor":13,"turns":4},{"damage":5,"enemies":"Gremlin Gang","floor":14,"turns":5},{"damage":24,"enemies":"Slime Boss","floor":16,"turns":9},{"damage":8,"enemies":"2 Thieves","floor":18,"turns":3},{"damage":9,"enemies":"Spheric Guardian","floor":21,"turns":4},{"damage":9,"enemies":"Centurion and Healer","floor":22,"turns":7},{"damage":19,"enemies":"Book of Stabbing","floor":23,"turns":5},{"damage":13,"enemies":"Sentry and Sphere","floor":25,"turns":4},{"damage":31,"enemies":"Gremlin Leader","floor":28,"turns":3}],"seed_played":"-6574245557176087399","potions_obtained":[{"floor":4,"key":"LiquidBronze"},{"floor":6,"key":"LiquidBronze"},{"floor":10,"key":"FocusPotion"},{"floor":16,"key":"Weak Potion"}],"is_trial":false,"path_per_floor":["M","?","M","M","?","E","M","R","T","M","M","R","E","M","R","B",null,"M","?","$","M","M","E","R","M","T","?"],"character_chosen":"DEFECT","items_purchased":[],"campfire_rested":1,"item_purchase_floors":[],"current_hp_per_floor":[75,75,69,66,66,70,64,64,64,54,44,44,29,24,48,31,82,74,74,74,65,56,37,37,24,24,24,0],"gold":361,"neow_bonus":"","is_prod":false,"is_daily":false,"chose_seed":false,"campfire_upgraded":3,"win_rate":0,"timestamp":1530252058,"path_taken":["M","?","?","M","?","E","M","R","T","?","?","R","E","M","R","BOSS","M","?","$","?","M","E","R","M","T","?","E"],"build_version":"2018-06-28","purchased_purges":1,"victory":false,"max_hp_per_floor":[75,75,75,75,75,82,82,82,82,82,82,82,82,82,82,82,82,82,82,82,82,82,82,82,82,82,82,82],"card_choices":[{"not_picked":["Turbo","Ball Lightning"],"picked":"Tempest","floor":1},{"not_picked":["Coolheaded","Sweeping Beam"],"picked":"Beam Cell","floor":3},{"not_picked":["Melter","Beam Cell"],"picked":"White Noise","floor":4},{"not_picked":["Go for the Eyes","BootSequence"],"picked":"Auto Shields","floor":6},{"not_picked":["Coolheaded","Sweeping Beam"],"picked":"White Noise","floor":7},{"not_picked":["Compile Driver","Sweeping Beam"],"picked":"Auto Shields","floor":10},{"not_picked":["Rebound","Beam Cell"],"picked":"Storm","floor":11},{"not_picked":["Gash","Chaos"],"picked":"Chill","floor":13},{"not_picked":["Scrape","Sweeping Beam"],"picked":"Turbo","floor":14},{"not_picked":["Fission","Buffer"],"picked":"Meteor Strike","floor":16},{"not_picked":["Compile Driver+1","Steam","Redo+1"],"picked":"SKIP","floor":18},{"not_picked":["Conserve Battery","Rebound"],"picked":"Sunder","floor":21},{"not_picked":["Gash","Steam+1"],"picked":"Aggregate","floor":22},{"not_picked":["Capacitor","Aggregate"],"picked":"Coolheaded+1","floor":23},{"not_picked":["Sweeping Beam","Redo","Ball Lightning+1"],"picked":"SKIP","floor":25}],"player_experience":222406,"relics_obtained":[{"floor":6,"key":"Strawberry"},{"floor":9,"key":"Bag of Marbles"},{"floor":13,"key":"Sundial"},{"floor":23,"key":"Ornamental Fan"},{"floor":26,"key":"Pen Nib"}],"event_choices":[{"event_name":"Big Fish","player_choice":"Box","floor":2,"damage_taken":0},{"event_name":"Living Wall","player_choice":"Forget","floor":5,"damage_taken":0},{"event_name":"Addict","player_choice":"Obtained Relic","floor":19,"damage_taken":0},{"event_name":"Duplicator","player_choice":"One dupe","floor":27,"damage_taken":0}],"boss_relics":[{"not_picked":["Calling Bell","Runic Pyramid"],"picked":"Velvet Choker"}],"items_purged_floors":[20],"is_endless":false,"potions_floor_spawned":[4,6,10,16,21],"killed_by":"Gremlin Leader","ascension_level":3}