{"gold_per_floor":[367,367,367,378,396,396,428,428,428,428,445,471,448,398,398,503,503,503,503,503,503,503,503,503,94,94,94,94,94,94,94,94,94,94,94,94,94,94,94,94,94,94,94,94,94,94,94,94,94,94,94,94,44,44,44],"floor_reached":56,"playtime":2306,"items_purged":["Strike_R","Shame","Perfected Strike"],"score":1226,"play_id":"239c691f-3b51-47e2-a8f7-834f23b20658","local_time":"20190511182152","is_ascension_mode":false,"campfire_choices":[{"data":"Bash","floor":6,"key":"SMITH"},{"data":"Carnage","floor":8,"key":"SMITH"},{"data":"Armaments","floor":15,"key":"SMITH"},{"data":"Inflame","floor":27,"key":"SMITH"},{"data":"Pommel Strike","floor":32,"key":"SMITH"},{"floor":40,"key":"RECALL"},{"data":"Shockwave","floor":44,"key":"SMITH"},{"data":"Heavy Blade","floor":45,"key":"SMITH"},{"floor":49,"key":"REST"},{"floor":52,"key":"REST"}],"neow_cost":"TEN_PERCENT_HP_LOSS","seed_source_timestamp":589145788685500,"circlet_count":0,"master_deck":["Bash+1","Pommel Strike+1","Carnage+1","Evolve","Immolate","Shrug It Off","Armaments+1","Reaper","Heavy Blade+1","Inflame+1","Feel No Pain","Shockwave+1","Iron Wave","Clothesline","Sword Boomerang","Demon Form","Berserk","Shrug It Off","Flash of Steel","Pummel","Flame Barrier+1","Burning Pact"],"relics":["Burning Blood","Gremlin Horn","Paper Frog","Lantern","Smiling Mask","Ectoplasm","Enchiridion","Boot","The Courier","Brimstone","Shuriken","Bag of Marbles","WingedGreaves","Mercury Hourglass","Pandora\u0027s Box","Mango","Peace Pipe","Calipers","Bottled Flame"],"potions_floor_usage":[24,50,54,55],"damage_taken":[{"damage":1,"enemies":"2 Louse","floor":1,"turns":3},{"damage":0,"enemies":"Small Slimes","floor":4,"turns":2},{"damage":1,"enemies":"Cultist","floor":5,"turns":3},{"damage":31,"enemies":"Lagavulin","floor":7,"turns":5},{"damage":0,"enemies":"3 Louse","floor":11,"turns":2},{"damage":14,"enemies":"Gremlin Nob","floor":12,"turns":3},{"damage":51,"enemies":"Hexaghost","floor":16,"turns":10},{"damage":7,"enemies":"Chosen","floor":18,"turns":4},{"damage":0,"enemies":"3 Byrds","floor":21,"turns":4},{"damage":10,"enemies":"Centurion and Healer","floor":23,"turns":4},{"damage":43,"enemies":"Slavers","floor":24,"turns":5},{"damage":0,"enemies":"3 Cultists","floor":28,"turns":3},{"damage":5,"enemies":"Snecko","floor":29,"turns":3},{"damage":0,"enemies":"Colosseum Slavers","floor":30,"turns":1},{"damage":16,"enemies":"Colosseum Nobs","floor":30,"turns":3},{"damage":8,"enemies":"Centurion and Healer","floor":31,"turns":4},{"damage":17,"enemies":"Automaton","floor":33,"turns":6},{"damage":0,"enemies":"3 Darklings","floor":35,"turns":1},{"damage":0,"enemies":"Orb Walker","floor":37,"turns":2},{"damage":15,"enemies":"3 Darklings","floor":46,"turns":2},{"damage":27,"enemies":"Reptomancer","floor":47,"turns":3},{"damage":64,"enemies":"2 Orb Walkers","floor":48,"turns":4},{"damage":72,"enemies":"Awakened One","floor":50,"turns":7},{"damage":38,"enemies":"Shield and Spear","floor":54,"turns":4},{"damage":118,"enemies":"The Heart","floor":55,"turns":6}],"seed_played":"9037939159785567308","potions_obtained":[{"floor":4,"key":"LiquidBronze"},{"floor":11,"key":"FearPotion"},{"floor":23,"key":"SteroidPotion"},{"floor":24,"key":"EssenceOfSteel"},{"floor":31,"key":"Strength Potion"}],"is_trial":false,"path_per_floor":["M","?","?","M","M","R","E","R","T","?","M","E","$","$","R","B",null,"M","?","?","M","?","M","E","$","T","R","M","M","?","M","R","B",null,"M","?","M","?","?","R","T","$","T","R","R","M","E","?","R","B",null,"R","$","E","B",null],"character_chosen":"IRONCLAD","items_purchased":["Armaments","Brimstone","Shuriken"],"campfire_rested":2,"item_purchase_floors":[13,25,25],"current_hp_per_floor":[72,54,72,72,72,72,47,47,47,71,72,64,64,64,64,19,72,72,59,43,52,52,60,50,50,50,50,77,77,67,75,75,71,77,77,77,77,77,77,77,77,77,91,91,91,82,61,29,56,20,91,91,91,83,9],"gold":44,"neow_bonus":"TWO_FIFTY_GOLD","is_prod":false,"is_daily":false,"chose_seed":false,"campfire_upgraded":7,"win_rate":0,"timestamp":1557595312,"path_taken":["M","?","?","?","M","R","E","R","T","?","M","E","?","$","R","BOSS","M","?","?","M","?","M","E","?","T","R","M","M","?","M","R","BOSS","M","?","M","?","?","R","?","?","T","R","R","M","E","?","R","BOSS","R","$","E","BOSS"],"build_version":"2019-01-23","purchased_purges":3,"victory":true,"max_hp_per_floor":[72,72,72,72,72,72,72,72,72,72,72,72,72,72,72,72,72,72,77,77,77,77,77,77,77,77,77,77,77,77,77,77,77,77,77,77,77,77,77,77,77,77,91,91,91,91,91,91,91,91,91,91,91,91,91],"card_choices":[{"not_picked":["Clash","Warcry"],"picked":"Pommel Strike","floor":1},{"not_picked":["Havoc","Iron Wave"],"picked":"Carnage","floor":4},{"not_picked":["Sword Boomerang","Havoc"],"picked":"Evolve","floor":5},{"not_picked":["Sentinel","Sever Soul","Iron Wave"],"picked":"SKIP","floor":7},{"not_picked":["Sentinel","Sever Soul","Iron Wave"],"picked":"SKIP","floor":7},{"not_picked":["Bloodletting","Flex"],"picked":"Immolate","floor":11},{"not_picked":["Second Wind","Warcry"],"picked":"Shrug It Off","floor":12},{"not_picked":["Dark Embrace","Immolate"],"picked":"Reaper","floor":16},{"not_picked":["Flex","Second Wind","Twin Strike"],"picked":"SKIP","floor":18},{"not_picked":["Hemokinesis","Sever Soul+1"],"picked":"Heavy Blade","floor":21},{"not_picked":["Fire Breathing+1","Dropkick"],"picked":"Inflame","floor":23},{"not_picked":["Wild Strike","Second Wind","Heavy Blade"],"picked":"SKIP","floor":24},{"not_picked":["Thunderclap","Sentinel+1"],"picked":"Feel No Pain","floor":28},{"not_picked":["Berserk","Pommel Strike","Clothesline"],"picked":"SKIP","floor":29},{"not_picked":["Sword Boomerang+1","Body Slam","Hemokinesis"],"picked":"SKIP","floor":31},{"not_picked":["Clothesline+1","Spot Weakness+1","Sever Soul+1"],"picked":"SKIP","floor":35},{"not_picked":["Clash+1","Thunderclap"],"picked":"Shrug It Off","floor":37},{"not_picked":["Swift Strike","Dramatic Entrance"],"picked":"Flash of Steel","floor":38},{"not_picked":["Intimidate+1","Exhume"],"picked":"Pummel","floor":46},{"not_picked":["Warcry+1","Fiend Fire"],"picked":"Flame Barrier+1","floor":47},{"not_picked":["Shockwave+1","Second Wind+1"],"picked":"Burning Pact","floor":54}],"player_experience":526883,"relics_obtained":[{"floor":7,"key":"Paper Frog"},{"floor":9,"key":"Lantern"},{"floor":12,"key":"Smiling Mask"},{"floor":20,"key":"Enchiridion"},{"floor":24,"key":"The Courier"},{"floor":26,"key":"Bag of Marbles"},{"floor":30,"key":"WingedGreaves"},{"floor":30,"key":"Mercury Hourglass"},{"floor":43,"key":"Mango"},{"floor":47,"key":"Peace Pipe"},{"floor":48,"key":"Calipers"},{"floor":54,"key":"Bottled Flame"}],"event_choices":[{"damage_healed":0,"gold_gain":0,"player_choice":"Success","damage_taken":18,"relics_obtained":["Gremlin Horn"],"max_hp_gain":0,"max_hp_loss":0,"event_name":"Scrap Ooze","floor":2,"gold_loss":0},{"damage_healed":18,"gold_gain":0,"player_choice":"Full Heal","damage_taken":0,"max_hp_gain":0,"max_hp_loss":0,"event_name":"Wheel of Change","floor":3,"gold_loss":0},{"damage_healed":24,"gold_gain":0,"player_choice":"Banana","damage_taken":0,"max_hp_gain":0,"max_hp_loss":0,"event_name":"Big Fish","floor":10,"gold_loss":0},{"damage_healed":0,"gold_gain":0,"player_choice":"Shed Blood","damage_taken":18,"max_hp_gain":5,"max_hp_loss":0,"event_name":"Forgotten Altar","floor":19,"gold_loss":0},{"damage_healed":0,"gold_gain":0,"player_choice":"Obtained Book","damage_taken":16,"max_hp_gain":0,"max_hp_loss":0,"event_name":"Cursed Tome","floor":20,"gold_loss":0},{"damage_healed":0,"gold_gain":0,"player_choice":"Stole Relic","damage_taken":0,"relics_obtained":["Boot"],"max_hp_gain":0,"max_hp_loss":0,"event_name":"Addict","floor":22,"gold_loss":0,"cards_obtained":["Shame"]},{"damage_healed":0,"gold_gain":0,"player_choice":"Fight","damage_taken":0,"max_hp_gain":0,"max_hp_loss":0,"event_name":"Colosseum","floor":30,"gold_loss":0},{"damage_healed":0,"gold_gain":0,"player_choice":"Fought Nobs","damage_taken":0,"max_hp_gain":0,"max_hp_loss":0,"event_name":"Colosseum","floor":30,"gold_loss":0},{"cards_removed":["Iron Wave"],"damage_healed":0,"gold_gain":0,"player_choice":"Removed Attack","damage_taken":0,"max_hp_gain":0,"max_hp_loss":0,"event_name":"Falling","floor":36,"gold_loss":0},{"damage_healed":0,"gold_gain":0,"player_choice":"Memory 1","damage_taken":0,"max_hp_gain":0,"max_hp_loss":0,"event_name":"SensoryStone","floor":38,"gold_loss":0},{"damage_healed":0,"gold_gain":0,"player_choice":"Ignored","damage_taken":0,"max_hp_gain":0,"max_hp_loss":0,"event_name":"Tomb of Lord Red Mask","floor":39,"gold_loss":0},{"damage_healed":0,"gold_gain":0,"player_choice":"Fight","damage_taken":0,"max_hp_gain":0,"max_hp_loss":0,"event_name":"Mysterious Sphere","floor":48,"gold_loss":0}],"is_beta":false,"boss_relics":[{"not_picked":["Orrery","Runic Pyramid"],"picked":"Ectoplasm"},{"not_picked":["Astrolabe","Eternal Feather"],"picked":"Pandora\u0027s Box"}],"items_purged_floors":[14,25,53],"is_endless":false,"potions_floor_spawned":[4,11,23,24,30,31,35,46,47,48],"ascension_level":0}