{"gold_per_floor":[112,36,36,36,49,49,78,78,105,123,139,158,177,205,205,276,276,295,295,51,67,67,67,100,125,125,125,160,60,74,92,92,169,169,186,186,61,61,115,115,145,172,184,214,237,99,113,139,139,139,139,139,139,82,112,112],"floor_reached":57,"playtime":3193,"items_purged":["Strike_R","Strike_R","Sever Soul+1","Bash"],"score":3541,"play_id":"404397d4-6ff7-4d82-9695-43bdbb7b9bc1","local_time":"20190227151555","is_ascension_mode":true,"campfire_choices":[{"data":"Feel No Pain","floor":6.0,"key":"SMITH"},{"data":"Body Slam","floor":15.0,"key":"SMITH"},{"data":"True Grit","floor":23.0,"key":"SMITH"},{"data":"Dark Embrace","floor":27.0,"key":"SMITH"},{"data":"Barricade","floor":32.0,"key":"SMITH"},{"data":"Offering","floor":40.0,"key":"SMITH"},{"floor":49,"key":"RECALL"},{"data":"Offering","floor":53,"key":"SMITH"}],"neow_cost":"NONE","seed_source_timestamp":0,"circlet_count":0,"master_deck":["AscendersBane","Defend_R","Defend_R","Defend_R","Feel No Pain+1","Burning Pact","Feed","Second Wind","Shrug It Off","True Grit+1","Body Slam+1","Dark Embrace+1","Offering+1","Feel No Pain","Power Through","Barricade+1","Offering+1","Perfected Strike+1","Bloodletting+1","Warcry+1","Pommel Strike+1"],"special_seed":0,"relics":["Burning Blood","NeowsBlessing","WingedGreaves","Ancient Tea Set","Question Card","Coffee Dripper","Anchor","Gremlin Horn","Lantern","Gambling Chip","Astrolabe","Champion Belt","Bottled Tornado","MawBank","Omamori","Oddly Smooth Stone"],"potions_floor_usage":[56],"damage_taken":[{"damage":0.0,"enemies":"Cultist","floor":1.0,"turns":1.0},{"damage":0.0,"enemies":"Jaw Worm","floor":5.0,"turns":1.0},{"damage":0.0,"enemies":"Gremlin Nob","floor":7.0,"turns":1.0},{"damage":9.0,"enemies":"Small Slimes","floor":10.0,"turns":5.0},{"damage":7.0,"enemies":"Looter","floor":11.0,"turns":5.0},{"damage":5.0,"enemies":"Red Slaver","floor":12.0,"turns":4.0},{"damage":8.0,"enemies":"2 Fungi Beasts","floor":13.0,"turns":6.0},{"damage":10.0,"enemies":"3 Sentries","floor":14.0,"turns":24.0},{"damage":62.0,"enemies":"Slime Boss","floor":16.0,"turns":25.0},{"damage":17.0,"enemies":"Shell Parasite","floor":18.0,"turns":7.0},{"damage":6.0,"enemies":"Chosen","floor":21.0,"turns":5.0},{"damage":10.0,"enemies":"Book of Stabbing","floor":24.0,"turns":6.0},{"damage":6.0,"enemies":"Gremlin Leader","floor":25.0,"turns":5.0},{"damage":14.0,"enemies":"Book of Stabbing","floor":28.0,"turns":6.0},{"damage":10.0,"enemies":"Snake Plant","floor":30.0,"turns":3.0},{"damage":6.0,"enemies":"Cultist and Chosen","floor":31.0,"turns":4.0},{"damage":6.0,"enemies":"Champ","floor":33.0,"turns":3.0},{"damage":6.0,"enemies":"3 Shapes","floor":35.0,"turns":3.0},{"damage":12.0,"enemies":"2 Orb Walkers","floor":39.0,"turns":8.0},{"damage":6.0,"enemies":"Nemesis","floor":41.0,"turns":3.0},{"damage":9.0,"enemies":"Giant Head","floor":42.0,"turns":5.0},{"damage":6.0,"enemies":"Orb Walker","floor":44.0,"turns":7.0},{"damage":6.0,"enemies":"Transient","floor":45.0,"turns":4.0},{"damage":6,"enemies":"Writhing Mass","floor":47,"turns":6},{"damage":6,"enemies":"Nemesis","floor":48,"turns":5},{"damage":9,"enemies":"Awakened One","floor":50,"turns":4},{"damage":15,"enemies":"Donu and Deca","floor":51,"turns":7},{"damage":12,"enemies":"Shield and Spear","floor":55,"turns":3},{"damage":12,"enemies":"The Heart","floor":56,"turns":5}],"seed_played":"1067695529327242410","potions_obtained":[{"floor":5.0,"key":"Fire Potion"},{"floor":7.0,"key":"BloodPotion"},{"floor":11.0,"key":"FearPotion"},{"floor":13.0,"key":"GamblersBrew"},{"floor":16.0,"key":"EntropicBrew"},{"floor":18.0,"key":"EntropicBrew"},{"floor":19.0,"key":"AttackPotion"},{"floor":21.0,"key":"Block Potion"},{"floor":30.0,"key":"GamblersBrew"},{"floor":39.0,"key":"FearPotion"}],"is_trial":false,"path_per_floor":["M","$","$","?","M","R","E","?","T","M","M","M","M","E","R","B",null,"M","?","$","M","?","R","E","E","T","R","E","$","M","M","R","B",null,"M","?","$","?","?","R","E","E","T","M","M","$","M","E","R","B","B",null,"R","$","E","B",null],"character_chosen":"IRONCLAD","items_purchased":["Feel No Pain","Offering","Feel No Pain","PowerPotion"],"campfire_rested":0,"item_purchase_floors":[2,20,20,54],"current_hp_per_floor":[74,74,74,79,80,80,80,73,73,73,72,76,77,73,73,17,71,60,60,60,60,60,60,56,56,56,56,48,48,44,44,44,44,78,81,81,81,81,78,78,81,81,81,84,84,84,87,87,87,87,81,101,101,101,98,95],"gold":112,"neow_bonus":"THREE_ENEMY_KILL","is_prod":false,"is_daily":false,"chose_seed":false,"campfire_upgraded":7,"win_rate":0,"timestamp":1551251755,"path_taken":["M","?","$","?","M","R","E","?","T","M","M","M","M","E","R","BOSS","M","?","$","?","?","R","E","E","T","R","E","$","M","M","R","BOSS","M","?","$","?","?","R","E","E","T","M","M","?","M","E","R","BOSS","BOSS","R","$","E","BOSS"],"build_version":"2019-01-23","purchased_purges":4,"victory":true,"max_hp_per_floor":[75,75,75,80,80,80,80,80,80,83,83,86,89,89,89,89,89,89,89,89,89,89,89,89,89,89,89,89,89,89,89,89,89,89,92,92,92,87,90,90,93,96,96,99,99,99,102,102,102,105,108,108,108,108,111,114],"card_choices":[{"not_picked":["Heavy Blade","Warcry","Rupture"],"picked":"SKIP","floor":1.0},{"not_picked":["Twin Strike","Headbutt"],"picked":"Burning Pact","floor":5.0},{"not_picked":["Infernal Blade","Spot Weakness"],"picked":"Feed","floor":7.0},{"not_picked":["Dropkick","Battle Trance"],"picked":"Second Wind","floor":10.0},{"not_picked":["Corruption","Flex"],"picked":"Shrug It Off","floor":11.0},{"not_picked":["Pummel","Sword Boomerang"],"picked":"True Grit","floor":12.0},{"not_picked":["Flame Barrier","Combust","Twin Strike"],"picked":"SKIP","floor":13.0},{"not_picked":["Brutality","Havoc"],"picked":"Body Slam","floor":14.0},{"not_picked":["Demon Form","Exhume","Impervious"],"picked":"Dark Embrace","floor":16.0},{"not_picked":["Armaments","Iron Wave","Heavy Blade","Thunderclap"],"picked":"SKIP","floor":18.0},{"not_picked":["Havoc","Thunderclap","Cleave","Clash"],"picked":"SKIP","floor":21.0},{"not_picked":["Metallicize","Rupture","Body Slam","Cleave"],"picked":"SKIP","floor":24.0},{"not_picked":["Rupture+1","Reaper","Clash","Blood for Blood"],"picked":"SKIP","floor":25.0},{"not_picked":["Iron Wave","Cleave","Anger","Twin Strike"],"picked":"SKIP","floor":28.0},{"not_picked":["Sentinel","Pommel Strike","Demon Form","Thunderclap"],"picked":"SKIP","floor":30.0},{"not_picked":["Sentinel","Pommel Strike","Demon Form","Thunderclap"],"picked":"SKIP","floor":30.0},{"not_picked":["Havoc","Warcry","Armaments"],"picked":"Barricade","floor":31.0},{"not_picked":["Juggernaut","Dark Embrace","Reaper"],"picked":"Offering","floor":33.0},{"not_picked":["Perfected Strike","True Grit","Iron Wave","Shrug It Off"],"picked":"SKIP","floor":35.0},{"not_picked":["True Grit","Flex+1","Whirlwind"],"picked":"Warcry+1","floor":39.0},{"not_picked":["Spot Weakness+1","Intimidate","Twin Strike+1","Hemokinesis"],"picked":"SKIP","floor":41.0},{"not_picked":["Impervious","Flame Barrier","Perfected Strike+1","Armaments"],"picked":"SKIP","floor":42.0},{"not_picked":["Perfected Strike+1","Sword Boomerang+1","Bloodletting+1","Headbutt+1"],"picked":"SKIP","floor":44.0},{"not_picked":["Sword Boomerang","Immolate","Battle Trance","Iron Wave"],"picked":"SKIP","floor":45.0},{"not_picked":["Sever Soul","Iron Wave","Bloodletting"],"picked":"Pommel Strike+1","floor":47},{"not_picked":["Heavy Blade","Sword Boomerang","Shrug It Off","Flame Barrier+1"],"picked":"SKIP","floor":48},{"not_picked":["Flex","Burning Pact","Barricade","Body Slam+1"],"picked":"SKIP","floor":55}],"player_experience":1080193,"relics_obtained":[{"floor":7.0,"key":"WingedGreaves"},{"floor":9.0,"key":"Ancient Tea Set"},{"floor":14.0,"key":"Question Card"},{"floor":24.0,"key":"Anchor"},{"floor":25.0,"key":"Gremlin Horn"},{"floor":26.0,"key":"Lantern"},{"floor":28.0,"key":"Gambling Chip"},{"floor":39.0,"key":"Champion Belt"},{"floor":41.0,"key":"Bottled Tornado"},{"floor":42.0,"key":"MawBank"},{"floor":48,"key":"Omamori"},{"floor":55,"key":"Oddly Smooth Stone"}],"event_choices":[{"damage_healed":0.0,"max_hp_gain":5.0,"max_hp_loss":0.0,"gold_gain":0.0,"event_name":"Big Fish","player_choice":"Donut","floor":4.0,"gold_loss":0.0,"damage_taken":0.0},{"cards_removed":["Strike_R"],"damage_healed":0.0,"max_hp_gain":0.0,"max_hp_loss":0.0,"gold_gain":0.0,"event_name":"Golden Wing","player_choice":"Card Removal","floor":8.0,"gold_loss":0.0,"damage_taken":7.0},{"damage_healed":0.0,"max_hp_gain":0.0,"max_hp_loss":0.0,"gold_gain":0.0,"event_name":"Lab","player_choice":"Got Potions","floor":19.0,"gold_loss":0.0,"damage_taken":0.0},{"damage_healed":0.0,"max_hp_gain":0.0,"max_hp_loss":0.0,"gold_gain":0.0,"event_name":"The Library","player_choice":"Read","floor":22.0,"gold_loss":0.0,"damage_taken":0.0,"cards_obtained":["Power Through"]},{"damage_healed":0.0,"max_hp_gain":0.0,"max_hp_loss":0.0,"gold_gain":0.0,"event_name":"Tomb of Lord Red Mask","player_choice":"Ignored","floor":36.0,"gold_loss":0.0,"damage_taken":0.0},{"damage_healed":0.0,"max_hp_gain":0.0,"max_hp_loss":5.0,"gold_gain":0.0,"event_name":"Winding Halls","player_choice":"Max HP","floor":38.0,"gold_loss":0.0,"damage_taken":0.0},{"damage_healed":0.0,"max_hp_gain":0.0,"max_hp_loss":0.0,"gold_gain":0.0,"event_name":"Mysterious Sphere","player_choice":"Fight","floor":39.0,"gold_loss":0.0,"damage_taken":0.0}],"is_beta":false,"boss_relics":[{"not_picked":["Sozu","Black Blood"],"picked":"Coffee Dripper"},{"not_picked":["Orrery","Runic Cube"],"picked":"Astrolabe"}],"items_purged_floors":[20,29,37,46],"is_endless":false,"potions_floor_spawned":[5,7,11,13,16,18,21,30,39,42,44,47],"ascension_level":20}