{"gold_per_floor":[114,6,6,22,97,97,116,116,116,116,29,73,91,91],"floor_reached":14,"playtime":642,"items_purged":["Strike_G"],"score":136,"play_id":"2daed130-e4e1-4847-9220-1b90e7869d12","local_time":"20190318220304","is_ascension_mode":true,"campfire_choices":[{"data":"Footwork","floor":6,"key":"SMITH"},{"data":"Prepared","floor":8,"key":"SMITH"},{"data":"Neutralize","floor":10,"key":"SMITH"}],"neow_cost":"NONE","seed_source_timestamp":512139268665200,"circlet_count":0,"master_deck":["AscendersBane","Defend_G","Defend_G","Defend_G","Defend_G","Defend_G","Strike_G","Strike_G","Strike_G","Strike_G","Survivor","Neutralize+1","Prepared+1","Accuracy","Injury","Footwork+1","Catalyst","Accuracy","Cloak And Dagger","Poisoned Stab","Footwork"],"relics":["Runic Pyramid","Golden Idol","WingedGreaves","Sundial"],"potions_floor_usage":[12,14,14],"damage_taken":[{"damage":0,"enemies":"Cultist","floor":1,"turns":5},{"damage":1,"enemies":"Small Slimes","floor":4,"turns":6},{"damage":7,"enemies":"Jaw Worm","floor":7,"turns":5},{"damage":20,"enemies":"3 Sentries","floor":12,"turns":15},{"damage":5,"enemies":"Looter","floor":13,"turns":4},{"damage":22,"enemies":"Gremlin Gang","floor":14,"turns":1}],"seed_played":"6174483611393356696","potions_obtained":[{"floor":4,"key":"GamblersBrew"},{"floor":12,"key":"PowerPotion"},{"floor":13,"key":"LiquidBronze"}],"is_trial":false,"path_per_floor":["M","$","?","M","?","R","M","R","T","R","$","E","M","M"],"character_chosen":"THE_SILENT","items_purchased":["Accuracy","Accuracy","Cloak And Dagger"],"campfire_rested":0,"item_purchase_floors":[2,11,11],"current_hp_per_floor":[63,63,63,62,51,51,44,44,44,44,44,24,19,0],"gold":91,"neow_bonus":"BOSS_RELIC","is_prod":false,"is_daily":false,"chose_seed":false,"campfire_upgraded":3,"win_rate":0,"timestamp":1552971784,"path_taken":["M","$","?","M","?","R","M","R","T","R","?","E","M","M"],"build_version":"2019-01-23","purchased_purges":1,"victory":false,"max_hp_per_floor":[70,70,70,70,70,70,70,70,70,70,70,70,70,70],"card_choices":[{"not_picked":["Acrobatics","Blade Dance"],"picked":"Prepared","floor":1},{"not_picked":["Dagger Spray","Caltrops"],"picked":"Footwork","floor":4},{"not_picked":["Skewer","Riddle With Holes"],"picked":"Catalyst","floor":7},{"not_picked":["Dagger Throw","Underhanded Strike"],"picked":"Poisoned Stab","floor":12},{"not_picked":["Acrobatics","Quick Slash"],"picked":"Footwork","floor":13}],"player_experience":502211,"relics_obtained":[{"floor":9,"key":"WingedGreaves"},{"floor":12,"key":"Sundial"}],"event_choices":[{"damage_healed":0,"gold_gain":0,"player_choice":"Take Wound","damage_taken":0,"relics_obtained":["Golden Idol"],"max_hp_gain":0,"max_hp_loss":0,"event_name":"Golden Idol","floor":3,"gold_loss":0,"cards_obtained":["Injury"]},{"damage_healed":0,"gold_gain":75,"player_choice":"Gather Gold","damage_taken":11,"max_hp_gain":0,"max_hp_loss":0,"event_name":"World of Goop","floor":5,"gold_loss":0}],"is_beta":false,"boss_relics":[],"items_purged_floors":[2],"is_endless":false,"potions_floor_spawned":[4,12,13],"killed_by":"Gremlin Gang","ascension_level":11}