{"gold_per_floor":[113,113,33,33,48,80,80,108,108,134,145,170,170,184,184,184],"floor_reached":16,"playtime":343,"items_purged":[],"score":286,"play_id":"e7aab46a-7e9a-4f2d-9ed5-00f90e44c69a","local_time":"20190510233644","is_ascension_mode":true,"campfire_choices":[{"data":"Noxious Fumes","floor":7,"key":"SMITH"},{"data":"Crippling Poison","floor":13,"key":"SMITH"},{"floor":15,"key":"REST"}],"neow_cost":"NONE","seed_source_timestamp":464755438125824,"circlet_count":0,"master_deck":["AscendersBane","Defend_G","Defend_G","Defend_G","Defend_G","Defend_G","Strike_G","Strike_G","Strike_G","Strike_G","Strike_G","Survivor","Neutralize+1","Backstab","Noxious Fumes+1","Quick Slash","Deadly Poison","Cloak And Dagger","Crippling Poison+1","PiercingWail","Backflip"],"relics":["Ring of the Snake","NeowsBlessing","Mercury Hourglass","Letter Opener","Strawberry","Molten Egg 2","Odd Mushroom"],"potions_floor_usage":[16,16],"damage_taken":[{"damage":0,"enemies":"2 Louse","floor":1,"turns":1},{"damage":0,"enemies":"Jaw Worm","floor":5,"turns":1},{"damage":0,"enemies":"Lagavulin","floor":6,"turns":1},{"damage":24,"enemies":"Gremlin Nob","floor":8,"turns":4},{"damage":5,"enemies":"Lagavulin","floor":10,"turns":7},{"damage":1,"enemies":"Small Slimes","floor":11,"turns":3},{"damage":6,"enemies":"The Mushroom Lair","floor":12,"turns":3},{"damage":0,"enemies":"3 Louse","floor":14,"turns":2},{"damage":58,"enemies":"Slime Boss","floor":16,"turns":10}],"seed_played":"-2207137361760983584","potions_obtained":[{"floor":6,"key":"SpeedPotion"},{"floor":8,"key":"EssenceOfSteel"}],"is_trial":false,"path_per_floor":["M","?","$","?","M","E","R","E","T","E","M","?","R","M","R","B"],"character_chosen":"THE_SILENT","items_purchased":["Noxious Fumes"],"campfire_rested":1,"item_purchase_floors":[3],"current_hp_per_floor":[59,59,59,59,59,59,59,35,42,37,36,30,30,30,51,0],"gold":184,"neow_bonus":"THREE_ENEMY_KILL","is_prod":false,"is_daily":false,"chose_seed":false,"campfire_upgraded":2,"win_rate":0,"timestamp":1557542204,"path_taken":["M","?","$","?","M","E","R","E","T","E","M","?","R","?","R","BOSS"],"build_version":"2019-01-23","purchased_purges":0,"victory":false,"max_hp_per_floor":[66,66,66,66,66,66,66,66,73,73,73,73,73,73,73,73],"card_choices":[{"not_picked":["Slice","Concentrate"],"picked":"Backstab","floor":1},{"not_picked":["Flying Knee","Heel Hook"],"picked":"Quick Slash","floor":5},{"not_picked":["Terror","Deflect"],"picked":"Deadly Poison","floor":6},{"not_picked":["Outmaneuver","Quick Slash","Sucker Punch"],"picked":"SKIP","floor":8},{"not_picked":["Slice","Distraction"],"picked":"Cloak And Dagger","floor":10},{"not_picked":["Leg Sweep","Slice+1"],"picked":"Crippling Poison","floor":11},{"not_picked":["Slice+1","Flechettes+1"],"picked":"PiercingWail","floor":12},{"not_picked":["Quick Slash+1","Infinite Blades"],"picked":"Backflip","floor":14}],"player_experience":2308317,"relics_obtained":[{"floor":6,"key":"Mercury Hourglass"},{"floor":8,"key":"Letter Opener"},{"floor":9,"key":"Strawberry"},{"floor":10,"key":"Molten Egg 2"},{"floor":12,"key":"Odd Mushroom"}],"event_choices":[{"damage_healed":0,"gold_gain":0,"player_choice":"Grow","damage_taken":0,"max_hp_gain":0,"max_hp_loss":0,"event_name":"Living Wall","floor":2,"gold_loss":0,"cards_upgraded":["Neutralize"]},{"damage_healed":0,"gold_gain":0,"player_choice":"Fled","damage_taken":0,"max_hp_gain":0,"max_hp_loss":0,"event_name":"Scrap Ooze","floor":4,"gold_loss":0},{"damage_healed":0,"gold_gain":0,"player_choice":"Fought Mushrooms","damage_taken":0,"max_hp_gain":0,"max_hp_loss":0,"event_name":"Mushrooms","floor":12,"gold_loss":0}],"is_beta":false,"boss_relics":[],"items_purged_floors":[],"is_endless":false,"potions_floor_spawned":[6,8,11,12],"killed_by":"Slime Boss","ascension_level":20}