{"gold_per_floor":[18,35,110,110,385,420,433,433],"floor_reached":8,"playtime":344,"items_purged":[],"score":70,"play_id":"ea9ea89b-107e-4028-8ccc-81fa4e8bb9dd","local_time":"20190516215348","is_ascension_mode":true,"campfire_choices":[],"neow_cost":"NO_GOLD","seed_source_timestamp":44107515404913,"circlet_count":0,"master_deck":["Defend_G","Defend_G","Defend_G","Defend_G","Defend_G","Strike_G","Strike_G","Strike_G","Strike_G+1","Strike_G+1","Survivor+1","Neutralize","Dark Shackles+1","Deep Breath","Backstab","Regret","After Image","Cloak And Dagger"],"relics":["Ring of the Snake","Whetstone"],"potions_floor_usage":[6],"damage_taken":[{"damage":0,"enemies":"Jaw Worm","floor":1,"turns":5},{"damage":0,"enemies":"Small Slimes","floor":2,"turns":4},{"damage":38,"enemies":"3 Sentries","floor":6,"turns":12},{"damage":2,"enemies":"Cultist","floor":7,"turns":4},{"damage":6,"enemies":"Blue Slaver","floor":8,"turns":1}],"seed_played":"6779273169222762038","potions_obtained":[{"floor":1,"key":"Energy Potion"},{"floor":7,"key":"EssenceOfSteel"}],"is_trial":false,"path_per_floor":["M","M","?","?","?","E","M","M"],"character_chosen":"THE_SILENT","items_purchased":[],"campfire_rested":0,"item_purchase_floors":[],"current_hp_per_floor":[70,70,59,45,45,7,5,0],"gold":433,"neow_bonus":"RANDOM_COLORLESS_2","is_prod":false,"is_daily":false,"chose_seed":false,"campfire_upgraded":0,"win_rate":0,"timestamp":1558058028,"path_taken":["M","M","?","?","?","E","M","M"],"build_version":"2019-01-23","purchased_purges":0,"victory":false,"max_hp_per_floor":[70,70,70,70,70,70,70,70],"card_choices":[{"not_picked":["Predator","Flying Knee"],"picked":"Backstab","floor":1},{"not_picked":["Slice","Deflect","Underhanded Strike"],"picked":"SKIP","floor":2},{"not_picked":["Prepared","Malaise"],"picked":"After Image","floor":6},{"not_picked":["Reflex","Calculated Gamble"],"picked":"Cloak And Dagger","floor":7}],"player_experience":254690,"relics_obtained":[{"floor":6,"key":"Whetstone"}],"event_choices":[{"damage_healed":0,"gold_gain":75,"player_choice":"Gather Gold","damage_taken":11,"max_hp_gain":0,"max_hp_loss":0,"event_name":"World of Goop","floor":3,"gold_loss":0},{"damage_healed":0,"gold_gain":0,"player_choice":"Entered Light","damage_taken":14,"max_hp_gain":0,"max_hp_loss":0,"event_name":"Shining Light","floor":4,"gold_loss":0,"cards_upgraded":["Survivor","Dark Shackles"]},{"damage_healed":0,"gold_gain":275,"player_choice":"Desecrate","damage_taken":0,"max_hp_gain":0,"max_hp_loss":0,"event_name":"Golden Shrine","floor":5,"gold_loss":0,"cards_obtained":["Regret"]}],"is_beta":false,"boss_relics":[],"items_purged_floors":[],"is_endless":false,"potions_floor_spawned":[1,7],"killed_by":"Blue Slaver","ascension_level":5}