{"gold_per_floor":[116,130,7,24,24,24,24,35,106,137,137,167,186,286,286,390,390,402,414,424,424,436,436,463,463,463,463,480,508,1,12,12,111,111,131,151,162,162,174,174,206,216,216,229,229,246,246,259,259,259],"floor_reached":51,"playtime":2084,"items_purged":[],"score":1211,"play_id":"8865cf01-4f33-4c92-9c39-c53d27b15529","local_time":"20180829131534","is_ascension_mode":true,"campfire_choices":[{"data":"Zap","floor":7.0,"key":"SMITH"},{"data":"Beam Cell","floor":11.0,"key":"SMITH"},{"data":"Barrage","floor":15.0,"key":"SMITH"},{"data":"Defragment","floor":23.0,"key":"SMITH"},{"floor":25.0,"key":"REST"},{"floor":27.0,"key":"REST"},{"floor":32.0,"key":"REST"},{"floor":40.0,"key":"REST"},{"data":"Capacitor","floor":45.0,"key":"SMITH"},{"floor":47.0,"key":"REST"},{"data":"Biased Cognition","floor":49.0,"key":"SMITH"}],"neow_cost":"NONE","seed_source_timestamp":88917864526081,"circlet_count":0,"master_deck":["Strike_B","Defend_B","Defend_B","Defend_B","Defend_B","Zap+1","Dualcast","AscendersBane","All For One","Beam Cell+1","Reinforced Body","Barrage+1","Glacier","Cold Snap","Ball Lightning","Chill","Leap","Seek","Core Surge+1","Barrage+1","Electrodynamics+1","Defragment+1","Conserve Battery","Defragment+1","Genetic Algorithm+1","Thunder Strike","Go for the Eyes+1","Capacitor+1","BootSequence","Hologram","Stack+1","Biased Cognition+1","Compile Driver+1","Leap+1","Undo+1","Machine Learning","Coolheaded+1","Hologram+1"],"special_seed":0,"relics":["Cracked Core","Emotion Chip","Bottled Lightning","Mango","Incense Burner","Nloth\u0027s Gift","Ancient Tea Set","Omamori","Pantograph","Bottled Tornado","Sozu","Boot","Shuriken"],"potions_floor_usage":[50],"damage_taken":[{"damage":1.0,"enemies":"Cultist","floor":1.0,"turns":3.0},{"damage":6.0,"enemies":"2 Louse","floor":2.0,"turns":2.0},{"damage":12.0,"enemies":"Jaw Worm","floor":4.0,"turns":2.0},{"damage":6.0,"enemies":"3 Louse","floor":8.0,"turns":2.0},{"damage":14.0,"enemies":"Gremlin Nob","floor":10.0,"turns":3.0},{"damage":5.0,"enemies":"3 Sentries","floor":12.0,"turns":8.0},{"damage":0.0,"enemies":"Looter","floor":13.0,"turns":2.0},{"damage":0.0,"enemies":"Slime Boss","floor":16.0,"turns":7.0},{"damage":16.0,"enemies":"3 Byrds","floor":18.0,"turns":5.0},{"damage":0.0,"enemies":"Chosen","floor":19.0,"turns":3.0},{"damage":5.0,"enemies":"Centurion and Healer","floor":20.0,"turns":6.0},{"damage":0.0,"enemies":"3 Cultists","floor":22.0,"turns":3.0},{"damage":30.0,"enemies":"Slavers","floor":24.0,"turns":4.0},{"damage":4.0,"enemies":"Sentry and Sphere","floor":28.0,"turns":4.0},{"damage":20.0,"enemies":"Gremlin Leader","floor":29.0,"turns":6.0},{"damage":16.0,"enemies":"Slaver and Parasite","floor":31.0,"turns":6.0},{"damage":16.0,"enemies":"Champ","floor":33.0,"turns":10.0},{"damage":4.0,"enemies":"Orb Walker","floor":35.0,"turns":4.0},{"damage":25.0,"enemies":"3 Shapes","floor":36.0,"turns":3.0},{"damage":15.0,"enemies":"Transient","floor":37.0,"turns":5.0},{"damage":0.0,"enemies":"Maw","floor":39.0,"turns":7.0},{"damage":17.0,"enemies":"Nemesis","floor":41.0,"turns":5.0},{"damage":5.0,"enemies":"Spire Growth","floor":42.0,"turns":5.0},{"damage":6.0,"enemies":"4 Shapes","floor":44.0,"turns":4.0},{"damage":27.0,"enemies":"3 Darklings","floor":46.0,"turns":3.0},{"damage":6.0,"enemies":"Transient","floor":48.0,"turns":5.0},{"damage":50,"enemies":"Time Eater","floor":50,"turns":16}],"seed_played":"1603105295774110121","potions_obtained":[{"floor":4.0,"key":"Regen Potion"},{"floor":13.0,"key":"GamblersBrew"},{"floor":16.0,"key":"SkillPotion"},{"floor":19.0,"key":"Block Potion"},{"floor":20.0,"key":"SteroidPotion"},{"floor":28.0,"key":"Poison Potion"}],"is_trial":false,"path_per_floor":["M","M","$","M","$","T","R","M","T","E","R","E","M","?","R","B",null,"M","M","M","?","M","R","E","R","T","R","M","E","$","M","R","B",null,"M","M","M","?","M","R","E","M","T","M","R","M","R","M","R","B"],"character_chosen":"DEFECT","items_purchased":["Barrage","Glacier","Capacitor","Bottled Tornado","BootSequence","EssenceOfSteel","Hologram"],"campfire_rested":5,"item_purchase_floors":[3,3,30,30,30,30,30],"current_hp_per_floor":[67,61,61,49,49,49,49,48,48,48,48,43,43,43,43,43,78,62,62,57,57,57,57,27,53,53,79,75,55,55,39,65,73,85,81,56,41,41,41,67,50,45,45,39,39,12,38,32,32,7],"gold":259,"neow_bonus":"ONE_RANDOM_RARE_CARD","is_prod":false,"is_daily":false,"chose_seed":false,"campfire_upgraded":6,"win_rate":0,"timestamp":1535559334,"path_taken":["M","M","$","M","$","?","R","M","T","E","R","E","M","?","R","BOSS","M","M","M","?","M","R","E","R","T","R","M","E","$","M","R","BOSS","M","M","?","?","?","R","E","M","T","M","R","M","R","M","R","BOSS"],"build_version":"2018-07-12","purchased_purges":0,"victory":true,"max_hp_per_floor":[75,75,75,75,75,75,75,75,75,89,89,89,89,89,89,89,89,89,89,89,89,89,89,89,89,89,89,89,89,89,89,89,89,89,89,89,89,89,89,89,89,89,89,89,89,89,89,89,89,89],"card_choices":[{"not_picked":["Steam","Rebound"],"picked":"Beam Cell","floor":1.0},{"not_picked":["Skim","Beam Cell"],"picked":"Reinforced Body","floor":2.0},{"not_picked":["Chill","Compile Driver"],"picked":"Cold Snap","floor":4.0},{"not_picked":["Reprogram","Barrage"],"picked":"Ball Lightning","floor":8.0},{"not_picked":["Rebound","Streamline"],"picked":"Chill","floor":10.0},{"not_picked":["Cold Snap","Amplify","Stack"],"picked":"SKIP","floor":12.0},{"not_picked":["Steam","Hello World"],"picked":"Leap","floor":13.0},{"not_picked":["Fission","Machine Learning"],"picked":"Seek","floor":16.0},{"not_picked":["Barrage+1","Leap"],"picked":"Defragment","floor":18.0},{"not_picked":["Tempest+1","Glacier+1"],"picked":"Conserve Battery","floor":19.0},{"not_picked":["Undo","Genetic Algorithm+1"],"picked":"Defragment+1","floor":20.0},{"not_picked":["Ball Lightning","Double Energy","Melter"],"picked":"SKIP","floor":22.0},{"not_picked":["Creative AI","Fission"],"picked":"Genetic Algorithm+1","floor":24.0},{"not_picked":["Hologram","Melter"],"picked":"Thunder Strike","floor":28.0},{"not_picked":["Steam Power","Hologram"],"picked":"Go for the Eyes+1","floor":29.0},{"not_picked":["Steam","Gash"],"picked":"Stack+1","floor":31.0},{"not_picked":["Buffer","Electrodynamics"],"picked":"Biased Cognition","floor":33.0},{"not_picked":["Storm+1","Gash"],"picked":"Compile Driver+1","floor":35.0},{"not_picked":["Fission","Conserve Battery"],"picked":"Leap+1","floor":36.0},{"not_picked":["Force Field+1","Self Repair+1"],"picked":"Undo+1","floor":37.0},{"not_picked":["Barrage","Fusion+1","Static Discharge"],"picked":"SKIP","floor":39.0},{"not_picked":["Heatsinks","Force Field+1"],"picked":"Machine Learning","floor":41.0},{"not_picked":["Creative AI","Ball Lightning+1"],"picked":"Coolheaded+1","floor":42.0},{"not_picked":["Steam+1","Coolheaded","Doom and Gloom+1"],"picked":"SKIP","floor":44.0},{"not_picked":["Darkness+1","Coolheaded"],"picked":"Hologram+1","floor":46.0},{"not_picked":["Streamline","Chaos","Ball Lightning+1"],"picked":"SKIP","floor":48.0}],"player_experience":737167,"relics_obtained":[{"floor":6.0,"key":"Emotion Chip"},{"floor":9.0,"key":"Bottled Lightning"},{"floor":10.0,"key":"Mango"},{"floor":12.0,"key":"Incense Burner"},{"floor":24.0,"key":"Ancient Tea Set"},{"floor":26.0,"key":"Omamori"},{"floor":29.0,"key":"Pantograph"},{"floor":41.0,"key":"Boot"},{"floor":43.0,"key":"Shuriken"}],"event_choices":[{"event_name":"Golden Shrine","player_choice":"Pray","floor":14.0,"damage_taken":0.0},{"event_name":"N\u0027loth","player_choice":"Traded a Astrolabe","floor":21.0,"damage_taken":0.0},{"event_name":"Tomb of Lord Red Mask","player_choice":"Ignored","floor":38.0,"damage_taken":0.0}],"boss_relics":[{"not_picked":["Velvet Choker","Lizard Tail"],"picked":"Astrolabe"},{"not_picked":["Eternal Feather","Busted Crown"],"picked":"Sozu"}],"items_purged_floors":[],"is_endless":false,"potions_floor_spawned":[4,13,16,19,20,22,28,36,37,41,48],"ascension_level":11}