{"path_per_floor":["M","M","M","?","M","R","E","R","T","R","M"],"character_chosen":"IRONCLAD","items_purchased":[],"gold_per_floor":[115,132,146,146,164,164,194,194,245,245,261,261],"floor_reached":12,"campfire_rested":0,"playtime":487,"item_purchase_floors":[],"current_hp_per_floor":[76,78,80,80,72,72,29,29,29,29,29,0],"items_purged":[],"gold":261,"score":88,"play_id":"d59c5435-7471-4763-9c14-4cdf41d813d6","local_time":"20180626102125","is_prod":false,"is_daily":false,"chose_seed":false,"is_ascension_mode":true,"campfire_upgraded":1,"win_rate":0,"timestamp":1530026485,"campfire_choices":[{"floor":6,"key":"DIG"},{"floor":8,"key":"DIG"},{"data":"Bash","floor":10,"key":"SMITH"}],"path_taken":["M","M","M","?","M","R","E","R","T","R","M","M"],"build_version":"2018-06-21","seed_source_timestamp":457249818154127,"purchased_purges":0,"circlet_count":0,"victory":false,"master_deck":["Strike_R","Strike_R","Strike_R","Strike_R","Defend_R","Defend_R","Defend_R","Defend_R","Bash+1","Clumsy","Bloodletting","Sword Boomerang","Pommel Strike"],"max_hp_per_floor":[80,80,80,80,80,80,80,80,80,80,80,80],"relics":["Burning Blood","Shovel","Kunai","Boot","Art of War","Regal Pillow"],"card_choices":[{"not_picked":["Pommel Strike","Havoc","Rupture"],"picked":"SKIP","floor":1},{"not_picked":["Havoc","Clash"],"picked":"Bloodletting","floor":2},{"not_picked":["Twin Strike","Shrug It Off"],"picked":"Sword Boomerang","floor":3},{"not_picked":["Body Slam","Heavy Blade","Thunderclap"],"picked":"SKIP","floor":5},{"not_picked":["True Grit","Carnage"],"picked":"Pommel Strike","floor":7},{"not_picked":["Body Slam","Warcry","Iron Wave"],"picked":"SKIP","floor":11}],"player_experience":221359,"potions_floor_usage":[],"damage_taken":[{"damage":10,"enemies":"Jaw Worm","floor":1,"turns":5},{"damage":4,"enemies":"2 Louse","floor":2,"turns":3},{"damage":0,"enemies":"Small Slimes","floor":3,"turns":3},{"damage":14,"enemies":"3 Louse","floor":5,"turns":5},{"damage":49,"enemies":"3 Sentries","floor":7,"turns":11},{"damage":6,"enemies":"Blue Slaver","floor":11,"turns":3},{"damage":29,"enemies":"Lots of Slimes","floor":12,"turns":2}],"relics_obtained":[{"floor":6,"key":"Kunai"},{"floor":7,"key":"Boot"},{"floor":8,"key":"Art of War"},{"floor":9,"key":"Regal Pillow"}],"event_choices":[{"event_name":"Living Wall","player_choice":"Forget","floor":4,"damage_taken":0}],"boss_relics":[],"items_purged_floors":[],"is_endless":false,"potions_floor_spawned":[3,7],"seed_played":"7626772080723295826","killed_by":"Lots of Slimes","ascension_level":2,"potions_obtained":[{"floor":3,"key":"SteroidPotion"},{"floor":7,"key":"SpeedPotion"}],"is_trial":false}