{"gold_per_floor":[117,130,180,193,206,238,238,238,284,14,88,88,88,106,106,106],"floor_reached":16,"playtime":738,"items_purged":[],"score":200,"play_id":"0b19ffb8-12db-459c-aa26-58f178722881","local_time":"20190507140359","is_ascension_mode":true,"campfire_choices":[{"data":"Dark Embrace","floor":8,"key":"SMITH"},{"data":"Limit Break","floor":15,"key":"SMITH"}],"neow_cost":"NONE","seed_source_timestamp":229656466050400,"circlet_count":0,"master_deck":["AscendersBane","Strike_R","Strike_R","Strike_R","Strike_R","Strike_R","Defend_R","Defend_R","Defend_R","Defend_R","Bash","Dark Embrace+1","Armaments","Feel No Pain","Limit Break+1","Battle Trance","Spot Weakness"],"relics":["Burning Blood","Mummified Hand","NlothsMask","Toxic Egg 2","Bottled Flame"],"potions_floor_usage":[14,14],"damage_taken":[{"damage":14,"enemies":"Jaw Worm","floor":1,"turns":4},{"damage":7,"enemies":"Cultist","floor":2,"turns":4},{"damage":0,"enemies":"Small Slimes","floor":4,"turns":6},{"damage":24,"enemies":"Exordium Thugs","floor":5,"turns":7},{"damage":21,"enemies":"3 Sentries","floor":6,"turns":11},{"damage":10,"enemies":"3 Louse","floor":14,"turns":3},{"damage":80,"enemies":"The Guardian","floor":16,"turns":6}],"seed_played":"8507877973865836799","potions_obtained":[{"floor":2,"key":"SpeedPotion"},{"floor":6,"key":"LiquidBronze"}],"is_trial":false,"path_per_floor":["M","M","?","M","M","E","?","R","T","$","T","?","?","M","R","B"],"character_chosen":"IRONCLAD","items_purchased":["Toxic Egg 2"],"campfire_rested":0,"item_purchase_floors":[10],"current_hp_per_floor":[60,59,59,65,47,32,32,32,32,32,32,57,57,53,53,0],"gold":106,"neow_bonus":"ONE_RANDOM_RARE_CARD","is_prod":false,"is_daily":false,"chose_seed":false,"campfire_upgraded":2,"win_rate":0,"timestamp":1557234239,"path_taken":["M","M","?","?","M","E","?","R","T","$","?","?","?","M","R","BOSS"],"build_version":"2019-01-23","purchased_purges":0,"victory":false,"max_hp_per_floor":[75,75,75,75,75,75,75,75,75,75,75,75,75,75,75,75],"card_choices":[{"not_picked":["Flex","Anger"],"picked":"Armaments","floor":1},{"not_picked":["Wild Strike","Clash"],"picked":"Feel No Pain","floor":2},{"not_picked":["Havoc","Twin Strike"],"picked":"Limit Break","floor":4},{"not_picked":["Shrug It Off","Rampage"],"picked":"Battle Trance","floor":5},{"not_picked":["Armaments","Anger"],"picked":"Spot Weakness","floor":6},{"not_picked":["Anger","Perfected Strike","Cleave"],"picked":"SKIP","floor":14}],"player_experience":469212,"relics_obtained":[{"floor":6,"key":"Mummified Hand"},{"floor":11,"key":"Bottled Flame"}],"event_choices":[{"damage_healed":0,"gold_gain":50,"player_choice":"Pray","damage_taken":0,"max_hp_gain":0,"max_hp_loss":0,"event_name":"Golden Shrine","floor":3,"gold_loss":0},{"damage_healed":0,"gold_gain":0,"player_choice":"Trade","damage_taken":0,"relics_obtained":["NlothsMask"],"max_hp_gain":0,"max_hp_loss":0,"event_name":"FaceTrader","floor":7,"gold_loss":0},{"damage_healed":25,"gold_gain":0,"player_choice":"Banana","damage_taken":0,"max_hp_gain":0,"max_hp_loss":0,"event_name":"Big Fish","floor":12,"gold_loss":0},{"damage_healed":0,"gold_gain":0,"player_choice":"Ignored","damage_taken":0,"max_hp_gain":0,"max_hp_loss":0,"event_name":"Liars Game","floor":13,"gold_loss":0}],"is_beta":false,"boss_relics":[],"items_purged_floors":[],"is_endless":false,"potions_floor_spawned":[2,6],"killed_by":"The Guardian","ascension_level":20}