{"gold_per_floor":[109,109,125,125,21,49,49,78,78,3,3,38,38,104,104,207,207,225,238,338,338,353,353,379,379,406,441,441,456,456,456,456,558,558,568,568,587,600,155,155,189,189,189,189],"floor_reached":44,"playtime":1889,"items_purged":["Strike_R","Writhe"],"score":636,"play_id":"47ad49a8-6d0e-4a20-a82c-7f7607938d8a","local_time":"20190516165158","is_ascension_mode":true,"campfire_choices":[{"data":"Bash","floor":7,"key":"SMITH"},{"data":"Panacea","floor":11,"key":"SMITH"},{"data":"Shrug It Off","floor":13,"key":"SMITH"},{"data":"Shrug It Off","floor":15,"key":"SMITH"},{"floor":23,"key":"REST"},{"data":"Disarm","floor":28,"key":"SMITH"},{"floor":32,"key":"REST"},{"data":"Demon Form","floor":40,"key":"SMITH"}],"neow_cost":"NONE","seed_source_timestamp":86702049109766,"circlet_count":0,"master_deck":["Strike_R","Strike_R","Strike_R","Strike_R","Defend_R","Defend_R","Defend_R","Defend_R","Bash+1","Panacea+1","Headbutt","Shrug It Off+1","Shrug It Off+1","Berserk","Feed","Disarm+1","Body Slam+1","Berserk","True Grit+1","Demon Form+1","Whirlwind"],"relics":["Burning Blood","WarpedTongs","Pantograph","Boot","Matryoshka","Torii","Cursed Key","Unceasing Top","Bottled Lightning","Shovel","Toxic Egg 2","Strawberry","Vajra","Runic Pyramid","Membership Card","Bottled Tornado","Bag of Marbles","Bronze Scales"],"potions_floor_usage":[3,6,12,20,33,33,33,33,33,41,41],"damage_taken":[{"damage":0,"enemies":"Small Slimes","floor":1,"turns":3},{"damage":5,"enemies":"Cultist","floor":3,"turns":3},{"damage":14,"enemies":"3 Sentries","floor":6,"turns":7},{"damage":24,"enemies":"Gremlin Nob","floor":8,"turns":4},{"damage":28,"enemies":"Lagavulin","floor":12,"turns":5},{"damage":4,"enemies":"The Guardian","floor":16,"turns":12},{"damage":5,"enemies":"3 Byrds","floor":18,"turns":7},{"damage":0,"enemies":"Spheric Guardian","floor":19,"turns":4},{"damage":18,"enemies":"Colosseum Slavers","floor":20,"turns":5},{"damage":70,"enemies":"Colosseum Nobs","floor":20,"turns":7},{"damage":1,"enemies":"Cultist and Chosen","floor":22,"turns":5},{"damage":18,"enemies":"Book of Stabbing","floor":24,"turns":9},{"damage":12,"enemies":"Gremlin Leader","floor":27,"turns":7},{"damage":18,"enemies":"Snecko","floor":29,"turns":4},{"damage":70,"enemies":"Champ","floor":33,"turns":14},{"damage":22,"enemies":"3 Shapes","floor":35,"turns":4},{"damage":8,"enemies":"Orb Walker","floor":37,"turns":3},{"damage":8,"enemies":"Jaw Worm Horde","floor":38,"turns":5},{"damage":84,"enemies":"Reptomancer","floor":41,"turns":6},{"damage":55,"enemies":"Nemesis","floor":44,"turns":5}],"seed_played":"2811632462073278879","potions_obtained":[{"floor":1,"key":"Swift Potion"},{"floor":6,"key":"FearPotion"},{"floor":8,"key":"FearPotion"},{"floor":20,"key":"SteroidPotion"},{"floor":27,"key":"Fire Potion"},{"floor":31,"key":"EntropicBrew"},{"floor":37,"key":"Dexterity Potion"},{"floor":38,"key":"PowerPotion"}],"is_trial":false,"path_per_floor":["M","?","M","?","$","E","R","E","T","$","R","E","R","?","R","B",null,"M","M","?","?","M","R","E","?","T","E","R","M","T","?","R","B",null,"M","?","M","M","$","R","E","?","T","E"],"character_chosen":"IRONCLAD","items_purchased":["Shrug It Off","Explosive Potion","Membership Card","Bottled Tornado","Bag of Marbles"],"campfire_rested":2,"item_purchase_floors":[5,5,39,39,39],"current_hp_per_floor":[80,80,80,80,80,72,72,54,54,54,54,32,32,32,32,59,80,80,80,11,11,19,46,34,34,41,35,35,23,23,23,52,13,97,84,110,108,109,109,109,31,31,31,0],"gold":189,"neow_bonus":"RANDOM_COLORLESS","is_prod":false,"is_daily":false,"chose_seed":false,"campfire_upgraded":6,"win_rate":0,"timestamp":1558018318,"path_taken":["M","?","?","?","$","E","R","E","T","$","R","E","R","?","R","BOSS","M","M","?","?","M","R","E","?","T","E","R","?","?","?","R","BOSS","M","?","M","?","$","R","E","?","T","E"],"build_version":"2019-01-23","purchased_purges":2,"victory":false,"max_hp_per_floor":[80,80,80,80,80,80,80,80,80,80,80,80,80,80,80,80,80,80,80,87,87,90,90,90,90,97,97,97,97,97,97,97,97,97,100,110,110,113,113,113,113,113,113,113],"card_choices":[{"not_picked":["Perfected Strike","Flex","Armaments"],"picked":"SKIP","floor":1},{"not_picked":["Rage","Burning Pact"],"picked":"Headbutt","floor":3},{"not_picked":["Thunderclap","Wild Strike"],"picked":"Shrug It Off","floor":6},{"not_picked":["Thunderclap","Perfected Strike"],"picked":"Berserk","floor":8},{"not_picked":["Body Slam","Armaments","Dual Wield"],"picked":"SKIP","floor":12},{"not_picked":["Reaper","Offering"],"picked":"Feed","floor":16},{"not_picked":["Perfected Strike","Rage","Warcry"],"picked":"SKIP","floor":18},{"not_picked":["Perfected Strike","Rage","Warcry"],"picked":"SKIP","floor":18},{"not_picked":["Shrug It Off","Warcry+1","Heavy Blade"],"picked":"SKIP","floor":19},{"not_picked":["Blood for Blood","Sword Boomerang+1"],"picked":"Disarm","floor":22},{"not_picked":["Armaments+1","Sever Soul"],"picked":"Body Slam+1","floor":24},{"not_picked":["Shockwave+1","Second Wind+1"],"picked":"Berserk","floor":27},{"not_picked":["Headbutt","Warcry+1","Cleave"],"picked":"SKIP","floor":29},{"not_picked":["Evolve+1","Clash"],"picked":"True Grit+1","floor":35},{"not_picked":["Twin Strike","Rampage+1","Shrug It Off+1"],"picked":"SKIP","floor":37},{"not_picked":["Clothesline+1","Dropkick+1"],"picked":"Demon Form","floor":38},{"not_picked":["Anger+1","Heavy Blade+1"],"picked":"Whirlwind","floor":41}],"player_experience":62480,"relics_obtained":[{"floor":6,"key":"Pantograph"},{"floor":8,"key":"Boot"},{"floor":9,"key":"Matryoshka"},{"floor":12,"key":"Torii"},{"floor":20,"key":"Unceasing Top"},{"floor":20,"key":"Bottled Lightning"},{"floor":24,"key":"Shovel"},{"floor":26,"key":"Toxic Egg 2"},{"floor":26,"key":"Strawberry"},{"floor":27,"key":"Vajra"},{"floor":41,"key":"Bronze Scales"}],"event_choices":[{"damage_healed":0,"gold_gain":0,"player_choice":"Rummage","damage_taken":0,"relics_obtained":["WarpedTongs"],"max_hp_gain":0,"max_hp_loss":0,"event_name":"Accursed Blacksmith","floor":2,"gold_loss":0,"cards_obtained":["Pain"]},{"cards_removed":["Pain"],"damage_healed":0,"gold_gain":0,"player_choice":"Forget","damage_taken":0,"max_hp_gain":0,"max_hp_loss":0,"event_name":"Living Wall","floor":4,"gold_loss":0},{"damage_healed":0,"gold_gain":66,"player_choice":"Gained Gold","damage_taken":0,"max_hp_gain":0,"max_hp_loss":0,"event_name":"Golden Wing","floor":14,"gold_loss":0},{"damage_healed":0,"gold_gain":0,"player_choice":"Fight","damage_taken":0,"max_hp_gain":0,"max_hp_loss":0,"event_name":"Colosseum","floor":20,"gold_loss":0},{"damage_healed":0,"gold_gain":0,"player_choice":"Fought Nobs","damage_taken":0,"max_hp_gain":0,"max_hp_loss":0,"event_name":"Colosseum","floor":20,"gold_loss":0},{"damage_healed":0,"gold_gain":0,"player_choice":"Ignored","damage_taken":0,"max_hp_gain":0,"max_hp_loss":0,"event_name":"Cursed Tome","floor":21,"gold_loss":0},{"damage_healed":0,"gold_gain":0,"player_choice":"1 cards matched","damage_taken":0,"max_hp_gain":0,"max_hp_loss":0,"event_name":"Match and Keep!","floor":25,"gold_loss":0,"cards_obtained":["Immolate"]},{"damage_healed":0,"gold_gain":0,"player_choice":"Got Potions","damage_taken":0,"max_hp_gain":0,"max_hp_loss":0,"event_name":"Lab","floor":31,"gold_loss":0},{"cards_removed":["Immolate"],"damage_healed":16,"gold_gain":0,"player_choice":"Offered Rare","damage_taken":0,"max_hp_gain":10,"max_hp_loss":0,"event_name":"Bonfire Elementals","floor":36,"gold_loss":0},{"damage_healed":0,"gold_gain":0,"player_choice":"Memory 1","damage_taken":0,"max_hp_gain":0,"max_hp_loss":0,"event_name":"SensoryStone","floor":42,"gold_loss":0}],"is_beta":false,"boss_relics":[{"not_picked":["Velvet Choker","Pandora\u0027s Box"],"picked":"Cursed Key"},{"not_picked":["Calling Bell","Runic Dome"],"picked":"Runic Pyramid"}],"items_purged_floors":[10,39],"is_endless":false,"potions_floor_spawned":[1,6,8,20,20,27,37,38],"killed_by":"Nemesis","ascension_level":4}