{"gold_per_floor":[112,124,124,138,155,185,185,197,224,252,252,271,271,304,304,381,381,391,66,66,83,83,113,53,53,83,83,110,110,110,130,130,204,204,217,317,317,336,336,336],"floor_reached":40,"playtime":1234,"items_purged":["Strike_B"],"score":884,"play_id":"5b5f82f2-fc3b-4617-b0f3-9751b98df5d4","local_time":"20190515015859","is_ascension_mode":true,"campfire_choices":[{"data":"Zap","floor":7.0,"key":"SMITH"},{"floor":11.0,"key":"REST"},{"data":"Doom and Gloom","floor":13.0,"key":"SMITH"},{"floor":15.0,"key":"REST"},{"floor":25.0,"key":"REST"},{"data":"Electrodynamics","floor":27.0,"key":"SMITH"},{"data":"Go for the Eyes","floor":30.0,"key":"SMITH"},{"floor":32.0,"key":"REST"}],"neow_cost":"NONE","seed_source_timestamp":222054850333294,"circlet_count":0,"master_deck":["AscendersBane","Strike_B","Strike_B","Strike_B","Defend_B+1","Defend_B","Defend_B","Defend_B","Zap+1","Dualcast","Self Repair","Gash","Streamline","Gash","Steam+1","Doom and Gloom+1","Go for the Eyes+1","FTL","Electrodynamics+1","Static Discharge+1","Compile Driver","Chill","Conserve Battery","Echo Form","Cold Snap+1","All For One","Master of Strategy","Panacea"],"special_seed":0,"relics":["Cracked Core","NeowsBlessing","Dead Branch","War Paint","Oddly Smooth Stone","Sozu","Bird Faced Urn","Enchiridion","The Courier","Tiny Chest","Potion Belt","Cursed Key","Du-Vu Doll"],"potions_floor_usage":[],"damage_taken":[{"damage":0.0,"enemies":"Jaw Worm","floor":1.0,"turns":1.0},{"damage":0.0,"enemies":"Cultist","floor":2.0,"turns":1.0},{"damage":0.0,"enemies":"2 Louse","floor":4.0,"turns":1.0},{"damage":9.0,"enemies":"Blue Slaver","floor":5.0,"turns":6.0},{"damage":25.0,"enemies":"3 Sentries","floor":6.0,"turns":6.0},{"damage":8.0,"enemies":"Large Slime","floor":8.0,"turns":3.0},{"damage":33.0,"enemies":"Lagavulin","floor":10.0,"turns":7.0},{"damage":0.0,"enemies":"3 Louse","floor":12.0,"turns":3.0},{"damage":29.0,"enemies":"3 Sentries","floor":14.0,"turns":6.0},{"damage":7.0,"enemies":"Slime Boss","floor":16.0,"turns":6.0},{"damage":21.0,"enemies":"Spheric Guardian","floor":18.0,"turns":4.0},{"damage":3.0,"enemies":"Chosen","floor":21.0,"turns":4.0},{"damage":28.0,"enemies":"Slavers","floor":23.0,"turns":3.0},{"damage":15.0,"enemies":"Gremlin Leader","floor":28.0,"turns":5.0},{"damage":16.0,"enemies":"Snecko","floor":31.0,"turns":3.0},{"damage":44.0,"enemies":"Champ","floor":33.0,"turns":13.0},{"damage":2.0,"enemies":"3 Shapes","floor":35.0,"turns":2.0},{"damage":10.0,"enemies":"Mind Bloom Boss Battle","floor":36.0,"turns":8.0},{"damage":7.0,"enemies":"3 Darklings","floor":38.0,"turns":3.0},{"damage":82,"enemies":"Reptomancer","floor":40,"turns":5}],"seed_played":"677319340706502394","potions_obtained":[{"floor":1.0,"key":"Fire Potion"},{"floor":2.0,"key":"Fire Potion"},{"floor":10.0,"key":"Ancient Potion"},{"floor":16.0,"key":"EntropicBrew"}],"is_trial":false,"path_per_floor":["M","M","?","M","M","E","R","M","T","E","R","M","R","E","R","B",null,"M","$","?","M","?","E","$","R","T","R","E","?","R","M","R","B",null,"M","?","?","M","?","E"],"character_chosen":"DEFECT","items_purchased":["Bird Faced Urn"],"campfire_rested":4,"item_purchase_floors":[19],"current_hp_per_floor":[64,64,64,64,62,44,44,36,36,10,31,38,38,16,37,37,63,49,49,49,55,34,19,19,40,40,40,40,40,40,39,60,33,62,62,71,71,71,61,0],"gold":336,"neow_bonus":"THREE_ENEMY_KILL","is_prod":false,"is_daily":false,"chose_seed":false,"campfire_upgraded":4,"win_rate":0,"timestamp":1557896339,"path_taken":["M","M","?","?","M","E","R","M","T","E","R","M","R","E","R","BOSS","M","$","?","M","?","E","?","R","T","R","E","?","R","M","R","BOSS","M","?","?","M","?","E"],"build_version":"2019-01-23","purchased_purges":1,"victory":false,"max_hp_per_floor":[71,71,71,71,71,71,71,71,71,71,71,71,71,71,71,71,71,71,71,71,71,71,71,71,71,71,71,71,71,71,71,71,71,71,71,71,71,71,71,71],"card_choices":[{"not_picked":["Scrape","Double Energy","Redo"],"picked":"SKIP","floor":1.0},{"not_picked":["Tempest","Go for the Eyes"],"picked":"Self Repair","floor":2.0},{"not_picked":["Skim","Tempest"],"picked":"Gash","floor":4.0},{"not_picked":["Reinforced Body","Beam Cell"],"picked":"Streamline","floor":5.0},{"not_picked":["Auto Shields","Darkness"],"picked":"Gash","floor":6.0},{"not_picked":["Skim","Rebound","Steam"],"picked":"SKIP","floor":8.0},{"not_picked":["Skim","Rebound"],"picked":"Steam","floor":8.0},{"not_picked":["Rebound","Go for the Eyes"],"picked":"Doom and Gloom","floor":10.0},{"not_picked":["Sunder","Meteor Strike"],"picked":"Go for the Eyes","floor":12.0},{"not_picked":["Leap","Force Field"],"picked":"FTL","floor":14.0},{"not_picked":["Creative AI","Multi-Cast"],"picked":"Electrodynamics","floor":16.0},{"not_picked":["Steam","Go for the Eyes","Turbo"],"picked":"SKIP","floor":18.0},{"not_picked":["Go for the Eyes+1","Stack"],"picked":"Static Discharge+1","floor":21.0},{"not_picked":["Gash","Tempest","Aggregate"],"picked":"SKIP","floor":23.0},{"not_picked":["Machine Learning","White Noise"],"picked":"Compile Driver","floor":28.0},{"not_picked":["Barrage","Rebound+1"],"picked":"Conserve Battery","floor":31.0},{"not_picked":["Rainbow","Thunder Strike"],"picked":"Echo Form","floor":33.0},{"not_picked":["Beam Cell","Redo","Barrage+1"],"picked":"SKIP","floor":35.0},{"not_picked":["Rip and Tear","FTL"],"picked":"Cold Snap+1","floor":36.0},{"not_picked":["Barrage","Turbo+1"],"picked":"All For One","floor":38.0},{"not_picked":["Blind","Good Instincts"],"picked":"Master of Strategy","floor":39.0},{"not_picked":["Flash of Steel","Forethought"],"picked":"Panacea","floor":39.0}],"player_experience":2326255,"relics_obtained":[{"floor":6.0,"key":"Dead Branch"},{"floor":10.0,"key":"War Paint"},{"floor":14.0,"key":"Oddly Smooth Stone"},{"floor":22.0,"key":"Enchiridion"},{"floor":23.0,"key":"The Courier"},{"floor":26.0,"key":"Tiny Chest"},{"floor":28.0,"key":"Potion Belt"},{"floor":36.0,"key":"Du-Vu Doll"}],"event_choices":[{"damage_healed":0.0,"max_hp_gain":0.0,"max_hp_loss":0.0,"gold_gain":0.0,"event_name":"Lab","player_choice":"Got Potions","floor":3.0,"gold_loss":0.0,"damage_taken":0.0},{"damage_healed":0.0,"max_hp_gain":0.0,"max_hp_loss":0.0,"gold_gain":0.0,"event_name":"Beggar","player_choice":"Ignored","floor":20.0,"gold_loss":0.0,"damage_taken":0.0},{"damage_healed":0.0,"max_hp_gain":0.0,"max_hp_loss":0.0,"gold_gain":0.0,"event_name":"Cursed Tome","player_choice":"Obtained Book","floor":22.0,"gold_loss":0.0,"damage_taken":21.0},{"damage_healed":0.0,"max_hp_gain":0.0,"max_hp_loss":0.0,"gold_gain":0.0,"event_name":"The Library","player_choice":"Read","floor":29.0,"gold_loss":0.0,"damage_taken":0.0,"cards_obtained":["Chill"]},{"damage_healed":0.0,"max_hp_gain":0.0,"max_hp_loss":0.0,"gold_gain":0.0,"event_name":"MindBloom","player_choice":"Fight","floor":36.0,"gold_loss":0.0,"damage_taken":0.0},{"damage_healed":0.0,"max_hp_gain":0.0,"max_hp_loss":0.0,"gold_gain":0.0,"event_name":"Tomb of Lord Red Mask","player_choice":"Ignored","floor":37.0,"gold_loss":0.0,"damage_taken":0.0},{"damage_healed":0.0,"max_hp_gain":0.0,"max_hp_loss":0.0,"gold_gain":0.0,"event_name":"SensoryStone","player_choice":"Memory 3","floor":39.0,"gold_loss":0.0,"damage_taken":10.0}],"is_beta":false,"boss_relics":[{"not_picked":["Calling Bell","Pandora\u0027s Box"],"picked":"Sozu"},{"not_picked":["Busted Crown","FrozenCore"],"picked":"Cursed Key"}],"items_purged_floors":[24],"is_endless":false,"potions_floor_spawned":[1,2,5,10,14,16,23,28,31,38],"killed_by":"Reptomancer","ascension_level":20}