{"gold_per_floor":[118,118,130,149,49,49,69,69,139,153,172,172,192,192,192,290,290,306,320,70,88,88,88,98,98,124,124,137,137,156,187,187,286,286,296,8,8,20,31,31,31,31,31,31,31,31,6,24,24,24],"floor_reached":50,"playtime":7093,"items_purged":["Defend_R"],"score":454,"play_id":"783cabcd-b153-4bb9-bf84-5bcac44ed541","local_time":"20190411004537","is_ascension_mode":false,"campfire_choices":[{"data":"Armaments","floor":6,"key":"SMITH"},{"data":"Rage","floor":8,"key":"SMITH"},{"data":"Rampage","floor":12,"key":"SMITH"},{"data":"Demon Form","floor":15,"key":"SMITH"},{"floor":23,"key":"REST"},{"floor":29,"key":"REST"},{"floor":32,"key":"REST"},{"data":"Mind Blast","floor":40,"key":"SMITH"},{"data":"Limit Break","floor":44,"key":"SMITH"},{"data":"Madness","floor":46,"key":"SMITH"},{"floor":49,"key":"REST"}],"neow_cost":"PERCENT_DAMAGE","seed_source_timestamp":2338251395385200,"circlet_count":0,"master_deck":["Strike_R","Strike_R","Strike_R","Strike_R","Defend_R+1","Defend_R+1","Bash+1","Headbutt","Armaments+1","Rage+1","Armaments","Headbutt","Body Slam","Rampage+1","Clash","Demon Form+1","Limit Break+1","Parasite","Second Wind","Twin Strike+1","Battle Trance","Spot Weakness+1","Rage","Clash+1","Sword Boomerang","Berserk+1","Flex","Mind Blast+1","Chill+1","Cold Snap","Madness+1","Madness","Headbutt","Steam+1"],"relics":["Burning Blood","Gambling Chip","Question Card","Calling Bell","Regal Pillow","Sundial","Pocketwatch","Frozen Egg 2","Happy Flower","Whetstone","FossilizedHelix","Mango","Empty Cage","PrismaticShard","Bottled Tornado"],"potions_floor_usage":[16,19,21,30,33,33,48,50],"damage_taken":[{"damage":7,"enemies":"Small Slimes","floor":1,"turns":3},{"damage":0,"enemies":"2 Louse","floor":3,"turns":2},{"damage":0,"enemies":"Jaw Worm","floor":4,"turns":4},{"damage":0,"enemies":"Looter","floor":7,"turns":4},{"damage":0,"enemies":"Blue Slaver","floor":10,"turns":3},{"damage":10,"enemies":"Exordium Thugs","floor":11,"turns":5},{"damage":0,"enemies":"Red Slaver","floor":13,"turns":2},{"damage":32,"enemies":"Hexaghost","floor":16,"turns":7},{"damage":35,"enemies":"3 Byrds","floor":18,"turns":5},{"damage":29,"enemies":"Spheric Guardian","floor":19,"turns":7},{"damage":20,"enemies":"Snecko","floor":21,"turns":5},{"damage":28,"enemies":"Shelled Parasite and Fungi","floor":24,"turns":6},{"damage":18,"enemies":"Snake Plant","floor":28,"turns":6},{"damage":11,"enemies":"Cultist and Chosen","floor":30,"turns":7},{"damage":30,"enemies":"Book of Stabbing","floor":31,"turns":5},{"damage":50,"enemies":"Collector","floor":33,"turns":6},{"damage":48,"enemies":"3 Darklings","floor":35,"turns":6},{"damage":1,"enemies":"3 Shapes","floor":38,"turns":4},{"damage":9,"enemies":"Maw","floor":39,"turns":7},{"damage":22,"enemies":"Jaw Worm Horde","floor":48,"turns":4},{"damage":98,"enemies":"Donu and Deca","floor":50,"turns":4}],"seed_played":"7541539296861587975","potions_obtained":[{"floor":1,"key":"SkillPotion"},{"floor":3,"key":"BloodPotion"},{"floor":13,"key":"Fire Potion"},{"floor":16,"key":"Poison Potion"},{"floor":19,"key":"Explosive Potion"},{"floor":21,"key":"Swift Potion"},{"floor":24,"key":"GamblersBrew"},{"floor":30,"key":"Fire Potion"},{"floor":35,"key":"Explosive Potion"}],"is_trial":false,"path_per_floor":["M","?","M","M","$","R","M","R","T","M","M","R","M","?","R","B",null,"M","M","$","M","?","R","M","?","T","T","M","R","M","E","R","B",null,"M","$","?","M","M","R","?","?","T","R","?","R","$","M","R","B"],"character_chosen":"IRONCLAD","items_purchased":["Armaments","Frozen Egg 2","PrismaticShard","Mind Blast","Headbutt"],"campfire_rested":4,"item_purchase_floors":[5,20,36,36,47],"current_hp_per_floor":[55,39,45,51,51,51,57,57,57,63,59,59,65,65,65,39,80,51,36,36,22,22,61,39,24,24,24,12,52,47,37,81,37,96,54,54,54,59,56,56,44,44,44,44,84,84,84,68,84,0],"gold":24,"neow_bonus":"ONE_RARE_RELIC","is_prod":false,"is_daily":false,"chose_seed":false,"campfire_upgraded":7,"win_rate":0.0,"timestamp":1554957937,"path_taken":["M","?","M","M","$","R","M","R","T","M","M","R","M","?","R","BOSS","M","M","$","M","?","R","M","?","T","?","M","R","M","E","R","BOSS","M","$","?","M","?","R","?","?","T","R","?","R","?","M","R","BOSS"],"build_version":"2019-01-23","purchased_purges":1,"victory":false,"max_hp_per_floor":[80,80,80,80,80,80,80,80,80,80,80,80,80,80,80,80,80,80,80,80,80,80,80,80,85,85,85,85,85,85,99,99,99,96,96,96,96,96,96,96,96,96,96,96,84,84,84,84,84,84],"card_choices":[{"not_picked":["Sever Soul","Rage"],"picked":"Headbutt","floor":1},{"not_picked":["Pommel Strike","Intimidate"],"picked":"Armaments","floor":3},{"not_picked":["Clash","Evolve"],"picked":"Rage","floor":4},{"not_picked":["Shrug It Off","Heavy Blade"],"picked":"Headbutt","floor":7},{"not_picked":["Second Wind","Sword Boomerang","Shrug It Off"],"picked":"Body Slam","floor":10},{"not_picked":["Twin Strike","Double Tap","Cleave"],"picked":"Rampage","floor":11},{"not_picked":["Body Slam","Clothesline","Heavy Blade"],"picked":"Clash","floor":13},{"not_picked":["Bludgeon","Dark Embrace","Brutality"],"picked":"Limit Break","floor":16},{"not_picked":["Whirlwind","Armaments","Immolate"],"picked":"Second Wind","floor":18},{"not_picked":["Thunderclap","Dropkick+1","Flex"],"picked":"Twin Strike","floor":19},{"not_picked":["Wild Strike+1","Carnage","Body Slam"],"picked":"Battle Trance","floor":21},{"not_picked":["Body Slam","Twin Strike","Dark Embrace+1"],"picked":"Spot Weakness+1","floor":24},{"not_picked":["Iron Wave","Warcry","Power Through+1"],"picked":"Rage","floor":28},{"not_picked":["Pommel Strike","Entrench","True Grit"],"picked":"Clash+1","floor":30},{"not_picked":["Perfected Strike","Feel No Pain+1","Heavy Blade"],"picked":"Sword Boomerang","floor":31},{"not_picked":["Reaper","Dark Embrace+1","Limit Break"],"picked":"Berserk+1","floor":33},{"not_picked":["True Grit","Clash+1","Pummel"],"picked":"Flex","floor":35},{"not_picked":["Ghostly Armor+1","Storm+1","Barrage"],"picked":"Chill+1","floor":38},{"not_picked":["Tactician+1","Chaos","Clash"],"picked":"Cold Snap","floor":39},{"not_picked":["Entrench+1","PiercingWail+1","Hello World+1"],"picked":"Steam+1","floor":48}],"player_experience":17862,"relics_obtained":[{"floor":9,"key":"Question Card"},{"floor":17,"key":"Regal Pillow"},{"floor":17,"key":"Sundial"},{"floor":17,"key":"Pocketwatch"},{"floor":26,"key":"Whetstone"},{"floor":27,"key":"FossilizedHelix"},{"floor":31,"key":"Mango"},{"floor":43,"key":"Bottled Tornado"}],"event_choices":[{"damage_healed":0,"gold_gain":0,"player_choice":"Entered Light","damage_taken":16,"max_hp_gain":0,"max_hp_loss":0,"event_name":"Shining Light","floor":2,"gold_loss":0,"cards_upgraded":["Defend_R","Defend_R"]},{"damage_healed":0,"gold_gain":0,"cards_transformed":["Defend_R"],"player_choice":"Change","damage_taken":0,"max_hp_gain":0,"max_hp_loss":0,"event_name":"Living Wall","floor":14,"gold_loss":0,"cards_obtained":["Demon Form"]},{"damage_healed":0,"gold_gain":0,"player_choice":"Opened","damage_taken":0,"relics_obtained":["Happy Flower"],"max_hp_gain":0,"max_hp_loss":0,"event_name":"The Mausoleum","floor":22,"gold_loss":0},{"damage_healed":0,"gold_gain":0,"player_choice":"Shed Blood","damage_taken":20,"max_hp_gain":5,"max_hp_loss":0,"event_name":"Forgotten Altar","floor":25,"gold_loss":0},{"damage_healed":0,"gold_gain":0,"player_choice":"Ignored","damage_taken":0,"max_hp_gain":0,"max_hp_loss":0,"event_name":"SecretPortal","floor":37,"gold_loss":0},{"damage_healed":0,"gold_gain":0,"player_choice":"Embrace Madness","damage_taken":12,"max_hp_gain":0,"max_hp_loss":0,"event_name":"Winding Halls","floor":41,"gold_loss":0,"cards_obtained":["Madness","Madness"]},{"cards_removed":["Strike_R"],"damage_healed":0,"gold_gain":0,"player_choice":"Removed Attack","damage_taken":0,"max_hp_gain":0,"max_hp_loss":0,"event_name":"Falling","floor":42,"gold_loss":0},{"damage_healed":84,"gold_gain":0,"player_choice":"Heal","damage_taken":0,"max_hp_gain":0,"max_hp_loss":12,"event_name":"The Moai Head","floor":45,"gold_loss":0}],"is_beta":false,"boss_relics":[{"not_picked":["Eternal Feather","Cursed Key"],"picked":"Calling Bell"},{"not_picked":["Snecko Eye","Black Star"],"picked":"Empty Cage"}],"items_purged_floors":[5],"is_endless":false,"potions_floor_spawned":[1,3,13,16,19,21,24,30,35],"killed_by":"Donu and Deca","ascension_level":0}