{"path_per_floor":["M","M","$","M","M","R","E","M","T","R","$","?","M","T","R","B",null,"M","?","?","?","M","E","M","E","T"],"character_chosen":"IRONCLAD","items_purchased":[],"gold_per_floor":[119,137,62,78,90,90,117,137,137,137,37,37,57,83,83,179,179,179,179,79,79,79,79,79,79,79],"floor_reached":27,"campfire_rested":0,"playtime":1068,"current_hp_per_floor":[80,80,80,80,80,80,67,66,66,66,66,73,75,75,75,20,87,86,68,68,68,56,50,24,14,14],"items_purged":["Defend_R","Strike_R"],"gold":79,"score":253,"play_id":"9c00ba42-2906-419b-8e30-916a91b8115b","is_prod":false,"is_daily":false,"is_ascension_mode":false,"campfire_upgraded":3,"path_taken":["M","M","$","M","M","R","E","M","T","R","$","?","M","?","R","BOSS","M","?","?","?","?","E","M","E","T","M"],"build_version":"2018-02-21-BETA5","purchased_purges":2,"victory":false,"master_deck":["Strike_R","Strike_R","Strike_R","Strike_R","Defend_R","Defend_R","Defend_R","Bash+1","Clash","Rampage+1","Metallicize+1","Regret","Offering","J.A.X.","Hemokinesis+1","Shockwave","Armaments"],"max_hp_per_floor":[80,80,80,80,80,80,80,80,80,80,80,87,87,87,87,87,87,87,87,87,87,87,87,87,87,87],"relics":["Burning Blood","Ginger","Vajra","Strawberry","Ectoplasm","Red Mask","Nloth\u0027s Gift","Tiny Chest","Calipers","Bird Faced Urn"],"card_choices":[{"not_picked":["Dual Wield","Wild Strike"],"picked":"Clash"},{"not_picked":["Power Through","Iron Wave"],"picked":"Rampage"},{"not_picked":["Cleave","Sword Boomerang"],"picked":"Metallicize"},{"not_picked":["Demon Form","Bludgeon"],"picked":"Offering"},{"not_picked":["Anger","Heavy Blade"],"picked":"Hemokinesis"},{"not_picked":["Dark Embrace","Wild Strike"],"picked":"Shockwave"},{"not_picked":["Warcry","Flame Barrier"],"picked":"Armaments"}],"player_experience":117565,"potions_floor_usage":[7,19,23,25,25],"damage_taken":[{"damage":4,"enemies":"Small Slimes","floor":1,"turns":5},{"damage":6,"enemies":"Cultist","floor":2,"turns":3},{"damage":6,"enemies":"Jaw Worm","floor":4,"turns":2},{"damage":5,"enemies":"Looter","floor":5,"turns":3},{"damage":19,"enemies":"3 Sentries","floor":7,"turns":6},{"damage":7,"enemies":"Large Slime","floor":8,"turns":5},{"damage":4,"enemies":"Blue Slaver","floor":13,"turns":3},{"damage":61,"enemies":"Hexaghost","floor":16,"turns":8},{"damage":7,"enemies":"Spheric Guardian","floor":18,"turns":3},{"damage":24,"enemies":"Masked Bandits","floor":19,"turns":4},{"damage":18,"enemies":"Shell Parasite","floor":22,"turns":3},{"damage":12,"enemies":"Book of Stabbing","floor":23,"turns":3},{"damage":32,"enemies":"Chosen and Byrds","floor":24,"turns":4},{"damage":25,"enemies":"Slavers","floor":25,"turns":4},{"damage":16,"enemies":"Cultist and Chosen","floor":27,"turns":3}],"event_choices":[{"event_name":"Big Fish","player_choice":"Box","floor":12,"damage_taken":0},{"event_name":"Masked Bandits","player_choice":"Fought over 179 gold","floor":19,"damage_taken":0},{"event_name":"Drug Dealer","player_choice":"Got JAXXED","floor":20,"damage_taken":0},{"event_name":"N\u0027loth","player_choice":"Traded a Bronze Scales","floor":21,"damage_taken":0}],"boss_relics":[{"not_picked":["Calling Bell","Philosopher\u0027s Stone"],"picked":"Ectoplasm"}],"potions_floor_spawned":[1,2,4,18,19,23,25],"seed_played":"7786719778605452908","killed_by":"Cultist and Chosen","ascension_level":0,"is_trial":false}