{"gold_per_floor":[112,112,187,22,22,22,63,63,63,63,63,101,114,138,138,138],"floor_reached":16,"playtime":542,"items_purged":[],"score":312,"play_id":"dc455e13-5da3-465a-9b2a-0d4836441be2","local_time":"20190224231206","is_ascension_mode":true,"campfire_choices":[{"data":"Feel No Pain","floor":6.0,"key":"SMITH"},{"data":"Flex","floor":15.0,"key":"SMITH"}],"neow_cost":"NONE","seed_source_timestamp":348302589068343,"circlet_count":0,"master_deck":["AscendersBane","Strike_R+1","Strike_R+1","Strike_R","Defend_R","Defend_R","Defend_R","Defend_R","Bash","Feel No Pain+1","Shrug It Off","Flex+1","Flame Barrier"],"special_seed":0,"relics":["Burning Blood","NeowsBlessing","Bag of Preparation","Golden Idol","Whetstone","Red Skull","Vajra"],"potions_floor_usage":[16,16],"damage_taken":[{"damage":0.0,"enemies":"Cultist","floor":1.0,"turns":1.0},{"damage":0.0,"enemies":"Lagavulin","floor":7.0,"turns":1.0},{"damage":0.0,"enemies":"3 Sentries","floor":12.0,"turns":2.0},{"damage":0.0,"enemies":"Jaw Worm","floor":13.0,"turns":3.0},{"damage":2.0,"enemies":"2 Louse","floor":14.0,"turns":4.0},{"damage":83,"enemies":"Slime Boss","floor":16,"turns":15}],"seed_played":"-629561004545861017","potions_obtained":[{"floor":1.0,"key":"BloodPotion"},{"floor":13.0,"key":"Explosive Potion"}],"is_trial":false,"path_per_floor":["M","?","?","$","?","R","E","?","T","?","?","E","M","M","R","B"],"character_chosen":"IRONCLAD","items_purchased":["Bag of Preparation"],"campfire_rested":0,"item_purchase_floors":[4],"current_hp_per_floor":[74,74,63,63,63,63,68,68,68,68,61,67,68,68,68,0],"gold":138,"neow_bonus":"THREE_ENEMY_KILL","is_prod":false,"is_daily":false,"chose_seed":false,"campfire_upgraded":2,"win_rate":0,"timestamp":1551021126,"path_taken":["M","?","?","$","?","R","E","?","T","?","?","E","M","M","R","BOSS"],"build_version":"2019-01-23","purchased_purges":0,"victory":false,"max_hp_per_floor":[75,75,75,75,68,68,68,68,68,68,68,68,68,68,68,68],"card_choices":[{"not_picked":["Blood for Blood","Clothesline"],"picked":"Feel No Pain","floor":1.0},{"not_picked":["Clash","Searing Blow","Pummel"],"picked":"SKIP","floor":7.0},{"not_picked":["Dual Wield","Havoc"],"picked":"Shrug It Off","floor":12.0},{"not_picked":["Heavy Blade","Headbutt"],"picked":"Flex","floor":13.0},{"not_picked":["Armaments","Seeing Red"],"picked":"Flame Barrier","floor":14.0}],"player_experience":1048213,"relics_obtained":[{"floor":7.0,"key":"Whetstone"},{"floor":9.0,"key":"Red Skull"},{"floor":12.0,"key":"Vajra"}],"event_choices":[{"cards_removed":["Strike_R"],"damage_healed":0.0,"max_hp_gain":0.0,"max_hp_loss":0.0,"gold_gain":0.0,"event_name":"Living Wall","player_choice":"Forget","floor":2.0,"gold_loss":0.0,"damage_taken":0.0},{"damage_healed":0.0,"max_hp_gain":0.0,"max_hp_loss":0.0,"gold_gain":75.0,"event_name":"World of Goop","player_choice":"Gather Gold","floor":3.0,"gold_loss":0.0,"damage_taken":11.0},{"damage_healed":0.0,"max_hp_gain":0.0,"max_hp_loss":7.0,"gold_gain":0.0,"event_name":"Golden Idol","player_choice":"Lose Max HP","floor":5.0,"gold_loss":0.0,"damage_taken":0.0,"relics_obtained":["Golden Idol"]},{"damage_healed":0.0,"max_hp_gain":0.0,"max_hp_loss":0.0,"gold_gain":0.0,"event_name":"Liars Game","player_choice":"Ignored","floor":8.0,"gold_loss":0.0,"damage_taken":0.0},{"damage_healed":0.0,"max_hp_gain":0.0,"max_hp_loss":0.0,"gold_gain":0.0,"event_name":"The Cleric","player_choice":"Leave","floor":10.0,"gold_loss":0.0,"damage_taken":0.0},{"cards_removed":["Strike_R"],"damage_healed":0.0,"max_hp_gain":0.0,"max_hp_loss":0.0,"gold_gain":0.0,"event_name":"Golden Wing","player_choice":"Card Removal","floor":11.0,"gold_loss":0.0,"damage_taken":7.0}],"is_beta":false,"boss_relics":[],"items_purged_floors":[],"is_endless":false,"potions_floor_spawned":[1,13],"killed_by":"Slime Boss","ascension_level":20}