{"gold_per_floor":[112,112,69,85,160,192,117,117,166,200,223,235,261,285,297,383,395,421,446,486,423,51,51,83,102,102,102,135,150,167,179,179,254,254,271,96,96,318,331,331,331,365,365,398,398,414,432,450,450,450,450,450,450,160,190,190],"floor_reached":56,"playtime":2893,"items_purged":["Infernal Blade"],"score":2039,"play_id":"99c57e52-2c01-4de9-abdd-e92849f7c023","local_time":"20190510001615","is_ascension_mode":true,"campfire_choices":[{"data":"Carnage","floor":8.0,"key":"SMITH"},{"data":"Feed","floor":12.0,"key":"SMITH"},{"data":"Armaments","floor":15.0,"key":"SMITH"},{"floor":23.0,"key":"REST"},{"data":"Battle Trance","floor":27.0,"key":"SMITH"},{"data":"Demon Form","floor":32.0,"key":"SMITH"},{"data":"Limit Break","floor":40,"key":"SMITH"},{"data":"Feel No Pain","floor":45,"key":"SMITH"},{"floor":49,"key":"RECALL"},{"data":"Offering","floor":53,"key":"SMITH"}],"neow_cost":"NONE","seed_source_timestamp":378064412399111,"circlet_count":0,"master_deck":["AscendersBane","Bash","Sword Boomerang","Feel No Pain+1","Carnage+1","True Grit","Feed+1","Armaments+1","Offering+1","Reaper","Shockwave","Flex","Infernal Blade","Sever Soul","Demon Form+1","Battle Trance+1","Havoc","Disarm+1","Clothesline+1","Infernal Blade","Limit Break+1","Pommel Strike+1","Fiend Fire","Inflame","Master of Strategy","Shockwave+1","True Grit","Pommel Strike+1","Corruption+1","True Grit"],"special_seed":0,"relics":["Burning Blood","NeowsBlessing","Dodecahedron","MawBank","Pandora\u0027s Box","Red Mask","FossilizedHelix","Incense Burner","Sundial","Singing Bowl","Velvet Choker","Bag of Marbles","Shuriken","Self Forming Clay","Centennial Puzzle","Paper Frog"],"potions_floor_usage":[55,56],"damage_taken":[{"damage":0.0,"enemies":"Small Slimes","floor":1.0,"turns":2.0},{"damage":0.0,"enemies":"Jaw Worm","floor":4.0,"turns":1.0},{"damage":0.0,"enemies":"Gremlin Nob","floor":6.0,"turns":1.0},{"damage":21.0,"enemies":"3 Sentries","floor":10.0,"turns":10.0},{"damage":2.0,"enemies":"2 Louse","floor":11.0,"turns":3.0},{"damage":15.0,"enemies":"Exordium Wildlife","floor":13.0,"turns":7.0},{"damage":3.0,"enemies":"2 Fungi Beasts","floor":14.0,"turns":4.0},{"damage":44.0,"enemies":"The Guardian","floor":16.0,"turns":14.0},{"damage":42.0,"enemies":"Shell Parasite","floor":18.0,"turns":5.0},{"damage":16.0,"enemies":"2 Thieves","floor":19.0,"turns":3.0},{"damage":37.0,"enemies":"Masked Bandits","floor":20.0,"turns":4.0},{"damage":44.0,"enemies":"Slavers","floor":24.0,"turns":4.0},{"damage":12.0,"enemies":"3 Cultists","floor":25.0,"turns":5.0},{"damage":6.0,"enemies":"Book of Stabbing","floor":28.0,"turns":6.0},{"damage":0.0,"enemies":"Centurion and Healer","floor":29.0,"turns":3.0},{"damage":10.0,"enemies":"Shelled Parasite and Fungi","floor":30.0,"turns":4.0},{"damage":25.0,"enemies":"Snake Plant","floor":31.0,"turns":6.0},{"damage":102.0,"enemies":"Collector","floor":33.0,"turns":9.0},{"damage":11.0,"enemies":"3 Shapes","floor":35.0,"turns":11.0},{"damage":35.0,"enemies":"3 Darklings","floor":39.0,"turns":4.0},{"damage":17,"enemies":"Giant Head","floor":42,"turns":5},{"damage":38,"enemies":"Nemesis","floor":44,"turns":7},{"damage":35,"enemies":"Jaw Worm Horde","floor":46,"turns":5},{"damage":8,"enemies":"Maw","floor":47,"turns":6},{"damage":2,"enemies":"Sphere and 2 Shapes","floor":48,"turns":4},{"damage":74,"enemies":"Awakened One","floor":50,"turns":9},{"damage":60,"enemies":"Time Eater","floor":51,"turns":11},{"damage":74,"enemies":"Shield and Spear","floor":55,"turns":9},{"damage":98,"enemies":"The Heart","floor":56,"turns":8}],"seed_played":"-2643267245218810165","potions_obtained":[{"floor":6.0,"key":"Poison Potion"},{"floor":11.0,"key":"EssenceOfSteel"},{"floor":16.0,"key":"Dexterity Potion"},{"floor":25.0,"key":"Ancient Potion"},{"floor":42,"key":"SkillPotion"}],"is_trial":false,"path_per_floor":["M","?","$","M","?","E","?","R","T","E","M","R","M","M","R","B",null,"M","M","?","?","$","R","E","M","T","R","E","M","M","M","R","B",null,"M","$","?","?","M","R","?","E","T","E","R","M","M","M","R","B","B",null,"R","$","E","B"],"character_chosen":"IRONCLAD","items_purchased":["Feel No Pain","Havoc","FossilizedHelix","Fiend Fire","Inflame","Centennial Puzzle","FearPotion"],"campfire_rested":1,"item_purchase_floors":[3,22,22,36,36,54,54],"current_hp_per_floor":[74,67,67,73,62,68,68,68,68,53,60,60,55,62,62,24,71,39,35,20,20,20,48,71,102,102,102,108,114,114,111,111,45,104,115,115,109,109,84,84,84,112,112,121,121,118,120,128,128,99,45,128,128,128,76,0],"gold":190,"neow_bonus":"THREE_ENEMY_KILL","is_prod":false,"is_daily":false,"chose_seed":false,"campfire_upgraded":8,"win_rate":0,"timestamp":1557458175,"path_taken":["M","?","$","M","?","E","?","R","T","E","M","R","M","M","R","BOSS","M","M","?","?","$","R","E","M","T","R","E","M","M","M","R","BOSS","M","$","?","?","M","R","?","E","T","E","R","M","M","M","R","BOSS","BOSS","R","$","E","BOSS"],"build_version":"2019-01-23","purchased_purges":1,"victory":false,"max_hp_per_floor":[75,75,75,75,75,75,75,75,75,75,78,78,82,86,86,86,86,90,90,94,94,94,94,98,102,102,102,108,114,118,124,124,124,124,128,128,132,132,136,136,136,138,138,140,140,144,148,152,152,156,156,156,156,156,156,156],"card_choices":[{"not_picked":["Perfected Strike","Reckless Charge"],"picked":"Sword Boomerang","floor":1.0},{"not_picked":["Hemokinesis","Anger"],"picked":"Carnage","floor":4.0},{"not_picked":["True Grit","Flex","Cleave"],"picked":"SKIP","floor":6.0},{"not_picked":["Flex","Cleave"],"picked":"True Grit","floor":6.0},{"not_picked":["Heavy Blade","Havoc"],"picked":"Feed","floor":10.0},{"not_picked":["Thunderclap","Intimidate"],"picked":"Armaments","floor":11.0},{"not_picked":["Thunderclap","Wild Strike","Anger"],"picked":"SKIP","floor":13.0},{"not_picked":["Bloodletting","Warcry"],"picked":"Offering","floor":14.0},{"not_picked":["Impervious","Berserk"],"picked":"Reaper","floor":16.0},{"not_picked":["Iron Wave","Headbutt+1"],"picked":"Seeing Red","floor":18.0},{"not_picked":["Anger","Flex","Armaments"],"picked":"SKIP","floor":19.0},{"not_picked":["Shrug It Off","Clash"],"picked":"Battle Trance","floor":20.0},{"not_picked":["Ghostly Armor","Power Through"],"picked":"Disarm+1","floor":24.0},{"not_picked":["Clothesline+1","Power Through","Headbutt"],"picked":"SKIP","floor":25.0},{"not_picked":["Power Through","Headbutt"],"picked":"Clothesline+1","floor":25.0},{"not_picked":["Twin Strike","Sentinel","Intimidate"],"picked":"Singing Bowl","floor":28.0},{"not_picked":["Second Wind","Wild Strike","Heavy Blade"],"picked":"Singing Bowl","floor":29.0},{"not_picked":["Second Wind","Iron Wave"],"picked":"Infernal Blade","floor":30.0},{"not_picked":["Sword Boomerang","Pommel Strike","Rampage+1"],"picked":"Singing Bowl","floor":31.0},{"not_picked":["Bludgeon","Double Tap"],"picked":"Limit Break","floor":33.0},{"not_picked":["Shrug It Off","Searing Blow"],"picked":"Pommel Strike+1","floor":35.0},{"not_picked":["Discovery","Mayhem"],"picked":"Master of Strategy","floor":37.0},{"not_picked":["Purity","HandOfGreed","Finesse"],"picked":"Singing Bowl","floor":37.0},{"not_picked":["HandOfGreed","PanicButton","Trip"],"picked":"Singing Bowl","floor":37.0},{"not_picked":["Armaments","Rupture+1"],"picked":"Shockwave+1","floor":39.0},{"not_picked":["Pummel","Havoc","Juggernaut"],"picked":"Singing Bowl","floor":42},{"not_picked":["Body Slam","Brutality","Bloodletting"],"picked":"Singing Bowl","floor":44},{"not_picked":["Anger","Body Slam"],"picked":"True Grit","floor":46},{"not_picked":["Iron Wave+1","Bludgeon"],"picked":"Pommel Strike+1","floor":47},{"not_picked":["Headbutt","Body Slam"],"picked":"Corruption+1","floor":48},{"not_picked":["Inflame","Sword Boomerang+1"],"picked":"True Grit","floor":55}],"player_experience":2294154,"relics_obtained":[{"floor":6.0,"key":"Dodecahedron"},{"floor":10.0,"key":"MawBank"},{"floor":20.0,"key":"Red Mask"},{"floor":24.0,"key":"Incense Burner"},{"floor":26.0,"key":"Sundial"},{"floor":28.0,"key":"Singing Bowl"},{"floor":42,"key":"Bag of Marbles"},{"floor":43,"key":"Shuriken"},{"floor":44,"key":"Self Forming Clay"},{"floor":55,"key":"Paper Frog"}],"event_choices":[{"cards_removed":["Strike_R"],"damage_healed":0.0,"max_hp_gain":0.0,"max_hp_loss":0.0,"gold_gain":0.0,"event_name":"Golden Wing","player_choice":"Card Removal","floor":2.0,"gold_loss":0.0,"damage_taken":7.0},{"damage_healed":0.0,"max_hp_gain":0.0,"max_hp_loss":0.0,"gold_gain":75.0,"event_name":"World of Goop","player_choice":"Gather Gold","floor":5.0,"gold_loss":0.0,"damage_taken":11.0},{"cards_removed":["Strike_R"],"damage_healed":0.0,"max_hp_gain":0.0,"max_hp_loss":0.0,"gold_gain":0.0,"event_name":"The Cleric","player_choice":"Card Removal","floor":7.0,"gold_loss":75.0,"damage_taken":0.0},{"damage_healed":0.0,"max_hp_gain":0.0,"max_hp_loss":0.0,"gold_gain":0.0,"event_name":"Masked Bandits","player_choice":"Fought Bandits","floor":20.0,"gold_loss":0.0,"damage_taken":0.0},{"cards_removed":["Rampage"],"damage_healed":0.0,"max_hp_gain":0.0,"max_hp_loss":0.0,"gold_gain":0.0,"event_name":"Beggar","player_choice":"Gave Gold","floor":21.0,"gold_loss":75.0,"damage_taken":0.0},{"damage_healed":0.0,"max_hp_gain":0.0,"max_hp_loss":0.0,"gold_gain":0.0,"event_name":"SensoryStone","player_choice":"Memory 3","floor":37.0,"gold_loss":0.0,"damage_taken":10.0},{"damage_healed":0.0,"max_hp_gain":0.0,"max_hp_loss":0.0,"gold_gain":222.0,"event_name":"Tomb of Lord Red Mask","player_choice":"Wore Mask","floor":38.0,"gold_loss":0.0,"damage_taken":0.0},{"cards_removed":["Seeing Red"],"damage_healed":0,"gold_gain":0,"player_choice":"Removed Skill","damage_taken":0,"max_hp_gain":0,"max_hp_loss":0,"event_name":"Falling","floor":41,"gold_loss":0}],"is_beta":false,"boss_relics":[{"not_picked":["White Beast Statue","Empty Cage"],"picked":"Pandora\u0027s Box"},{"not_picked":["Black Blood","Astrolabe"],"picked":"Velvet Choker"}],"items_purged_floors":[54],"is_endless":false,"potions_floor_spawned":[6,11,16,20,25,28,29,42,46,48],"killed_by":"The Heart","ascension_level":20}