{"gold_per_floor":[111,186,25,25,45,45,105,105,135,110,145,195,210,11,11,11],"floor_reached":16,"playtime":264,"items_purged":["Strike_R","Strike_R"],"score":196,"play_id":"205fedf0-4043-40ac-9d40-3be9f99a2005","local_time":"20190307124758","is_ascension_mode":true,"campfire_choices":[{"data":"Whirlwind","floor":6.0,"key":"SMITH"},{"data":"Bloodletting","floor":8.0,"key":"SMITH"},{"data":"Disarm","floor":15,"key":"SMITH"}],"neow_cost":"NONE","seed_source_timestamp":525046290020814,"circlet_count":0,"master_deck":["AscendersBane","Strike_R","Strike_R","Defend_R","Defend_R","Defend_R","Defend_R","Bash","Whirlwind+1","Feel No Pain","Shrug It Off","Bloodletting+1","Inflame","Sword Boomerang","Disarm+1"],"special_seed":0,"relics":["Burning Blood","NeowsBlessing","SsserpentHead","Tiny Chest","Blue Candle","Pear"],"potions_floor_usage":[],"damage_taken":[{"damage":0.0,"enemies":"Jaw Worm","floor":1.0,"turns":1.0},{"damage":0.0,"enemies":"Cultist","floor":5.0,"turns":1.0},{"damage":0.0,"enemies":"Small Slimes","floor":7.0,"turns":1.0},{"damage":48.0,"enemies":"Lagavulin","floor":11.0,"turns":7.0},{"damage":3,"enemies":"2 Fungi Beasts","floor":13,"turns":1},{"damage":21,"enemies":"Hexaghost","floor":16,"turns":9}],"seed_played":"-7903961286493767459","potions_obtained":[{"floor":1.0,"key":"Swift Potion"},{"floor":7.0,"key":"Explosive Potion"}],"is_trial":false,"path_per_floor":["M","?","$","?","M","R","M","R","T","?","E","?","M","$","R","B"],"character_chosen":"IRONCLAD","items_purchased":["Feel No Pain","Sword Boomerang","Disarm"],"campfire_rested":0,"item_purchase_floors":[3,14,14],"current_hp_per_floor":[74,63,63,63,69,69,75,75,75,75,33,17,20,20,20,0],"gold":11,"neow_bonus":"THREE_ENEMY_KILL","is_prod":false,"is_daily":false,"chose_seed":false,"campfire_upgraded":3,"win_rate":0,"timestamp":1551934078,"path_taken":["M","?","$","?","M","R","?","R","T","?","E","?","M","$","R","BOSS"],"build_version":"2019-01-23","purchased_purges":2,"victory":false,"max_hp_per_floor":[75,75,75,75,75,75,75,75,75,75,75,85,85,85,85,85],"card_choices":[{"not_picked":["Dual Wield","Cleave"],"picked":"Whirlwind","floor":1.0},{"not_picked":["Sword Boomerang","Searing Blow"],"picked":"Shrug It Off","floor":5.0},{"not_picked":["Sword Boomerang","Entrench"],"picked":"Bloodletting","floor":7.0},{"not_picked":["Flex","Shrug It Off"],"picked":"Inflame","floor":11.0},{"not_picked":["Sentinel","Searing Blow","Havoc"],"picked":"SKIP","floor":13}],"player_experience":1178547,"relics_obtained":[{"floor":9.0,"key":"Tiny Chest"},{"floor":11.0,"key":"Blue Candle"}],"event_choices":[{"damage_healed":0.0,"max_hp_gain":0.0,"max_hp_loss":0.0,"gold_gain":75.0,"event_name":"World of Goop","player_choice":"Gather Gold","floor":2.0,"gold_loss":0.0,"damage_taken":11.0},{"damage_healed":0.0,"max_hp_gain":0.0,"max_hp_loss":0.0,"gold_gain":0.0,"event_name":"FaceTrader","player_choice":"Trade","floor":4.0,"gold_loss":0.0,"damage_taken":0.0,"relics_obtained":["SsserpentHead"]},{"cards_removed":["Strike_R"],"damage_healed":0.0,"max_hp_gain":0.0,"max_hp_loss":0.0,"gold_gain":0.0,"event_name":"The Cleric","player_choice":"Card Removal","floor":10.0,"gold_loss":75.0,"damage_taken":0.0},{"damage_healed":0,"gold_gain":0,"player_choice":"Success","damage_taken":26,"relics_obtained":["Pear"],"max_hp_gain":0,"max_hp_loss":0,"event_name":"Scrap Ooze","floor":12,"gold_loss":0}],"is_beta":false,"boss_relics":[],"items_purged_floors":[3,14],"is_endless":false,"potions_floor_spawned":[1,7],"killed_by":"Hexaghost","ascension_level":20}