{"gold_per_floor":[116,127,140,150,16,48,59,78,102,102,133,133,145,145,145,240,240,260,260,260,30,30,30],"floor_reached":23,"playtime":901,"items_purged":["Strike_G"],"score":402,"play_id":"dfe2b291-57d3-471d-a17c-ab5f950a95cd","local_time":"20190507151220","is_ascension_mode":true,"campfire_choices":[{"floor":10,"key":"REST"},{"data":"Neutralize","floor":12,"key":"SMITH"},{"floor":15,"key":"REST"}],"neow_cost":"NONE","seed_source_timestamp":174739122469417,"circlet_count":0,"master_deck":["AscendersBane","Defend_G+1","Defend_G+1","Defend_G+1","Defend_G+1","Defend_G+1","Survivor","Neutralize+1","Poisoned Stab","Dagger Throw","Bane","Well Laid Plans","Dash","Dodge and Roll","Envenom","Poisoned Stab","Writhe","Tactician","Finisher"],"relics":["Velvet Choker","Dead Branch","Regal Pillow","Pen Nib","Golden Idol","Empty Cage","Bag of Preparation","Sling"],"potions_floor_usage":[6,8,11,16,23],"damage_taken":[{"damage":0,"enemies":"2 Louse","floor":1,"turns":2},{"damage":0,"enemies":"Small Slimes","floor":2,"turns":4},{"damage":7,"enemies":"Jaw Worm","floor":3,"turns":4},{"damage":16,"enemies":"Large Slime","floor":4,"turns":6},{"damage":39,"enemies":"3 Sentries","floor":6,"turns":12},{"damage":0,"enemies":"3 Louse","floor":7,"turns":4},{"damage":10,"enemies":"Exordium Thugs","floor":8,"turns":6},{"damage":14,"enemies":"Lagavulin","floor":11,"turns":9},{"damage":4,"enemies":"Red Slaver","floor":13,"turns":3},{"damage":49,"enemies":"Slime Boss","floor":16,"turns":13},{"damage":17,"enemies":"Spheric Guardian","floor":18,"turns":10},{"damage":29,"enemies":"Slavers","floor":23,"turns":5}],"seed_played":"-4920789782722243937","potions_obtained":[{"floor":4,"key":"Regen Potion"},{"floor":7,"key":"Swift Potion"},{"floor":8,"key":"Ancient Potion"},{"floor":13,"key":"GamblersBrew"},{"floor":16,"key":"FearPotion"}],"is_trial":false,"path_per_floor":["M","M","M","M","$","E","M","M","T","R","E","R","M","?","R","B",null,"M","?","?","$","?","E"],"character_chosen":"THE_SILENT","items_purchased":["Bane","Sling"],"campfire_rested":2,"item_purchase_floors":[5,21],"current_hp_per_floor":[59,59,52,36,36,12,12,2,2,36,22,22,18,18,51,2,46,29,29,29,29,29,0],"gold":30,"neow_bonus":"BOSS_RELIC","is_prod":false,"is_daily":false,"chose_seed":false,"campfire_upgraded":1,"win_rate":0,"timestamp":1557252740,"path_taken":["M","M","M","M","$","E","M","M","T","R","E","R","M","?","R","BOSS","M","?","?","$","?","E"],"build_version":"2019-01-23","purchased_purges":1,"victory":false,"max_hp_per_floor":[66,66,66,66,66,66,66,66,66,66,66,66,66,60,60,60,60,60,60,60,60,60,60],"card_choices":[{"not_picked":["PiercingWail","Dagger Throw"],"picked":"Poisoned Stab","floor":1},{"not_picked":["Outmaneuver","Sucker Punch","Masterful Stab"],"picked":"SKIP","floor":2},{"not_picked":["Reflex","Infinite Blades"],"picked":"Dagger Throw","floor":3},{"not_picked":["Flechettes","Sucker Punch","Cloak And Dagger"],"picked":"SKIP","floor":4},{"not_picked":["Bane","Escape Plan","Dagger Throw"],"picked":"SKIP","floor":6},{"not_picked":["Outmaneuver","PiercingWail"],"picked":"Well Laid Plans","floor":7},{"not_picked":["Dagger Spray","Cloak And Dagger"],"picked":"Dash","floor":8},{"not_picked":["Dagger Throw","Flying Knee","Finisher"],"picked":"SKIP","floor":11},{"not_picked":["Caltrops","Dagger Throw"],"picked":"Dodge and Roll","floor":13},{"not_picked":["Glass Knife","Grand Finale"],"picked":"Envenom","floor":16},{"not_picked":["Underhanded Strike","Quick Slash"],"picked":"Poisoned Stab","floor":18}],"player_experience":2276440,"relics_obtained":[{"floor":6,"key":"Dead Branch"},{"floor":9,"key":"Regal Pillow"},{"floor":11,"key":"Pen Nib"}],"event_choices":[{"damage_healed":0,"gold_gain":0,"player_choice":"Lose Max HP","damage_taken":0,"relics_obtained":["Golden Idol"],"max_hp_gain":0,"max_hp_loss":6,"event_name":"Golden Idol","floor":14,"gold_loss":0},{"damage_healed":0,"gold_gain":0,"player_choice":"Opened","damage_taken":0,"relics_obtained":["Bag of Preparation"],"max_hp_gain":0,"max_hp_loss":0,"event_name":"The Mausoleum","floor":19,"gold_loss":0,"cards_obtained":["Writhe"]},{"damage_healed":0,"gold_gain":0,"cards_transformed":["Strike_G","Strike_G"],"player_choice":"Became Test Subject","damage_taken":0,"max_hp_gain":0,"max_hp_loss":0,"event_name":"Drug Dealer","floor":20,"gold_loss":0,"cards_obtained":["Tactician","Finisher"]},{"damage_healed":0,"gold_gain":0,"player_choice":"Simplicity","damage_taken":0,"max_hp_gain":0,"max_hp_loss":0,"event_name":"Back to Basics","floor":22,"gold_loss":0,"cards_upgraded":["Defend_G","Defend_G","Defend_G","Defend_G","Defend_G"]}],"is_beta":false,"boss_relics":[{"not_picked":["Ectoplasm","White Beast Statue"],"picked":"Empty Cage"}],"items_purged_floors":[5],"is_endless":false,"potions_floor_spawned":[4,7,8,13,16],"killed_by":"Slavers","ascension_level":20}