{"gold_per_floor":[112,112,62,76,90,122,122,156,156,156,176,176,92,109,109,109],"floor_reached":16,"playtime":587,"items_purged":[],"score":138,"play_id":"ccc90423-4cd6-470c-8bb6-9a8be25f079c","local_time":"20190515140417","is_ascension_mode":true,"campfire_choices":[{"floor":7,"key":"REST"},{"data":"Corpse Explosion","floor":10,"key":"SMITH"},{"data":"Catalyst","floor":15,"key":"SMITH"}],"neow_cost":"NONE","seed_source_timestamp":9071850331841,"circlet_count":0,"master_deck":["Defend_G+1","Defend_G","Defend_G","Defend_G","Strike_G","Strike_G+1","Strike_G+1","Strike_G+1","Survivor","Neutralize","Corpse Explosion+1","Blur","Backflip","Deadly Poison","Acrobatics","Crippling Poison","Bane","Flash of Steel","Catalyst+1"],"relics":["Ring of the Snake","Whetstone","Pear","Blood Vial"],"potions_floor_usage":[16],"damage_taken":[{"damage":3,"enemies":"Jaw Worm","floor":1,"turns":5},{"damage":0,"enemies":"Small Slimes","floor":4,"turns":2},{"damage":7,"enemies":"2 Louse","floor":5,"turns":2},{"damage":26,"enemies":"Lagavulin","floor":6,"turns":9},{"damage":17,"enemies":"3 Sentries","floor":8,"turns":4},{"damage":13,"enemies":"Exordium Thugs","floor":11,"turns":4},{"damage":4,"enemies":"Blue Slaver","floor":14,"turns":4},{"damage":19,"enemies":"The Guardian","floor":16,"turns":8}],"seed_played":"2536811006958993790","potions_obtained":[{"floor":1,"key":"SpeedPotion"},{"floor":14,"key":"AttackPotion"}],"is_trial":false,"path_per_floor":["M","?","?","M","M","E","R","E","T","R","M","?","$","M","R","B"],"character_chosen":"THE_SILENT","items_purchased":["Flash of Steel"],"campfire_rested":1,"item_purchase_floors":[13],"current_hp_per_floor":[67,53,53,53,46,20,41,34,34,34,23,16,16,14,14,0],"gold":109,"neow_bonus":"ONE_RANDOM_RARE_CARD","is_prod":false,"is_daily":false,"chose_seed":false,"campfire_upgraded":2,"win_rate":0,"timestamp":1557943457,"path_taken":["M","?","?","M","M","E","R","E","T","R","M","?","$","?","R","BOSS"],"build_version":"2019-01-23","purchased_purges":0,"victory":false,"max_hp_per_floor":[70,70,70,70,70,70,70,80,80,80,80,80,80,80,80,80],"card_choices":[{"not_picked":["Flechettes","Dodge and Roll"],"picked":"Blur","floor":1},{"not_picked":["Bane","Deflect"],"picked":"Backflip","floor":4},{"not_picked":["Backflip","Acrobatics"],"picked":"Deadly Poison","floor":5},{"not_picked":["Quick Slash","Accuracy"],"picked":"Acrobatics","floor":6},{"not_picked":["PiercingWail","Wraith Form v2"],"picked":"Crippling Poison","floor":8},{"not_picked":["Heel Hook","Blade Dance"],"picked":"Bane","floor":11},{"not_picked":["Tactician","Slice"],"picked":"Catalyst","floor":14}],"player_experience":247602,"relics_obtained":[{"floor":6,"key":"Whetstone"},{"floor":8,"key":"Pear"},{"floor":9,"key":"Blood Vial"}],"event_choices":[{"damage_healed":0,"gold_gain":0,"player_choice":"Entered Light","damage_taken":14,"max_hp_gain":0,"max_hp_loss":0,"event_name":"Shining Light","floor":2,"gold_loss":0,"cards_upgraded":["Defend_G","Strike_G"]},{"cards_removed":["Defend_G"],"damage_healed":0,"gold_gain":0,"player_choice":"Card Removal","damage_taken":0,"max_hp_gain":0,"max_hp_loss":0,"event_name":"The Cleric","floor":3,"gold_loss":50},{"cards_removed":["Strike_G"],"damage_healed":0,"gold_gain":0,"player_choice":"Card Removal","damage_taken":7,"max_hp_gain":0,"max_hp_loss":0,"event_name":"Golden Wing","floor":12,"gold_loss":0}],"is_beta":false,"boss_relics":[],"items_purged_floors":[],"is_endless":false,"potions_floor_spawned":[1,14],"killed_by":"The Guardian","ascension_level":5}