{"gold_per_floor":[216,226,237,254,329,329,18,53,53,78,96,96,426,438,438,534,534,548,579,50,67,17,17,17,17,17,48,65,40,40,67,67,166,166,177,399,414,429,447,447,447,447,447,480,16,31,45,63,63,63],"floor_reached":51,"playtime":2121,"items_purged":["Strike_B","Strike_B"],"score":1164,"play_id":"0857e2d6-2a62-4f41-8a5d-b236bcc79c58","local_time":"20180804192711","is_ascension_mode":true,"campfire_choices":[{"floor":6,"key":"REST"},{"floor":12,"key":"REST"},{"data":"Loop","floor":15,"key":"SMITH"},{"floor":23,"key":"REST"},{"floor":25,"key":"REST"},{"data":"Go for the Eyes","floor":32,"key":"SMITH"},{"data":"Dualcast","floor":40,"key":"SMITH"},{"floor":42,"key":"REST"},{"floor":49,"key":"DIG"}],"neow_cost":"NONE","seed_source_timestamp":3849192379897,"circlet_count":0,"master_deck":["Strike_B","Strike_B","Defend_B","Defend_B","Defend_B","Defend_B","Zap","Dualcast+1","Ball Lightning","Chill","BootSequence","Ball Lightning","Stack+1","FTL","Undo+1","White Noise+1","Consume+1","Loop+1","Rainbow+1","Leap+1","Coolheaded+1","Barrage+1","Leap+1","Go for the Eyes+1","Stack+1","Ghostly+1","Ghostly+1","Ghostly+1","Ghostly+1","Ghostly+1","Biased Cognition+1","Self Repair+1","Tempest+1","Sweeping Beam+1","Madness+1","Madness+1","Parasite","Glacier+1","Loop+1","Hologram+1","Amplify+1"],"relics":["Cracked Core","Toxic Egg 2","Art of War","Mercury Hourglass","Peace Pipe","Old Coin","Inserter","Red Mask","Happy Flower","Sling","Frozen Egg 2","Blue Candle","Orichalcum","Cursed Key","Shovel","Boot","Bottled Lightning","Question Card"],"potions_floor_usage":[16,16,19,27,33,44,50,50],"damage_taken":[{"damage":4,"enemies":"Jaw Worm","floor":1,"turns":4},{"damage":11,"enemies":"Small Slimes","floor":2,"turns":3},{"damage":1,"enemies":"Cultist","floor":3,"turns":3},{"damage":0,"enemies":"2 Fungi Beasts","floor":4,"turns":3},{"damage":6,"enemies":"3 Sentries","floor":8,"turns":8},{"damage":18,"enemies":"Lagavulin","floor":10,"turns":5},{"damage":0,"enemies":"Blue Slaver","floor":11,"turns":3},{"damage":2,"enemies":"Gremlin Nob","floor":13,"turns":4},{"damage":1,"enemies":"Looter","floor":14,"turns":2},{"damage":25,"enemies":"Hexaghost","floor":16,"turns":7},{"damage":21,"enemies":"Shell Parasite","floor":18,"turns":6},{"damage":13,"floor":19,"turns":3},{"damage":0,"enemies":"2 Thieves","floor":21,"turns":4},{"damage":1,"enemies":"Book of Stabbing","floor":27,"turns":5},{"damage":0,"enemies":"3 Cultists","floor":28,"turns":4},{"damage":0,"enemies":"Collector","floor":33,"turns":12},{"damage":9,"enemies":"Orb Walker","floor":35,"turns":4},{"damage":0,"enemies":"3 Darklings","floor":37,"turns":5},{"damage":17,"enemies":"Flame Bruiser 2 Orb","floor":38,"turns":7},{"damage":0,"enemies":"Transient","floor":39,"turns":5},{"damage":20,"enemies":"Giant Head","floor":44,"turns":9},{"damage":0,"enemies":"Spire Growth","floor":46,"turns":6},{"damage":0,"enemies":"3 Darklings","floor":47,"turns":6},{"damage":4,"enemies":"Maw","floor":48,"turns":8},{"damage":12,"enemies":"Time Eater","floor":50,"turns":11}],"seed_played":"-3439383315096594852","potions_obtained":[{"floor":2,"key":"Dexterity Potion"},{"floor":4,"key":"LiquidBronze"},{"floor":10,"key":"Dexterity Potion"},{"floor":16,"key":"Swift Potion"},{"floor":28,"key":"Energy Potion"},{"floor":33,"key":"Block Potion"},{"floor":44,"key":"Strength Potion"},{"floor":46,"key":"PowerPotion"},{"floor":48,"key":"PowerPotion"}],"is_trial":false,"path_per_floor":["M","M","M","M","?","R","$","E","T","E","M","R","E","M","R","B",null,"M","?","$","M","$","R","?","R","T","E","M","$","?","T","R","B",null,"M","?","M","M","M","R","?","R","T","E","$","M","M","M","R","B"],"character_chosen":"DEFECT","items_purchased":["Toxic Egg 2","Stack+1","Happy Flower","Sling","Coolheaded+1","PowerPotion","PowerPotion","Stack+1","Loop+1","Bottled Lightning","Swift Potion"],"campfire_rested":5,"item_purchase_floors":[7,7,20,20,20,20,22,29,45,45,45],"current_hp_per_floor":[64,53,52,52,41,63,63,57,57,39,39,61,59,58,58,33,65,44,31,31,31,31,53,39,63,63,62,62,62,40,40,40,40,40,31,31,31,24,34,34,29,40,40,30,30,30,40,40,40,35],"gold":63,"neow_bonus":"HUNDRED_GOLD","is_prod":false,"is_daily":false,"chose_seed":false,"campfire_upgraded":3,"win_rate":0,"timestamp":1533421631,"path_taken":["M","M","M","M","?","R","$","E","T","E","M","R","E","M","R","BOSS","M","?","$","M","$","R","?","R","T","E","?","$","?","?","R","BOSS","M","?","M","M","M","R","?","R","T","E","$","M","M","M","R","BOSS"],"build_version":"2018-07-12","purchased_purges":2,"victory":true,"max_hp_per_floor":[75,75,75,75,75,75,75,75,75,75,75,75,75,75,75,75,75,75,75,75,75,75,75,80,80,80,80,80,80,40,40,40,40,40,40,40,40,40,40,40,40,40,40,40,40,40,40,40,40,40],"card_choices":[{"not_picked":["Compile Driver","Rebound"],"picked":"Ball Lightning","floor":1},{"not_picked":["Rip and Tear","Turbo"],"picked":"Chill","floor":2},{"not_picked":["Turbo","Sweeping Beam"],"picked":"BootSequence","floor":3},{"not_picked":["Genetic Algorithm","Rebound"],"picked":"Ball Lightning","floor":4},{"not_picked":["Chaos+1","Gash"],"picked":"FTL","floor":8},{"not_picked":["Fusion+1","Go for the Eyes"],"picked":"Undo+1","floor":10},{"not_picked":["Aggregate+1","Double Energy+1"],"picked":"White Noise+1","floor":11},{"not_picked":["Hello World","Conserve Battery+1"],"picked":"Consume+1","floor":13},{"not_picked":["Beam Cell","Cold Snap"],"picked":"Loop","floor":14},{"not_picked":["Echo Form","Multi-Cast+1"],"picked":"Rainbow+1","floor":16},{"not_picked":["Compile Driver+1","Barrage","Static Discharge"],"picked":"SKIP","floor":18},{"not_picked":["Compile Driver+1","Barrage","Static Discharge"],"picked":"SKIP","floor":18},{"not_picked":["Redo+1","Tempest+1"],"picked":"Leap+1","floor":19},{"not_picked":["Go for the Eyes","Leap+1"],"picked":"Barrage+1","floor":21},{"not_picked":["Scrape","Reprogram+1"],"picked":"Leap+1","floor":27},{"not_picked":["Leap+1","Melter"],"picked":"Go for the Eyes","floor":28},{"not_picked":["Hyperbeam","Creative AI+1"],"picked":"Biased Cognition+1","floor":33},{"not_picked":["Chill+1","Cold Snap"],"picked":"Self Repair+1","floor":35},{"not_picked":["Leap+1","Cold Snap","Streamline"],"picked":"SKIP","floor":37},{"not_picked":["Turbo+1","Rebound+1"],"picked":"Tempest+1","floor":38},{"not_picked":["Rebound+1","Go for the Eyes+1"],"picked":"Sweeping Beam+1","floor":39},{"not_picked":["Go for the Eyes","Meteor Strike"],"picked":"Glacier+1","floor":44},{"not_picked":["Aggregate+1","Redo+1","Reprogram+1"],"picked":"SKIP","floor":46},{"not_picked":["Double Energy+1","Redo+1"],"picked":"Hologram+1","floor":47},{"not_picked":["Go for the Eyes","Leap+1"],"picked":"Amplify+1","floor":48}],"player_experience":455311,"relics_obtained":[{"floor":8,"key":"Art of War"},{"floor":9,"key":"Mercury Hourglass"},{"floor":10,"key":"Peace Pipe"},{"floor":13,"key":"Old Coin"},{"floor":19,"key":"Red Mask"},{"floor":26,"key":"Frozen Egg 2"},{"floor":27,"key":"Blue Candle"},{"floor":31,"key":"Orichalcum"},{"floor":43,"key":"Shovel"},{"floor":44,"key":"Boot"},{"floor":49,"key":"Question Card"}],"event_choices":[{"event_name":"World of Goop","player_choice":"Gather Gold","floor":5,"damage_taken":0},{"event_name":"Masked Bandits","player_choice":"Fought over 548 gold","floor":19,"damage_taken":0},{"event_name":"Forgotten Altar","player_choice":"Shed Blood","floor":24,"damage_taken":0},{"event_name":"Ghosts","player_choice":"Became a Ghost","floor":30,"damage_taken":0},{"event_name":"Tomb of Lord Red Mask","player_choice":"Wore Mask","floor":36,"damage_taken":0},{"event_name":"Winding Halls","player_choice":"Embrace Madness","floor":41,"damage_taken":0}],"boss_relics":[{"not_picked":["Fusion Hammer","Sozu"],"picked":"Inserter"},{"not_picked":["FrozenCore","Runic Dome"],"picked":"Cursed Key"}],"items_purged_floors":[20,45],"is_endless":false,"potions_floor_spawned":[2,4,10,14,16,28,33,44,46,48],"ascension_level":8}