{"gold_per_floor":[15,45,45,70,91,91,106,106,180,180],"floor_reached":10,"playtime":229,"items_purged":[],"score":116,"play_id":"1b5ccc0e-985a-45eb-8c93-3aca5fe7ff35","local_time":"20190510232413","is_ascension_mode":true,"campfire_choices":[{"data":"Deadly Poison","floor":6,"key":"SMITH"},{"floor":8,"key":"REST"}],"neow_cost":"NO_GOLD","seed_source_timestamp":464117823652707,"circlet_count":0,"master_deck":["AscendersBane","Defend_G","Defend_G","Defend_G","Defend_G","Strike_G","Strike_G","Strike_G","Strike_G","Survivor","Neutralize","Deadly Poison+1","Dagger Throw","Poisoned Stab","PiercingWail"],"relics":["Ring of the Snake","Tiny Chest","Golden Idol"],"potions_floor_usage":[7,10],"damage_taken":[{"damage":0,"enemies":"2 Louse","floor":1,"turns":4},{"damage":4,"enemies":"Small Slimes","floor":4,"turns":4},{"damage":0,"enemies":"Cultist","floor":5,"turns":3},{"damage":21,"enemies":"Exordium Thugs","floor":7,"turns":5},{"damage":30,"enemies":"Gremlin Nob","floor":10,"turns":3}],"seed_played":"-4966675631702472420","potions_obtained":[{"floor":5,"key":"EssenceOfSteel"},{"floor":7,"key":"Strength Potion"}],"is_trial":false,"path_per_floor":["M","?","?","M","M","R","M","R","T","E"],"character_chosen":"THE_SILENT","items_purchased":[],"campfire_rested":1,"item_purchase_floors":[],"current_hp_per_floor":[59,33,33,29,29,29,8,26,26,0],"gold":180,"neow_bonus":"REMOVE_TWO","is_prod":false,"is_daily":false,"chose_seed":false,"campfire_upgraded":1,"win_rate":0,"timestamp":1557541453,"path_taken":["M","?","?","M","M","R","M","R","T","E"],"build_version":"2019-01-23","purchased_purges":0,"victory":false,"max_hp_per_floor":[66,66,60,60,60,60,60,60,60,60],"card_choices":[{"not_picked":["Bouncing Flask","Dodge and Roll"],"picked":"Deadly Poison","floor":1},{"not_picked":["Heel Hook","Choke"],"picked":"Dagger Throw","floor":4},{"not_picked":["Prepared","Distraction"],"picked":"Poisoned Stab","floor":5},{"not_picked":["Eviscerate","Escape Plan"],"picked":"PiercingWail","floor":7}],"player_experience":2308088,"relics_obtained":[],"event_choices":[{"damage_healed":0,"gold_gain":0,"player_choice":"Success","damage_taken":26,"relics_obtained":["Tiny Chest"],"max_hp_gain":0,"max_hp_loss":0,"event_name":"Scrap Ooze","floor":2,"gold_loss":0},{"damage_healed":0,"gold_gain":0,"player_choice":"Lose Max HP","damage_taken":0,"relics_obtained":["Golden Idol"],"max_hp_gain":0,"max_hp_loss":6,"event_name":"Golden Idol","floor":3,"gold_loss":0}],"is_beta":false,"boss_relics":[],"items_purged_floors":[],"is_endless":false,"potions_floor_spawned":[5,7],"killed_by":"Gremlin Nob","ascension_level":20}