{"gold_per_floor":[366,25,41,58,68,68,95,109,135,153,153,166,178,188,188,284,284,299,3,20,20,33,33,33],"floor_reached":24,"playtime":959,"items_purged":[],"score":326,"play_id":"fa7b2fe3-d8c9-4079-8b21-25ffecec6ab5","local_time":"20180830000649","is_ascension_mode":true,"campfire_choices":[{"data":"Defragment","floor":6,"key":"SMITH"},{"data":"Zap","floor":11,"key":"SMITH"},{"floor":15,"key":"REST"},{"floor":23,"key":"REST"}],"neow_cost":"CURSE","seed_source_timestamp":129561817988401,"circlet_count":0,"master_deck":["Strike_B","Strike_B","Strike_B","Strike_B","Defend_B","Defend_B","Defend_B","Defend_B","Zap+1","Dualcast","AscendersBane","Injury","Consume","Melter","Defragment+1","Chill","Capacitor","Conserve Battery","Ball Lightning","Rip and Tear","Compile Driver","Core Surge","Stack+1","Skim","Chill","Writhe","Self Repair","BootSequence"],"relics":["Cracked Core","Orichalcum","Blood Vial","Centennial Puzzle","Dream Catcher","Cursed Key","Meat on the Bone","Singing Bowl"],"potions_floor_usage":[7,8,16,18,24],"damage_taken":[{"damage":6,"enemies":"Cultist","floor":1,"turns":3},{"damage":0,"enemies":"2 Louse","floor":3,"turns":3},{"damage":8,"enemies":"Jaw Worm","floor":4,"turns":3},{"damage":6,"enemies":"2 Fungi Beasts","floor":5,"turns":3},{"damage":26,"enemies":"Gremlin Nob","floor":7,"turns":4},{"damage":3,"enemies":"Exordium Thugs","floor":8,"turns":5},{"damage":0,"enemies":"Large Slime","floor":10,"turns":5},{"damage":12,"enemies":"3 Louse","floor":12,"turns":3},{"damage":2,"enemies":"Blue Slaver","floor":13,"turns":2},{"damage":18,"enemies":"Large Slime","floor":14,"turns":5},{"damage":39,"enemies":"Slime Boss","floor":16,"turns":10},{"damage":21,"enemies":"Shell Parasite","floor":18,"turns":5},{"damage":16,"enemies":"Spheric Guardian","floor":20,"turns":4},{"damage":14,"enemies":"Snecko","floor":22,"turns":6},{"damage":64,"enemies":"Gremlin Leader","floor":24,"turns":10}],"seed_played":"-2925576062952277788","potions_obtained":[{"floor":3,"key":"Dexterity Potion"},{"floor":5,"key":"AttackPotion"},{"floor":7,"key":"Regen Potion"},{"floor":16,"key":"Regen Potion"},{"floor":20,"key":"Energy Potion"}],"is_trial":false,"path_per_floor":["M","$","M","M","M","R","E","M","T","M","R","M","M","M","R","B",null,"M","$","M","T","M","R"],"character_chosen":"DEFECT","items_purchased":["Orichalcum","Blood Vial","Melter","Meat on the Bone","Skim"],"campfire_rested":2,"item_purchase_floors":[2,2,2,19,19],"current_hp_per_floor":[62,62,64,58,54,54,30,43,43,45,45,35,35,19,41,4,57,52,52,38,38,38,60,0],"gold":33,"neow_bonus":"TWO_FIFTY_GOLD","is_prod":false,"is_daily":false,"chose_seed":false,"campfire_upgraded":2,"win_rate":0,"timestamp":1535598409,"path_taken":["M","$","M","M","M","R","E","M","T","M","R","M","?","M","R","BOSS","M","$","?","?","M","R","E"],"build_version":"2018-07-12","purchased_purges":0,"victory":false,"max_hp_per_floor":[75,75,75,75,75,75,75,75,75,75,75,75,75,75,75,75,75,75,75,75,75,75,75,75],"card_choices":[{"not_picked":["Leap","Redo"],"picked":"Consume","floor":1},{"not_picked":["Beam Cell","Stack"],"picked":"Defragment","floor":3},{"not_picked":["Rebound","Redo"],"picked":"Chill","floor":4},{"not_picked":["Turbo","Scrape","Creative AI"],"picked":"SKIP","floor":5},{"not_picked":["Consume","Loop"],"picked":"Capacitor","floor":7},{"not_picked":["Leap","Go for the Eyes"],"picked":"Conserve Battery","floor":8},{"not_picked":["Chaos","Blizzard","Stack"],"picked":"SKIP","floor":10},{"not_picked":["Sweeping Beam","Gash"],"picked":"Ball Lightning","floor":12},{"not_picked":["Chill","Leap"],"picked":"Rip and Tear","floor":13},{"not_picked":["Stack","Streamline","Self Repair"],"picked":"SKIP","floor":14},{"not_picked":["Stack","Steam"],"picked":"Compile Driver","floor":15},{"not_picked":["Meteor Strike","Fission"],"picked":"Core Surge","floor":16},{"not_picked":["Leap","Undo"],"picked":"Stack+1","floor":18},{"not_picked":["Go for the Eyes","Compile Driver+1"],"picked":"Chill","floor":20},{"not_picked":["Gash","Redo"],"picked":"Self Repair","floor":22},{"not_picked":["Consume+1","Reprogram"],"picked":"BootSequence","floor":23}],"player_experience":748950,"relics_obtained":[{"floor":7,"key":"Centennial Puzzle"},{"floor":9,"key":"Dream Catcher"},{"floor":21,"key":"Singing Bowl"}],"event_choices":[],"boss_relics":[{"not_picked":["White Beast Statue","Eternal Feather"],"picked":"Cursed Key"}],"items_purged_floors":[],"is_endless":false,"potions_floor_spawned":[3,5,7,16,20],"killed_by":"Gremlin Leader","ascension_level":12}