{"gold_per_floor":[118,132,82,99,118,153,153,217,241,241],"floor_reached":10,"playtime":378,"items_purged":[],"score":78,"play_id":"ef1a29ca-78f6-4a81-99c5-2970308ced2f","local_time":"20180731092733","is_ascension_mode":true,"campfire_choices":[{"data":"Dualcast","floor":7,"key":"SMITH"}],"neow_cost":"","seed_source_timestamp":116915618509375,"circlet_count":0,"master_deck":["Strike_B","Strike_B","Strike_B","Defend_B","Defend_B","Defend_B","Defend_B","Zap","Dualcast+1","Scrape","Gash","Rebound","Scrape","Seek"],"relics":["Cracked Core","Pen Nib","Juzu Bracelet","Ancient Tea Set"],"potions_floor_usage":[5,8],"damage_taken":[{"damage":0,"enemies":"Small Slimes","floor":1,"turns":3},{"damage":0,"enemies":"2 Louse","floor":2,"turns":2},{"damage":0,"enemies":"Cultist","floor":4,"turns":3},{"damage":18,"enemies":"3 Louse","floor":5,"turns":3},{"damage":35,"enemies":"Lagavulin","floor":6,"turns":5},{"damage":20,"enemies":"Lagavulin Event","floor":8,"turns":5},{"damage":18,"enemies":"Gremlin Nob","floor":10,"turns":2}],"seed_played":"7808976290873645330","potions_obtained":[{"floor":4,"key":"Strength Potion"},{"floor":5,"key":"SkillPotion"}],"is_trial":false,"path_per_floor":["M","M","?","M","M","E","R","?","T"],"character_chosen":"DEFECT","items_purchased":[],"campfire_rested":0,"item_purchase_floors":[],"current_hp_per_floor":[75,75,75,75,57,22,22,2,2,0],"gold":241,"neow_bonus":"","is_prod":false,"is_daily":false,"chose_seed":false,"campfire_upgraded":1,"win_rate":0,"timestamp":1533047253,"path_taken":["M","M","?","M","?","E","R","?","T","E"],"build_version":"2018-07-30","purchased_purges":0,"victory":false,"max_hp_per_floor":[75,75,75,75,75,75,75,75,75,75],"card_choices":[{"not_picked":["Compile Driver","Beam Cell"],"picked":"Scrape","floor":1},{"not_picked":["Rebound","Storm"],"picked":"Gash","floor":2},{"not_picked":["Storm","Skim"],"picked":"Rebound","floor":4},{"not_picked":["Fusion","Stack"],"picked":"Scrape","floor":5},{"not_picked":["Barrage","Steam","Force Field"],"picked":"SKIP","floor":6},{"not_picked":["Barrage","Genetic Algorithm"],"picked":"Seek","floor":8}],"player_experience":234544,"relics_obtained":[{"floor":6,"key":"Pen Nib"},{"floor":9,"key":"Ancient Tea Set"}],"event_choices":[{"event_name":"The Cleric","player_choice":"Card Removal","floor":3,"damage_taken":0},{"event_name":"Dead Adventurer","player_choice":"Searched \u00273\u0027 times","floor":8,"damage_taken":0}],"is_beta":true,"boss_relics":[],"items_purged_floors":[],"is_endless":false,"potions_floor_spawned":[4,5],"killed_by":"Gremlin Nob","ascension_level":3}