{"gold_per_floor":[113,126,42,58,58,58,77,91,91,14,14,14,26,59,59,59],"floor_reached":16,"playtime":581,"items_purged":[],"score":204,"play_id":"f9537bcc-9184-4c0f-bf86-435cf2b5f037","local_time":"20190227185744","is_ascension_mode":true,"campfire_choices":[{"data":"Rampage","floor":6.0,"key":"SMITH"},{"data":"Body Slam","floor":12.0,"key":"SMITH"},{"floor":15,"key":"REST"}],"neow_cost":"PERCENT_DAMAGE","seed_source_timestamp":592032877513476,"circlet_count":0,"master_deck":["AscendersBane","Strike_R","Strike_R","Strike_R","Strike_R","Strike_R","Defend_R","Defend_R","Defend_R","Defend_R","Bash","True Grit","Rampage+1","Evolve","Body Slam+1","Second Wind"],"special_seed":0,"relics":["Burning Blood","Nunchaku","Blood Vial","Bottled Tornado"],"potions_floor_usage":[],"damage_taken":[{"damage":8.0,"enemies":"2 Louse","floor":1.0,"turns":5.0},{"damage":9.0,"enemies":"Jaw Worm","floor":2.0,"turns":6.0},{"damage":5.0,"enemies":"Small Slimes","floor":4.0,"turns":4.0},{"damage":23.0,"enemies":"Gremlin Gang","floor":7.0,"turns":8.0},{"damage":24.0,"enemies":"Exordium Wildlife","floor":8.0,"turns":6.0},{"damage":2.0,"enemies":"Looter","floor":13.0,"turns":4.0},{"damage":15.0,"enemies":"3 Sentries","floor":14.0,"turns":12.0},{"damage":31,"enemies":"The Guardian","floor":16,"turns":5}],"seed_played":"183057941278824301","potions_obtained":[{"floor":1.0,"key":"SpeedPotion"},{"floor":2.0,"key":"GamblersBrew"},{"floor":8.0,"key":"SkillPotion"}],"is_trial":false,"path_per_floor":["M","M","$","M","?","R","M","M","T","$","?","R","M","E","R","B"],"character_chosen":"IRONCLAD","items_purchased":["Rampage","Second Wind"],"campfire_rested":1,"item_purchase_floors":[3,10],"current_hp_per_floor":[48,45,45,46,41,41,26,10,10,10,10,10,16,9,31,2],"gold":59,"neow_bonus":"ONE_RARE_RELIC","is_prod":false,"is_daily":false,"chose_seed":false,"campfire_upgraded":2,"win_rate":0,"timestamp":1551265064,"path_taken":["M","M","$","M","?","R","M","M","T","$","?","R","M","E","R","BOSS"],"build_version":"2019-01-23","purchased_purges":0,"victory":false,"max_hp_per_floor":[75,75,75,75,75,75,75,75,75,75,75,75,75,75,75,75],"card_choices":[{"not_picked":["Infernal Blade","Warcry"],"picked":"True Grit","floor":1.0},{"not_picked":["Clothesline","True Grit","Clash"],"picked":"SKIP","floor":2.0},{"not_picked":["Thunderclap","Flex"],"picked":"Evolve","floor":4.0},{"not_picked":["Twin Strike","Dual Wield","Havoc"],"picked":"SKIP","floor":7.0},{"not_picked":["Heavy Blade","Ghostly Armor"],"picked":"Body Slam","floor":8.0},{"not_picked":["Reaper","Iron Wave","Flex"],"picked":"SKIP","floor":13.0},{"not_picked":["Sever Soul","Flame Barrier","Sword Boomerang"],"picked":"SKIP","floor":14.0}],"player_experience":1086317,"relics_obtained":[{"floor":14.0,"key":"Bottled Tornado"}],"event_choices":[{"damage_healed":0.0,"max_hp_gain":0.0,"max_hp_loss":0.0,"gold_gain":0.0,"event_name":"Scrap Ooze","player_choice":"Success","floor":5.0,"gold_loss":0.0,"damage_taken":5.0,"relics_obtained":["Blood Vial"]},{"damage_healed":0.0,"max_hp_gain":0.0,"max_hp_loss":0.0,"gold_gain":0.0,"event_name":"Liars Game","player_choice":"Ignored","floor":11.0,"gold_loss":0.0,"damage_taken":0.0}],"is_beta":false,"boss_relics":[],"items_purged_floors":[],"is_endless":false,"potions_floor_spawned":[1,2,8],"killed_by":"The Guardian","ascension_level":20}