{"gold_per_floor":[111,128,128,139,14,14,44,44,44,44,44,44,59,76,76,173,173,186,186,196,106,122,122,151,162,162,162,179,36,52,87,87,187,187,202,216,229,229,329,329],"floor_reached":40,"playtime":2216,"items_purged":[],"score":566,"play_id":"ab49b62b-953f-47cf-862d-d8a31d1f0013","local_time":"20190512183517","is_ascension_mode":true,"campfire_choices":[{"data":"Footwork","floor":6.0,"key":"SMITH"},{"data":"Dash","floor":8.0,"key":"SMITH"},{"data":"Dagger Spray","floor":12.0,"key":"SMITH"},{"data":"Skewer","floor":15.0,"key":"SMITH"},{"data":"Adrenaline","floor":23.0,"key":"SMITH"},{"data":"Dark Shackles","floor":27.0,"key":"SMITH"},{"data":"Leg Sweep","floor":32.0,"key":"SMITH"}],"neow_cost":"NONE","seed_source_timestamp":1238247681992226,"circlet_count":0,"master_deck":["Defend_G+1","Defend_G","Strike_G","Strike_G","Strike_G","Survivor","Neutralize","Poisoned Stab","Dagger Spray+1","Footwork+1","Dark Shackles+1","Dash+1","Skewer+1","Adrenaline+1","Acrobatics+1","Blade Dance+1","Flying Knee+1","Accuracy+1","Blade Dance","Footwork+1","Leg Sweep+1","Poisoned Stab+1","Choke+1","Doppelganger","Malaise+1","Storm of Steel+1","Slice+1","Expertise+1","Outmaneuver+1","Magnetism+1","Calculated Gamble+1"],"special_seed":0,"relics":["Ring of the Snake","Matryoshka","Pen Nib","Shuriken","Ornamental Fan","Philosopher\u0027s Stone","Frozen Egg 2","Juzu Bracelet","Potion Belt","Anchor","Bronze Scales","Astrolabe","Shovel"],"potions_floor_usage":[],"damage_taken":[{"damage":4.0,"enemies":"Small Slimes","floor":1.0,"turns":4.0},{"damage":5.0,"enemies":"Cultist","floor":2.0,"turns":4.0},{"damage":0.0,"enemies":"Jaw Worm","floor":4.0,"turns":4.0},{"damage":32.0,"enemies":"3 Sentries","floor":7.0,"turns":14.0},{"damage":0.0,"enemies":"Exordium Thugs","floor":13.0,"turns":4.0},{"damage":0.0,"enemies":"Large Slime","floor":14.0,"turns":4.0},{"damage":3.0,"enemies":"Slime Boss","floor":16.0,"turns":9.0},{"damage":0.0,"enemies":"Spheric Guardian","floor":18.0,"turns":3.0},{"damage":1.0,"enemies":"2 Thieves","floor":20.0,"turns":3.0},{"damage":1.0,"enemies":"Shelled Parasite and Fungi","floor":22.0,"turns":4.0},{"damage":16.0,"enemies":"Slavers","floor":24.0,"turns":6.0},{"damage":0.0,"enemies":"Chosen and Byrds","floor":25.0,"turns":4.0},{"damage":0.0,"enemies":"Sentry and Sphere","floor":28.0,"turns":3.0},{"damage":0.0,"enemies":"Cultist and Chosen","floor":30.0,"turns":4.0},{"damage":0.0,"enemies":"Gremlin Leader","floor":31.0,"turns":5.0},{"damage":20.0,"enemies":"Champ","floor":33.0,"turns":9.0},{"damage":18.0,"enemies":"3 Darklings","floor":35.0,"turns":3.0},{"damage":15.0,"enemies":"3 Shapes","floor":36.0,"turns":6.0},{"damage":17.0,"enemies":"Transient","floor":37.0,"turns":5.0},{"damage":4.0,"enemies":"Mind Bloom Boss Battle","floor":39.0,"turns":5.0},{"damage":14,"enemies":"Giant Head","floor":40,"turns":2}],"seed_played":"-63476969702438345","potions_obtained":[{"floor":7.0,"key":"FearPotion"},{"floor":16.0,"key":"GhostInAJar"},{"floor":18.0,"key":"FearPotion"},{"floor":22.0,"key":"Dexterity Potion"},{"floor":31.0,"key":"Weak Potion"},{"floor":33.0,"key":"Dexterity Potion"},{"floor":36.0,"key":"Energy Potion"},{"floor":37.0,"key":"Strength Potion"}],"is_trial":false,"path_per_floor":["M","M","?","M","$","R","E","R","T","?","?","R","M","M","R","B",null,"M","?","M","?","M","R","E","M","T","R","M","$","M","E","R","B",null,"M","M","M","?","?","E"],"character_chosen":"THE_SILENT","items_purchased":["Footwork","Dark Shackles","Footwork+1","Leg Sweep"],"campfire_rested":0,"item_purchase_floors":[5,5,29,29],"current_hp_per_floor":[73,68,61,61,61,61,29,29,29,54,54,54,54,54,54,51,71,71,71,70,70,69,69,53,53,53,53,53,53,53,53,53,33,66,48,33,16,16,12,0],"gold":329,"neow_bonus":"TEN_PERCENT_HP_BONUS","is_prod":false,"is_daily":false,"chose_seed":false,"campfire_upgraded":7,"win_rate":0,"timestamp":1557700517,"path_taken":["M","M","?","M","$","R","E","R","T","?","?","R","?","M","R","BOSS","M","?","M","?","M","R","E","M","T","R","M","$","M","E","R","BOSS","M","M","M","?","?","E"],"build_version":"2019-01-23","purchased_purges":0,"victory":false,"max_hp_per_floor":[77,77,77,77,77,77,77,77,77,77,77,77,77,77,77,77,77,77,77,77,77,77,77,77,77,77,77,77,77,77,77,77,77,77,77,77,77,77,77,77],"card_choices":[{"not_picked":["Underhanded Strike","Deflect"],"picked":"Poisoned Stab","floor":1.0},{"not_picked":["Outmaneuver","Deflect"],"picked":"Dagger Spray","floor":2.0},{"not_picked":["Finisher","Eviscerate","Sucker Punch"],"picked":"SKIP","floor":4.0},{"not_picked":["Flying Knee","Setup"],"picked":"Dash","floor":7.0},{"not_picked":["Flechettes","Dagger Throw"],"picked":"Skewer","floor":13.0},{"not_picked":["Dagger Spray","Bane","Flechettes"],"picked":"SKIP","floor":14.0},{"not_picked":["Storm of Steel","Phantasmal Killer"],"picked":"Adrenaline","floor":16.0},{"not_picked":["Deflect","Underhanded Strike+1"],"picked":"Acrobatics+1","floor":18.0},{"not_picked":["Tactician","Accuracy+1","Prepared"],"picked":"SKIP","floor":20.0},{"not_picked":["Prepared+1","Accuracy+1"],"picked":"Blade Dance+1","floor":22.0},{"not_picked":["Poisoned Stab","Dagger Throw"],"picked":"Flying Knee+1","floor":24.0},{"not_picked":["Deadly Poison","Prepared"],"picked":"Accuracy+1","floor":25.0},{"not_picked":["Deflect","PiercingWail"],"picked":"Blade Dance","floor":28.0},{"not_picked":["Underhanded Strike+1","Calculated Gamble"],"picked":"Poisoned Stab+1","floor":30.0},{"not_picked":["Endless Agony","Leg Sweep"],"picked":"Choke+1","floor":31.0},{"not_picked":["Adrenaline","Wraith Form v2+1"],"picked":"Doppelganger","floor":33.0},{"not_picked":["Acrobatics+1","Dagger Throw+1"],"picked":"Expertise+1","floor":35.0},{"not_picked":["Flying Knee","Heel Hook"],"picked":"Outmaneuver+1","floor":36.0},{"not_picked":["Outmaneuver+1","Eviscerate","Bane+1"],"picked":"SKIP","floor":37.0},{"not_picked":["Flash of Steel","Dramatic Entrance"],"picked":"Magnetism+1","floor":38.0},{"not_picked":["Acrobatics+1","Dodge and Roll+1"],"picked":"Calculated Gamble+1","floor":39.0}],"player_experience":240530,"relics_obtained":[{"floor":7.0,"key":"Matryoshka"},{"floor":9.0,"key":"Pen Nib"},{"floor":9.0,"key":"Shuriken"},{"floor":24.0,"key":"Juzu Bracelet"},{"floor":26.0,"key":"Potion Belt"},{"floor":26.0,"key":"Anchor"},{"floor":31.0,"key":"Bronze Scales"},{"floor":39.0,"key":"Shovel"}],"event_choices":[{"cards_removed":["Defend_G"],"damage_healed":0.0,"max_hp_gain":0.0,"max_hp_loss":0.0,"gold_gain":0.0,"event_name":"Golden Wing","player_choice":"Card Removal","floor":3.0,"gold_loss":0.0,"damage_taken":7.0},{"damage_healed":25.0,"max_hp_gain":0.0,"max_hp_loss":0.0,"gold_gain":0.0,"event_name":"Big Fish","player_choice":"Banana","floor":10.0,"gold_loss":0.0,"damage_taken":0.0},{"damage_healed":0.0,"max_hp_gain":0.0,"max_hp_loss":0.0,"gold_gain":0.0,"event_name":"WeMeetAgain","player_choice":"Gave Potion","floor":11.0,"gold_loss":0.0,"damage_taken":0.0,"relics_obtained":["Ornamental Fan"]},{"damage_healed":0.0,"max_hp_gain":0.0,"max_hp_loss":0.0,"gold_gain":0.0,"event_name":"The Mausoleum","player_choice":"Opened","floor":19.0,"gold_loss":0.0,"damage_taken":0.0,"relics_obtained":["Frozen Egg 2"]},{"cards_removed":["Strike_G"],"damage_healed":0.0,"max_hp_gain":0.0,"max_hp_loss":0.0,"gold_gain":0.0,"event_name":"Designer","player_choice":"Upgrade and Remove","floor":21.0,"gold_loss":90.0,"damage_taken":0.0,"cards_upgraded":["Defend_G"]},{"damage_healed":0.0,"max_hp_gain":0.0,"max_hp_loss":0.0,"gold_gain":0.0,"event_name":"SensoryStone","player_choice":"Memory 1","floor":38.0,"gold_loss":0.0,"damage_taken":0.0},{"damage_healed":0.0,"max_hp_gain":0.0,"max_hp_loss":0.0,"gold_gain":0.0,"event_name":"MindBloom","player_choice":"Fight","floor":39.0,"gold_loss":0.0,"damage_taken":0.0}],"is_beta":false,"boss_relics":[{"not_picked":["Empty Cage","Pandora\u0027s Box"],"picked":"Philosopher\u0027s Stone"},{"not_picked":["Runic Pyramid","HoveringKite"],"picked":"Astrolabe"}],"items_purged_floors":[],"is_endless":false,"potions_floor_spawned":[7,16,18,22,31,33,36,37],"killed_by":"Giant Head","ascension_level":5}