{"gold_per_floor":[114,132,151,165,165,196,196,221,246,246,321,321,73,105,105,203,203,158,7,7,7,7,7,7,7,7,7,7,7,7,7],"floor_reached":31,"playtime":1058,"items_purged":["Strike_B"],"score":335,"play_id":"e550f51e-a956-494a-93e4-de780b8f5a24","local_time":"20180802202456","is_ascension_mode":true,"campfire_choices":[{"data":"Zap","floor":7,"key":"SMITH"},{"floor":10,"key":"REST"},{"floor":12,"key":"REST"},{"data":"Defragment","floor":15,"key":"SMITH"},{"floor":25,"key":"REST"},{"floor":29,"key":"REST"}],"neow_cost":"NONE","seed_source_timestamp":10087112045754,"circlet_count":0,"master_deck":["Strike_B+1","Strike_B+1","Defend_B","Defend_B","Defend_B","Defend_B","Zap+1","Dualcast","Sunder","Sweeping Beam","Capacitor","Redo","Rip and Tear","Coolheaded","Defragment+1","Go for the Eyes","Seek","Stack","Defragment","Fission","Chill","Stack","Cold Snap+1","Compile Driver+1","Steam Power+1"],"relics":["Cracked Core","Whetstone","Girya","Boot","Ancient Tea Set","Lantern","Ectoplasm","Pen Nib","Juzu Bracelet","The Courier"],"potions_floor_usage":[6,8,14,18,23,24,30,30],"damage_taken":[{"damage":0,"enemies":"Small Slimes","floor":1,"turns":2},{"damage":0,"enemies":"Cultist","floor":2,"turns":2},{"damage":9,"enemies":"Jaw Worm","floor":3,"turns":3},{"damage":10,"enemies":"Gremlin Gang","floor":4,"turns":3},{"damage":24,"enemies":"Gremlin Nob","floor":6,"turns":4},{"damage":21,"enemies":"3 Sentries","floor":8,"turns":4},{"damage":13,"enemies":"Gremlin Nob","floor":14,"turns":3},{"damage":32,"enemies":"The Guardian","floor":16,"turns":11},{"damage":14,"enemies":"2 Thieves","floor":18,"turns":4},{"damage":49,"enemies":"Gremlin Leader","floor":23,"turns":10},{"damage":5,"enemies":"3 Byrds","floor":24,"turns":2},{"damage":0,"enemies":"Centurion and Healer","floor":27,"turns":6},{"damage":13,"enemies":"3 Cultists","floor":28,"turns":5},{"damage":36,"enemies":"Slavers","floor":30,"turns":8},{"damage":6,"enemies":"Snake Plant","floor":31,"turns":1}],"seed_played":"-4456878660009735554","potions_obtained":[{"floor":1,"key":"SkillPotion"},{"floor":3,"key":"Regen Potion"},{"floor":5,"key":"FairyPotion"},{"floor":5,"key":"Poison Potion"},{"floor":5,"key":"PowerPotion"},{"floor":14,"key":"LiquidBronze"},{"floor":16,"key":"Strength Potion"},{"floor":18,"key":"Explosive Potion"},{"floor":23,"key":"Strength Potion"},{"floor":27,"key":"SpeedPotion"}],"is_trial":false,"path_per_floor":["M","M","M","M","?","E","R","E","T","R","?","R","$","E","R","B",null,"M","$","?","?","$","E","M","R","T","M","M","R","E"],"character_chosen":"DEFECT","items_purchased":["Defragment","Go for the Eyes","Fire Potion","Defragment","Fission"],"campfire_rested":4,"item_purchase_floors":[13,13,13,19,19],"current_hp_per_floor":[75,75,66,56,56,32,32,23,23,45,38,60,60,47,47,15,75,61,61,61,61,61,12,7,29,29,29,16,38,2,0],"gold":7,"neow_bonus":"RANDOM_COMMON_RELIC","is_prod":false,"is_daily":false,"chose_seed":false,"campfire_upgraded":2,"win_rate":0,"timestamp":1533252296,"path_taken":["M","M","M","M","?","E","R","E","T","R","?","R","$","E","R","BOSS","M","$","?","?","$","E","?","R","T","M","M","R","E","M"],"build_version":"2018-07-12","purchased_purges":1,"victory":false,"max_hp_per_floor":[75,75,75,75,75,75,75,75,75,75,75,75,75,75,75,75,75,75,75,75,75,75,75,75,75,75,75,75,75,75,75],"card_choices":[{"not_picked":["Blizzard","Chill"],"picked":"Sunder","floor":1},{"not_picked":["Rebound","Coolheaded"],"picked":"Sweeping Beam","floor":2},{"not_picked":["Scrape","Coolheaded"],"picked":"Capacitor","floor":3},{"not_picked":["Sweeping Beam","Gash"],"picked":"Redo","floor":4},{"not_picked":["Steam","Stack"],"picked":"Rip and Tear","floor":6},{"not_picked":["Redo","Doom and Gloom"],"picked":"Coolheaded","floor":8},{"not_picked":["Redo","Steam","Compile Driver"],"picked":"SKIP","floor":14},{"not_picked":["Redo","Steam","Compile Driver"],"picked":"SKIP","floor":14},{"not_picked":["Redo","Steam","Compile Driver"],"picked":"SKIP","floor":14},{"not_picked":["Multi-Cast","Meteor Strike"],"picked":"Seek","floor":16},{"not_picked":["Rip and Tear+1","Compile Driver","Stack"],"picked":"SKIP","floor":18},{"not_picked":["Rip and Tear+1","Compile Driver"],"picked":"Stack","floor":18},{"not_picked":["Ball Lightning","Chaos"],"picked":"Stack","floor":23},{"not_picked":["Turbo","Beam Cell"],"picked":"Cold Snap+1","floor":24},{"not_picked":["Streamline","Sunder"],"picked":"Compile Driver+1","floor":27},{"not_picked":["Compile Driver+1","Cold Snap","Steam"],"picked":"SKIP","floor":28},{"not_picked":["Amplify","Cold Snap"],"picked":"Steam Power+1","floor":30}],"player_experience":424550,"relics_obtained":[{"floor":6,"key":"Girya"},{"floor":8,"key":"Boot"},{"floor":9,"key":"Ancient Tea Set"},{"floor":14,"key":"Lantern"},{"floor":23,"key":"Pen Nib"},{"floor":26,"key":"Juzu Bracelet"},{"floor":30,"key":"The Courier"}],"event_choices":[{"event_name":"The Lab","player_choice":"Got Potions","floor":5,"damage_taken":0},{"event_name":"FaceTrader","player_choice":"Touch","floor":11,"damage_taken":0},{"event_name":"Transmorgrifier","player_choice":"Transform","floor":20,"damage_taken":0},{"event_name":"Addict","player_choice":"Ignored","floor":21,"damage_taken":0}],"boss_relics":[{"not_picked":["Orrery","Empty Cage"],"picked":"Ectoplasm"}],"items_purged_floors":[13],"is_endless":false,"potions_floor_spawned":[1,3,14,16,18,23,27],"killed_by":"Snake Plant","ascension_level":3}