{"gold_per_floor":[117,117,130,130,148,148,168,168,168,187,198,198,231,251,251,352,352,370,385,136,136,136,136,150,166,166,191,34,59,77,112,112,216,216,231,331,331,351,362,362,387,405,477,488,516,528,155,174,174,174],"floor_reached":51,"playtime":7656,"items_purged":["Strike_G"],"score":846,"play_id":"1acb3c72-7ee1-4338-b8ec-109f678ba697","local_time":"20190429020232","is_ascension_mode":false,"campfire_choices":[{"data":"Deadly Poison","floor":6,"key":"SMITH"},{"data":"Bane","floor":8,"key":"SMITH"},{"floor":15,"key":"REST"},{"data":"Apotheosis","floor":23,"key":"SMITH"},{"data":"Envenom","floor":32,"key":"SMITH"},{"data":"After Image","floor":40,"key":"SMITH"},{"data":"RitualDagger","floor":46,"key":"SMITH"},{"data":"Transmutation","floor":49,"key":"SMITH"}],"neow_cost":"NONE","seed_source_timestamp":3897544942429400,"circlet_count":0,"master_deck":["Defend_G","Defend_G","Defend_G+1","Defend_G","Strike_G","Strike_G+1","Neutralize","Deadly Poison+1","Bane+1","Deadly Poison","Poisoned Stab+1","Well Laid Plans","Poisoned Stab","Acrobatics","Venomology+1","Backstab","Footwork","Dodge and Roll","Prepared","Envenom+1","Poisoned Stab+1","Noxious Fumes","Deflect+1","Apotheosis+1","Footwork","RitualDagger+1","Terror","PiercingWail+1","Poisoned Stab+1","Corpse Explosion","Skewer+1","Backstab+1","Escape Plan+1","Deflect+1","After Image+1","Night Terror+1","Eviscerate+1","Blade Dance+1","Deflect","Footwork","Dagger Spray","Bane+1","Blur","Deflect+1","Dagger Spray+1","Catalyst+1","Deadly Poison","Blur+1","Transmutation+1","Parasite","Terror+1","Deflect+1"],"relics":["Ring of the Snake","Prayer Wheel","Bird Faced Urn","Ginger","War Paint","Eternal Feather","Bottled Lightning","Lantern","Happy Flower","Gremlin Horn","Whetstone","Astrolabe","Ice Cream","Letter Opener","PreservedInsect","Mummified Hand","MawBank","OrangePellets"],"potions_floor_usage":[13,14,16,16,18,19,24,27,29,30,33,36,41,41,42,44,50,50,50],"damage_taken":[{"damage":0,"enemies":"Jaw Worm","floor":1,"turns":4},{"damage":0,"enemies":"Cultist","floor":3,"turns":3},{"damage":0,"enemies":"2 Louse","floor":5,"turns":2},{"damage":2,"enemies":"2 Fungi Beasts","floor":7,"turns":4},{"damage":2,"enemies":"Looter","floor":10,"turns":3},{"damage":11,"enemies":"Exordium Wildlife","floor":11,"turns":4},{"damage":19,"enemies":"Lagavulin","floor":13,"turns":5},{"damage":4,"enemies":"Large Slime","floor":14,"turns":6},{"damage":24,"enemies":"Slime Boss","floor":16,"turns":9},{"damage":17,"enemies":"Spheric Guardian","floor":18,"turns":6},{"damage":13,"enemies":"3 Byrds","floor":19,"turns":6},{"damage":12,"enemies":"3 Cultists","floor":24,"turns":6},{"damage":0,"enemies":"Snecko","floor":25,"turns":6},{"damage":14,"enemies":"Gremlin Leader","floor":27,"turns":7},{"damage":14,"enemies":"Book of Stabbing","floor":29,"turns":7},{"damage":15,"enemies":"Snake Plant","floor":30,"turns":3},{"damage":5,"enemies":"Gremlin Leader","floor":31,"turns":5},{"damage":23,"enemies":"Collector","floor":33,"turns":7},{"damage":0,"enemies":"3 Darklings","floor":35,"turns":2},{"damage":0,"enemies":"Mind Bloom Boss Battle","floor":36,"turns":8},{"damage":3,"enemies":"Orb Walker","floor":38,"turns":2},{"damage":0,"enemies":"3 Darklings","floor":39,"turns":3},{"damage":45,"enemies":"Giant Head","floor":41,"turns":8},{"damage":0,"enemies":"Transient","floor":42,"turns":5},{"damage":0,"enemies":"Sphere and 2 Shapes","floor":44,"turns":2},{"damage":0,"enemies":"Reptomancer","floor":45,"turns":4},{"damage":2,"enemies":"Writhing Mass","floor":48,"turns":4},{"damage":42,"enemies":"Awakened One","floor":50,"turns":12}],"seed_played":"-4327223574088539742","potions_obtained":[{"floor":3,"key":"LiquidBronze"},{"floor":11,"key":"Ancient Potion"},{"floor":13,"key":"SkillPotion"},{"floor":14,"key":"LiquidBronze"},{"floor":16,"key":"Weak Potion"},{"floor":25,"key":"Fire Potion"},{"floor":30,"key":"EssenceOfSteel"},{"floor":38,"key":"Poison Potion"},{"floor":39,"key":"Energy Potion"},{"floor":41,"key":"GhostInAJar"}],"is_trial":false,"path_per_floor":["M","?","M","?","M","R","M","R","T","M","M","?","E","M","R","B",null,"M","M","$","?","?","R","M","M","T","E","$","E","M","E","R","B",null,"M","?","?","M","M","R","E","M","T","M","E","R","$","M","R","B",null],"character_chosen":"THE_SILENT","items_purchased":["Apotheosis","Happy Flower","OrangePellets","Transmutation"],"campfire_rested":1,"item_purchase_floors":[20,28,47,47],"current_hp_per_floor":[70,70,70,63,63,63,61,61,61,59,50,32,17,17,38,18,70,55,48,48,48,42,57,55,63,63,57,57,53,40,45,66,47,70,70,70,70,69,70,70,28,32,32,41,45,70,70,70,70,35],"gold":174,"neow_bonus":"THREE_CARDS","is_prod":false,"is_daily":false,"chose_seed":false,"campfire_upgraded":7,"win_rate":0.0,"timestamp":1556517752,"path_taken":["M","?","?","?","M","R","M","R","T","M","M","?","E","M","R","BOSS","M","M","$","?","?","R","M","M","T","E","?","E","?","E","R","BOSS","M","?","?","M","M","R","E","M","T","?","E","R","$","M","R","BOSS"],"build_version":"2019-01-23","purchased_purges":1,"victory":true,"max_hp_per_floor":[70,70,70,70,70,70,70,70,70,70,70,70,70,70,70,70,70,70,70,70,70,70,70,70,70,70,70,70,70,70,70,70,70,70,70,70,70,70,70,70,70,70,70,70,70,70,70,70,70,70],"card_choices":[{"not_picked":["Dodge and Roll","Endless Agony"],"picked":"Deadly Poison","floor":0},{"not_picked":["Underhanded Strike","Dagger Spray"],"picked":"Bane","floor":1},{"not_picked":["Backflip","Blur"],"picked":"Deadly Poison","floor":3},{"not_picked":["Underhanded Strike","Eviscerate"],"picked":"Poisoned Stab","floor":3},{"not_picked":["Poisoned Stab","Distraction"],"picked":"Well Laid Plans","floor":5},{"not_picked":["Outmaneuver","Deflect","Masterful Stab"],"picked":"SKIP","floor":5},{"not_picked":["Quick Slash","Predator"],"picked":"Poisoned Stab","floor":7},{"not_picked":["Quick Slash","Dagger Spray","Outmaneuver"],"picked":"SKIP","floor":7},{"not_picked":["Predator","Dash"],"picked":"Acrobatics","floor":10},{"not_picked":["Calculated Gamble","Blade Dance"],"picked":"Venomology","floor":10},{"not_picked":["Riddle With Holes","Sucker Punch"],"picked":"Backstab","floor":11},{"not_picked":["Leg Sweep","Dodge and Roll"],"picked":"Footwork","floor":11},{"not_picked":["Flechettes","Eviscerate"],"picked":"Dodge and Roll","floor":13},{"not_picked":["Acrobatics","Quick Slash"],"picked":"Prepared","floor":14},{"not_picked":["Leg Sweep","Expertise","Slice"],"picked":"SKIP","floor":14},{"not_picked":["Bullet Time","Tools of the Trade"],"picked":"Envenom","floor":16},{"not_picked":["Blade Dance","Backflip+1"],"picked":"Poisoned Stab+1","floor":18},{"not_picked":["Prepared","Dagger Spray","Dagger Throw"],"picked":"SKIP","floor":18},{"not_picked":["Backflip+1","Deflect+1"],"picked":"Noxious Fumes","floor":19},{"not_picked":["PiercingWail","Slice"],"picked":"Deflect+1","floor":19},{"not_picked":["Footwork","Deflect"],"picked":"Terror","floor":24},{"not_picked":["Eviscerate+1","Endless Agony"],"picked":"PiercingWail+1","floor":24},{"not_picked":["Bouncing Flask","Slice"],"picked":"Poisoned Stab+1","floor":25},{"not_picked":["Bouncing Flask","Backflip","Prepared"],"picked":"SKIP","floor":25},{"not_picked":["Masterful Stab","Crippling Poison+1"],"picked":"Corpse Explosion","floor":27},{"not_picked":["PiercingWail","Dagger Throw"],"picked":"Skewer+1","floor":29},{"not_picked":["Blade Dance","Deflect"],"picked":"Backstab+1","floor":30},{"not_picked":["Blade Dance+1","Slice+1"],"picked":"Escape Plan+1","floor":30},{"not_picked":["Skewer","Distraction"],"picked":"Deflect+1","floor":31},{"not_picked":["Doppelganger","Tools of the Trade"],"picked":"After Image","floor":33},{"not_picked":["Expertise+1","Backstab+1"],"picked":"Deflect","floor":35},{"not_picked":["PiercingWail","Flying Knee"],"picked":"Footwork","floor":35},{"not_picked":["Endless Agony","Flechettes"],"picked":"Dagger Spray","floor":36},{"not_picked":["Blade Dance+1","Deflect"],"picked":"Bane+1","floor":38},{"not_picked":["Heel Hook+1","Tactician+1"],"picked":"Blur","floor":38},{"not_picked":["Endless Agony+1","Flying Knee+1"],"picked":"Deflect+1","floor":39},{"not_picked":["Poisoned Stab","Blade Dance+1","Quick Slash+1"],"picked":"SKIP","floor":39},{"not_picked":["Reflex+1","Choke+1"],"picked":"Dagger Spray+1","floor":41},{"not_picked":["PiercingWail","Footwork"],"picked":"Catalyst+1","floor":42},{"not_picked":["Underhanded Strike","Tactician","Dagger Spray"],"picked":"SKIP","floor":42},{"not_picked":["Envenom","Dagger Spray+1"],"picked":"Deadly Poison","floor":44},{"not_picked":["Underhanded Strike+1","Flechettes","Flying Knee+1"],"picked":"SKIP","floor":44},{"not_picked":["PiercingWail+1","Venomology"],"picked":"Blur+1","floor":45},{"not_picked":["Underhanded Strike","Outmaneuver+1"],"picked":"Terror+1","floor":48},{"not_picked":["Choke+1","All Out Attack+1"],"picked":"Deflect+1","floor":48}],"player_experience":42921,"relics_obtained":[{"floor":2,"key":"Prayer Wheel"},{"floor":9,"key":"Bird Faced Urn"},{"floor":13,"key":"War Paint"},{"floor":26,"key":"Bottled Lightning"},{"floor":27,"key":"Lantern"},{"floor":29,"key":"Gremlin Horn"},{"floor":31,"key":"Whetstone"},{"floor":36,"key":"Ice Cream"},{"floor":41,"key":"PreservedInsect"},{"floor":43,"key":"Mummified Hand"},{"floor":45,"key":"MawBank"}],"event_choices":[{"damage_healed":0,"gold_gain":0,"player_choice":"Relic","damage_taken":0,"max_hp_gain":0,"max_hp_loss":0,"event_name":"Wheel of Change","floor":2,"gold_loss":0},{"cards_removed":["Strike_G"],"damage_healed":0,"gold_gain":0,"player_choice":"Card Removal","damage_taken":7,"max_hp_gain":0,"max_hp_loss":0,"event_name":"Golden Wing","floor":4,"gold_loss":0},{"damage_healed":0,"gold_gain":0,"player_choice":"Success","damage_taken":18,"relics_obtained":["Ginger"],"max_hp_gain":0,"max_hp_loss":0,"event_name":"Scrap Ooze","floor":12,"gold_loss":0},{"damage_healed":0,"gold_gain":0,"player_choice":"Read","damage_taken":0,"max_hp_gain":0,"max_hp_loss":0,"event_name":"The Library","floor":21,"gold_loss":0,"cards_obtained":["Footwork"]},{"damage_healed":0,"gold_gain":0,"player_choice":"Joined the Cult","damage_taken":6,"max_hp_gain":0,"max_hp_loss":0,"event_name":"Nest","floor":22,"gold_loss":0,"cards_obtained":["RitualDagger"]},{"damage_healed":0,"gold_gain":0,"player_choice":"Fight","damage_taken":0,"max_hp_gain":0,"max_hp_loss":0,"event_name":"MindBloom","floor":36,"gold_loss":0},{"damage_healed":0,"gold_gain":0,"player_choice":"Gave Potion","damage_taken":0,"relics_obtained":["Letter Opener"],"max_hp_gain":0,"max_hp_loss":0,"event_name":"WeMeetAgain","floor":37,"gold_loss":0}],"is_beta":false,"boss_relics":[{"not_picked":["Sozu","Runic Dome"],"picked":"Eternal Feather"},{"not_picked":["Snecko Eye","Coffee Dripper"],"picked":"Astrolabe"}],"items_purged_floors":[20],"is_endless":false,"potions_floor_spawned":[3,11,13,14,16,24,25,30,31,38,39,41,44,48],"ascension_level":0}