{"gold_per_floor":[111,128,140,215,226,259,259,289,289,289,306,322,42,42,42,138,138,152,152,163,180,197,197,207,457,482,482,66,82,107,120,120,120],"floor_reached":33,"playtime":1333,"items_purged":["Doubt","Regret"],"score":447,"play_id":"c02f6fbe-f585-41ae-8c61-8d5c88d2ea29","local_time":"20180807231122","is_ascension_mode":true,"campfire_choices":[{"floor":7,"key":"REST"},{"floor":10,"key":"REST"},{"data":"Zap","floor":15,"key":"SMITH"},{"floor":23,"key":"REST"},{"floor":27,"key":"REST"},{"floor":32,"key":"REST"}],"neow_cost":"CURSE","seed_source_timestamp":22918722840322,"circlet_count":0,"master_deck":["Strike_B","Strike_B","Strike_B","Strike_B","Defend_B","Defend_B","Defend_B","Defend_B","Zap+1","Dualcast","AscendersBane","Gash","Capacitor","Scrape","Sunder","Steam","Defragment+1","Chill","Reboot","Loop","Cold Snap","Sunder+1","Undo","Stack+1","Ball Lightning","Coolheaded","Leap","Conserve Battery","Cold Snap"],"relics":["Cracked Core","Torii","Blood Vial","Pear","Runic Capacitor","Inserter","Nilry\u0027s Codex","Art of War","Bottled Flame","Girya"],"potions_floor_usage":[8,8,16,16,29,31,31,31],"damage_taken":[{"damage":0,"enemies":"Cultist","floor":1,"turns":3},{"damage":6,"enemies":"2 Louse","floor":2,"turns":4},{"damage":8,"enemies":"Jaw Worm","floor":3,"turns":4},{"damage":9,"enemies":"Red Slaver","floor":5,"turns":3},{"damage":29,"enemies":"3 Sentries","floor":6,"turns":9},{"damage":20,"enemies":"Lagavulin","floor":8,"turns":6},{"damage":0,"enemies":"2 Fungi Beasts","floor":11,"turns":4},{"damage":8,"enemies":"Exordium Wildlife","floor":12,"turns":4},{"damage":8,"enemies":"Slime Boss","floor":16,"turns":8},{"damage":10,"enemies":"Chosen","floor":18,"turns":6},{"damage":36,"enemies":"Spheric Guardian","floor":20,"turns":7},{"damage":34,"enemies":"3 Cultists","floor":21,"turns":5},{"damage":1,"enemies":"Chosen and Byrds","floor":22,"turns":6},{"damage":16,"enemies":"Centurion and Healer","floor":24,"turns":7},{"damage":14,"enemies":"3 Cultists","floor":29,"turns":6},{"damage":24,"enemies":"Book of Stabbing","floor":30,"turns":8},{"damage":17,"enemies":"Snake Plant","floor":31,"turns":6},{"damage":42,"enemies":"Collector","floor":33,"turns":5}],"seed_played":"2413291938183875906","potions_obtained":[{"floor":1,"key":"SpeedPotion"},{"floor":5,"key":"Ancient Potion"},{"floor":6,"key":"FearPotion"},{"floor":8,"key":"AttackPotion"},{"floor":12,"key":"Poison Potion"},{"floor":21,"key":"SpeedPotion"},{"floor":24,"key":"Fire Potion"},{"floor":29,"key":"Ancient Potion"},{"floor":30,"key":"SkillPotion"}],"is_trial":false,"path_per_floor":["M","M","M","?","M","E","R","E","T","R","M","M","$","?","R","B",null,"M","?","M","M","M","R","M","?","T","R","$","M","E","M","R"],"character_chosen":"DEFECT","items_purchased":["Runic Capacitor","Ball Lightning","Bottled Flame","Coolheaded"],"campfire_rested":5,"item_purchase_floors":[13,28,28,28],"current_hp_per_floor":[82,76,68,57,48,19,45,25,35,64,66,60,60,60,60,54,88,80,64,44,12,13,42,28,28,28,57,57,45,23,8,37,0],"gold":120,"neow_bonus":"TWENTY_PERCENT_HP_BONUS","is_prod":false,"is_daily":false,"chose_seed":false,"campfire_upgraded":1,"win_rate":0,"timestamp":1533694282,"path_taken":["M","?","M","?","M","E","R","E","T","R","M","?","$","?","R","BOSS","M","?","?","M","M","R","M","?","T","R","$","M","E","M","R","BOSS"],"build_version":"2018-07-12","purchased_purges":2,"victory":false,"max_hp_per_floor":[89,89,89,89,89,89,89,89,99,99,99,99,99,99,99,99,99,99,99,99,99,99,99,99,99,99,99,99,99,99,99,99,99],"card_choices":[{"not_picked":["Hologram","Turbo","Beam Cell"],"picked":"SKIP","floor":1},{"not_picked":["Storm","Steam Power"],"picked":"Gash","floor":2},{"not_picked":["Darkness","Compile Driver"],"picked":"Capacitor","floor":3},{"not_picked":["Meteor Strike","Double Energy"],"picked":"Scrape","floor":5},{"not_picked":["Fusion","Tempest"],"picked":"Sunder","floor":6},{"not_picked":["Reprogram","Capacitor"],"picked":"Steam","floor":8},{"not_picked":["Capacitor","Hologram"],"picked":"Defragment","floor":11},{"not_picked":["Redo","Doom and Gloom"],"picked":"Chill","floor":12},{"not_picked":["Creative AI","Amplify"],"picked":"Reboot","floor":16},{"not_picked":["Beam Cell","Darkness"],"picked":"Loop","floor":18},{"not_picked":["Darkness","Hello World"],"picked":"Cold Snap","floor":20},{"not_picked":["Turbo","Loop"],"picked":"Sunder+1","floor":21},{"not_picked":["Heatsinks","Redo"],"picked":"Undo","floor":22},{"not_picked":["Lockon","Auto Shields+1"],"picked":"Stack+1","floor":24},{"not_picked":["Coolheaded","Steam Power"],"picked":"Leap","floor":29},{"not_picked":["Streamline","Steam"],"picked":"Conserve Battery","floor":30},{"not_picked":["Storm","Steam"],"picked":"Cold Snap","floor":31}],"player_experience":491002,"relics_obtained":[{"floor":6,"key":"Torii"},{"floor":8,"key":"Blood Vial"},{"floor":9,"key":"Pear"},{"floor":19,"key":"Nilry\u0027s Codex"},{"floor":26,"key":"Art of War"},{"floor":30,"key":"Girya"}],"event_choices":[{"event_name":"World of Goop","player_choice":"Gather Gold","floor":4,"damage_taken":0},{"event_name":"Living Wall","player_choice":"Grow","floor":14,"damage_taken":0},{"event_name":"Cursed Tome","player_choice":"Obtained Book","floor":19,"damage_taken":0},{"event_name":"Golden Shrine","player_choice":"Desecrate","floor":25,"damage_taken":0}],"boss_relics":[{"not_picked":["Orrery","Philosopher\u0027s Stone"],"picked":"Inserter"}],"items_purged_floors":[13,28],"is_endless":false,"potions_floor_spawned":[1,5,6,8,12,21,24,29,30],"killed_by":"Collector","ascension_level":10}