{"gold_per_floor":[17,37,37,55,130,130,165,178,204,239,239,249,249,214,214,313,313,323,334,39,39,138,164,164,190,217,231,331,34,34,51,51,150,150,163,178,192,209,225,225,235,235,288,288,288],"floor_reached":45,"playtime":1920,"items_purged":[],"score":744,"play_id":"9cf191e1-d9e9-4d41-902b-cd7e3462946d","local_time":"20180829134817","is_ascension_mode":true,"campfire_choices":[{"data":"Zap","floor":6,"key":"SMITH"},{"data":"Defragment","floor":13,"key":"SMITH"},{"data":"Hologram","floor":15,"key":"SMITH"},{"floor":24,"key":"REST"},{"data":"Defragment","floor":32,"key":"SMITH"},{"floor":40,"key":"REST"},{"floor":42,"key":"REST"},{"data":"Barrage","floor":44,"key":"SMITH"}],"neow_cost":"NO_GOLD","seed_source_timestamp":91488378195917,"circlet_count":0,"master_deck":["Zap+1","Dualcast","AscendersBane","Defragment+1","Steam","Ball Lightning","Hologram+1","BootSequence","Parasite","Loop","Reboot","Beam Cell","Stack","Compile Driver","Reinforced Body","Darkness","Darkness","Static Discharge","Hologram","Go for the Eyes+1","Aggregate+1","Cold Snap","Chill","Defragment+1","Blizzard","Steam","Barrage+1","Conserve Battery","Stack","Rainbow","Rebound+1","Ball Lightning+1","Conserve Battery","Stack+1"],"relics":["Cracked Core","Boot","Juzu Bracelet","Centennial Puzzle","Pandora\u0027s Box","Blue Candle","Pantograph","Lantern","Oddly Smooth Stone","Runic Dome","Vajra"],"potions_floor_usage":[8,10,12,23,31,33,39,39],"damage_taken":[{"damage":0,"enemies":"Small Slimes","floor":1,"turns":3},{"damage":1,"enemies":"Cultist","floor":2,"turns":3},{"damage":0,"enemies":"2 Louse","floor":4,"turns":3},{"damage":34,"enemies":"3 Sentries","floor":7,"turns":6},{"damage":10,"enemies":"Lots of Slimes","floor":8,"turns":3},{"damage":22,"enemies":"Gremlin Nob","floor":10,"turns":4},{"damage":0,"enemies":"Gremlin Gang","floor":12,"turns":1},{"damage":34,"enemies":"Hexaghost","floor":16,"turns":9},{"damage":24,"enemies":"Shell Parasite","floor":18,"turns":5},{"damage":0,"enemies":"Chosen","floor":19,"turns":4},{"damage":18,"enemies":"Gremlin Leader","floor":23,"turns":7},{"damage":11,"enemies":"Book of Stabbing","floor":25,"turns":6},{"damage":0,"enemies":"Centurion and Healer","floor":27,"turns":8},{"damage":13,"enemies":"Chosen and Byrds","floor":31,"turns":7},{"damage":40,"enemies":"Champ","floor":33,"turns":10},{"damage":5,"enemies":"Flame Bruiser 1 Orb","floor":35,"turns":8},{"damage":0,"enemies":"Orb Walker","floor":36,"turns":3},{"damage":16,"enemies":"4 Shapes","floor":37,"turns":6},{"damage":11,"enemies":"Spire Growth","floor":38,"turns":6},{"damage":5,"enemies":"Transient","floor":39,"turns":5},{"damage":39,"enemies":"Flame Bruiser 2 Orb","floor":41,"turns":6},{"damage":68,"enemies":"Nemesis","floor":45,"turns":8}],"seed_played":"-3939240536219378885","potions_obtained":[{"floor":4,"key":"AttackPotion"},{"floor":8,"key":"Weak Potion"},{"floor":10,"key":"AttackPotion"},{"floor":16,"key":"Swift Potion"},{"floor":25,"key":"SpeedPotion"},{"floor":33,"key":"Weak Potion"},{"floor":37,"key":"SkillPotion"},{"floor":38,"key":"Fire Potion"}],"is_trial":false,"path_per_floor":["M","M","$","M","?","R","E","M","T","E","?","M","R","?","R","B",null,"M","M","$","?","?","E","R","E","T","M","?","$","?","M","R","B",null,"M","M","M","M","M","R","M","R","T","R"],"character_chosen":"DEFECT","items_purchased":["Cold Snap","Chill","Defragment","Blizzard","SteroidPotion","Oddly Smooth Stone","Barrage","Conserve Battery","Regen Potion"],"campfire_rested":3,"item_purchase_floors":[20,20,20,20,20,29,29,29,29],"current_hp_per_floor":[82,81,81,81,73,73,39,29,29,7,29,29,29,51,51,17,71,47,47,47,47,47,29,55,44,44,44,44,44,44,46,46,31,75,70,70,54,43,38,64,25,51,51,51,0],"gold":288,"neow_bonus":"TWENTY_PERCENT_HP_BONUS","is_prod":false,"is_daily":false,"chose_seed":false,"campfire_upgraded":5,"win_rate":0,"timestamp":1535561297,"path_taken":["M","M","$","M","?","R","E","?","T","E","?","M","R","?","R","BOSS","M","M","$","?","?","E","R","E","T","M","?","$","?","M","R","BOSS","M","M","M","M","M","R","M","R","T","R","E"],"build_version":"2018-07-12","purchased_purges":0,"victory":false,"max_hp_per_floor":[89,89,89,89,89,89,89,89,89,89,89,89,89,89,89,89,89,89,89,89,89,89,89,89,89,89,89,89,89,89,89,89,89,89,89,89,89,89,89,89,89,89,89,89,89],"card_choices":[{"not_picked":["Sweeping Beam","Rebound"],"picked":"Defragment","floor":1},{"not_picked":["Stack","Fusion"],"picked":"Steam","floor":2},{"not_picked":["Conserve Battery","Cold Snap"],"picked":"Ball Lightning","floor":4},{"not_picked":["Multi-Cast","Steam"],"picked":"Hologram","floor":7},{"not_picked":["Gash","Beam Cell"],"picked":"BootSequence","floor":8},{"not_picked":["Fission","Streamline","Steam"],"picked":"SKIP","floor":10},{"not_picked":["Fission","Streamline","Steam"],"picked":"SKIP","floor":10},{"not_picked":["Turbo","Storm"],"picked":"Loop","floor":12},{"not_picked":["Amplify","Fission"],"picked":"Reboot","floor":16},{"not_picked":["Leap","Coolheaded"],"picked":"Go for the Eyes+1","floor":18},{"not_picked":["Beam Cell","Streamline"],"picked":"Aggregate+1","floor":19},{"not_picked":["Sweeping Beam","Fusion"],"picked":"Steam","floor":23},{"not_picked":["Beam Cell","Hello World","Steam Power"],"picked":"SKIP","floor":25},{"not_picked":["Rainbow","Storm","Gash"],"picked":"SKIP","floor":27},{"not_picked":["Stack","BootSequence+1","Leap"],"picked":"SKIP","floor":31},{"not_picked":["BootSequence+1","Leap"],"picked":"Stack","floor":31},{"not_picked":["Meteor Strike","Fission"],"picked":"Rainbow","floor":33},{"not_picked":["Compile Driver","Go for the Eyes"],"picked":"Rebound+1","floor":35},{"not_picked":["Gash+1","Compile Driver"],"picked":"Ball Lightning+1","floor":36},{"not_picked":["Gash","Hello World","Beam Cell"],"picked":"SKIP","floor":37},{"not_picked":["Steam Power+1","Self Repair"],"picked":"Conserve Battery","floor":38},{"not_picked":["Go for the Eyes","Amplify"],"picked":"Stack+1","floor":39},{"not_picked":["Go for the Eyes","Barrage+1","Reinforced Body"],"picked":"SKIP","floor":41}],"player_experience":739251,"relics_obtained":[{"floor":7,"key":"Boot"},{"floor":9,"key":"Juzu Bracelet"},{"floor":10,"key":"Centennial Puzzle"},{"floor":23,"key":"Blue Candle"},{"floor":25,"key":"Pantograph"},{"floor":26,"key":"Lantern"},{"floor":43,"key":"Vajra"}],"event_choices":[{"event_name":"FaceTrader","player_choice":"Touch","floor":5,"damage_taken":0},{"event_name":"Mushrooms","player_choice":"Healed and dodged fight","floor":11,"damage_taken":0},{"event_name":"The Cleric","player_choice":"Healed","floor":14,"damage_taken":0},{"event_name":"Vampires","player_choice":"Ignored","floor":21,"damage_taken":0},{"event_name":"Nest","player_choice":"Stole From Cult","floor":22,"damage_taken":0},{"event_name":"Golden Shrine","player_choice":"Pray","floor":28,"damage_taken":0},{"event_name":"Beggar","player_choice":"Ignored","floor":30,"damage_taken":0}],"boss_relics":[{"not_picked":["Calling Bell","FrozenCore"],"picked":"Pandora\u0027s Box"},{"not_picked":["Philosopher\u0027s Stone","Busted Crown"],"picked":"Runic Dome"}],"items_purged_floors":[],"is_endless":false,"potions_floor_spawned":[4,8,10,16,25,33,37,38],"killed_by":"Nemesis","ascension_level":12}