{"gold_per_floor":[219,231,231,250,85,85,110,110,136,136,136,151,171,496,496,568,568,585,510,560,10,10,10,10],"floor_reached":24,"playtime":555,"items_purged":[],"score":404,"play_id":"553f0231-757a-47fa-9024-0968b8f5f3e9","local_time":"20190506103845","is_ascension_mode":true,"campfire_choices":[{"data":"Noxious Fumes","floor":6,"key":"SMITH"},{"data":"Skewer","floor":8,"key":"SMITH"},{"data":"Neutralize","floor":11,"key":"SMITH"},{"data":"Catalyst","floor":15,"key":"SMITH"}],"neow_cost":"NONE","seed_source_timestamp":72271024934878,"circlet_count":0,"master_deck":["AscendersBane","Defend_G","Defend_G","Defend_G","Defend_G","Defend_G","Strike_G","Survivor","Neutralize+1","Skewer+1","Noxious Fumes+1","Masterful Stab","Endless Agony","Well Laid Plans","Catalyst+1","Deflect","Corpse Explosion","Dodge and Roll","Grand Finale","Quick Slash"],"relics":["Ring of the Snake","Anchor","Omamori","Strawberry","Old Coin","Black Star","Kunai","Toxic Egg 2"],"potions_floor_usage":[7,14,16,24],"damage_taken":[{"damage":1,"enemies":"2 Louse","floor":1,"turns":3},{"damage":2,"enemies":"Jaw Worm","floor":2,"turns":5},{"damage":0,"enemies":"Cultist","floor":4,"turns":4},{"damage":15,"enemies":"Lagavulin","floor":7,"turns":7},{"damage":0,"enemies":"3 Louse","floor":12,"turns":3},{"damage":0,"enemies":"Blue Slaver","floor":13,"turns":3},{"damage":8,"enemies":"Gremlin Nob","floor":14,"turns":3},{"damage":37,"enemies":"Hexaghost","floor":16,"turns":11},{"damage":6,"enemies":"2 Thieves","floor":18,"turns":3},{"damage":64,"enemies":"Slavers","floor":24,"turns":5}],"seed_played":"1591424648598262300","potions_obtained":[{"floor":2,"key":"Poison Potion"},{"floor":4,"key":"Fire Potion"},{"floor":7,"key":"GhostInAJar"},{"floor":16,"key":"SteroidPotion"}],"is_trial":false,"path_per_floor":["M","M","?","M","$","R","E","R","T","?","R","M","M","E","R","B",null,"M","?","?","$","?","?","E"],"character_chosen":"THE_SILENT","items_purchased":["Anchor","Kunai","Toxic Egg 2"],"campfire_rested":0,"item_purchase_floors":[5,21,21],"current_hp_per_floor":[58,56,56,56,56,56,41,41,48,48,48,48,48,40,40,3,56,50,50,50,50,50,50,0],"gold":10,"neow_bonus":"HUNDRED_GOLD","is_prod":false,"is_daily":false,"chose_seed":false,"campfire_upgraded":4,"win_rate":0,"timestamp":1557149925,"path_taken":["M","M","?","M","$","R","E","R","T","?","R","M","?","E","R","BOSS","M","?","?","$","?","?","E"],"build_version":"2019-01-23","purchased_purges":0,"victory":false,"max_hp_per_floor":[66,66,66,66,66,66,66,66,73,73,73,73,73,73,73,73,73,73,73,73,73,73,73,73],"card_choices":[{"not_picked":["Quick Slash","Reflex"],"picked":"Skewer","floor":1},{"not_picked":["Dagger Throw","Underhanded Strike"],"picked":"Noxious Fumes","floor":2},{"not_picked":["Blade Dance","Acrobatics"],"picked":"Masterful Stab","floor":4},{"not_picked":["Blade Dance","Concentrate","Acrobatics"],"picked":"SKIP","floor":7},{"not_picked":["Underhanded Strike","Dagger Throw"],"picked":"Well Laid Plans","floor":12},{"not_picked":["Quick Slash","Masterful Stab"],"picked":"Catalyst","floor":13},{"not_picked":["Terror","Dodge and Roll"],"picked":"Deflect","floor":14},{"not_picked":["Tools of the Trade","Storm of Steel"],"picked":"Corpse Explosion","floor":16},{"not_picked":["Slice","Riddle With Holes"],"picked":"Dodge and Roll","floor":18}],"player_experience":2266697,"relics_obtained":[{"floor":7,"key":"Omamori"},{"floor":9,"key":"Strawberry"},{"floor":14,"key":"Old Coin"}],"event_choices":[{"damage_healed":0,"gold_gain":0,"player_choice":"Fled","damage_taken":0,"max_hp_gain":0,"max_hp_loss":0,"event_name":"Scrap Ooze","floor":3,"gold_loss":0},{"damage_healed":0,"gold_gain":0,"cards_transformed":["Strike_G"],"player_choice":"Transformed","damage_taken":0,"max_hp_gain":0,"max_hp_loss":0,"event_name":"Transmorgrifier","floor":10,"gold_loss":0,"cards_obtained":["Endless Agony"]},{"cards_removed":["Strike_G"],"damage_healed":0,"gold_gain":0,"player_choice":"Gave Gold","damage_taken":0,"max_hp_gain":0,"max_hp_loss":0,"event_name":"Beggar","floor":19,"gold_loss":75},{"damage_healed":0,"gold_gain":50,"player_choice":"Stole From Cult","damage_taken":0,"max_hp_gain":0,"max_hp_loss":0,"event_name":"Nest","floor":20,"gold_loss":0},{"damage_healed":0,"gold_gain":0,"player_choice":"Smashed Altar","damage_taken":0,"max_hp_gain":0,"max_hp_loss":0,"event_name":"Forgotten Altar","floor":22,"gold_loss":0,"cards_obtained":["Decay"]},{"damage_healed":0,"gold_gain":0,"cards_transformed":["Strike_G","Strike_G"],"player_choice":"Became Test Subject","damage_taken":0,"max_hp_gain":0,"max_hp_loss":0,"event_name":"Drug Dealer","floor":23,"gold_loss":0,"cards_obtained":["Grand Finale","Quick Slash"]}],"is_beta":false,"boss_relics":[{"not_picked":["Runic Dome","HoveringKite"],"picked":"Black Star"}],"items_purged_floors":[],"is_endless":false,"potions_floor_spawned":[2,4,7,16],"killed_by":"Slavers","ascension_level":20}