{"gold_per_floor":[109,128,128,36,36,36,69,82,129,158,177,194,224,46,46,123,123,133,133,143,43,43,43,61,76,76,89,89,107,107,123,123,195,525,542,89,1088,1088,710,745,745,770,824,842,842,842,842,852,852,852,852,852,852,3,37,37],"floor_reached":56,"playtime":2503,"items_purged":["Strike_R","Strike_R","Strike_R","Normality","Defend_R"],"score":2050,"play_id":"abf525aa-1bf0-4a3d-a101-8689d87fde3f","local_time":"20190422192213","is_ascension_mode":true,"campfire_choices":[{"data":"Shockwave","floor":6.0,"key":"SMITH"},{"data":"Fiend Fire","floor":15.0,"key":"SMITH"},{"data":"Deep Breath","floor":23.0,"key":"SMITH"},{"data":"Rupture","floor":28.0,"key":"SMITH"},{"data":"Limit Break","floor":30.0,"key":"SMITH"},{"data":"Rupture","floor":32.0,"key":"SMITH"},{"data":"Body Slam","floor":41.0,"key":"SMITH"},{"data":"Dual Wield","floor":45.0,"key":"SMITH"},{"data":"True Grit","floor":47.0,"key":"SMITH"},{"floor":49.0,"key":"RECALL"},{"data":"Burning Pact","floor":53.0,"key":"SMITH"}],"neow_cost":"NONE","seed_source_timestamp":117591266954734,"circlet_count":0,"master_deck":["AscendersBane","Defend_R+1","Defend_R","Defend_R","Bash","Shockwave+1","Panacea+1","Shrug It Off","Second Wind+1","Fiend Fire+1","True Grit+1","Pummel","Deep Breath+1","Limit Break+1","Battle Trance+1","Reaper","Rupture+1","Rupture+1","Decay","Parasite","Decay","Burning Pact+1","Body Slam+1","Normality","Flash of Steel","Flash of Steel","Dark Shackles","Injury","Dual Wield+1"],"special_seed":0,"relics":["Burning Blood","NeowsBlessing","Potion Belt","Bag of Preparation","Pear","Blue Candle","Cursed Key","Calling Bell","Tiny Chest","Question Card","Old Coin","Self Forming Clay","War Paint","Paper Frog","Smiling Mask","ClockworkSouvenir","Art of War","Bottled Tornado","Magic Flower"],"potions_floor_usage":[55,56,56,56,56],"damage_taken":[{"damage":0.0,"enemies":"Cultist","floor":1.0,"turns":1.0},{"damage":0.0,"enemies":"Jaw Worm","floor":2.0,"turns":1.0},{"damage":0.0,"enemies":"Lagavulin","floor":7.0,"turns":1.0},{"damage":5.0,"enemies":"Small Slimes","floor":8.0,"turns":4.0},{"damage":54.0,"enemies":"3 Sentries","floor":10.0,"turns":14.0},{"damage":10.0,"enemies":"2 Fungi Beasts","floor":11.0,"turns":5.0},{"damage":2.0,"enemies":"Exordium Thugs","floor":12.0,"turns":5.0},{"damage":12.0,"enemies":"Gremlin Nob","floor":13.0,"turns":4.0},{"damage":18.0,"enemies":"Hexaghost","floor":16.0,"turns":9.0},{"damage":0.0,"enemies":"Chosen","floor":18.0,"turns":5.0},{"damage":0.0,"enemies":"Spheric Guardian","floor":20.0,"turns":1.0},{"damage":2.0,"enemies":"Centurion and Healer","floor":24.0,"turns":6.0},{"damage":28.0,"enemies":"Snake Plant","floor":25.0,"turns":3.0},{"damage":2.0,"enemies":"Sentry and Sphere","floor":27.0,"turns":4.0},{"damage":42.0,"enemies":"3 Cultists","floor":29.0,"turns":5.0},{"damage":6.0,"enemies":"Snecko","floor":31.0,"turns":4.0},{"damage":28.0,"enemies":"Collector","floor":33.0,"turns":7.0},{"damage":42.0,"enemies":"3 Shapes","floor":35.0,"turns":10.0},{"damage":67.0,"enemies":"Nemesis","floor":40.0,"turns":7.0},{"damage":7.0,"enemies":"Giant Head","floor":42.0,"turns":5.0},{"damage":6.0,"enemies":"Orb Walker","floor":44.0,"turns":2.0},{"damage":89.0,"enemies":"Spire Growth","floor":48.0,"turns":8.0},{"damage":108.0,"enemies":"Donu and Deca","floor":50.0,"turns":8.0},{"damage":79.0,"enemies":"Time Eater","floor":51.0,"turns":8.0},{"damage":47,"enemies":"Shield and Spear","floor":55,"turns":4},{"damage":87,"enemies":"The Heart","floor":56,"turns":6}],"seed_played":"5601420418786701067","potions_obtained":[{"floor":2.0,"key":"Poison Potion"},{"floor":7.0,"key":"Regen Potion"},{"floor":8.0,"key":"FearPotion"},{"floor":12.0,"key":"LiquidBronze"},{"floor":13.0,"key":"AttackPotion"},{"floor":20.0,"key":"Explosive Potion"},{"floor":22.0,"key":"EssenceOfSteel"},{"floor":22.0,"key":"Poison Potion"},{"floor":29.0,"key":"SteroidPotion"},{"floor":31.0,"key":"Explosive Potion"},{"floor":40.0,"key":"Block Potion"},{"floor":44.0,"key":"Swift Potion"},{"floor":48.0,"key":"Swift Potion"},{"floor":55,"key":"SteroidPotion"}],"is_trial":false,"path_per_floor":["M","M","?","$","?","R","E","M","T","E","M","M","E","$","R","B",null,"M","?","M","$","?","R","M","M","T","M","R","M","R","M","R","B",null,"M","$","?","?","$","E","R","E","T","M","R","T","R","M","R","B","B",null,"R","$","E","B"],"character_chosen":"IRONCLAD","items_purchased":["Panacea","Deep Breath","Self Forming Clay","Body Slam","SteroidPotion","War Paint","ClockworkSouvenir","Art of War","Bottled Tornado","GamblersBrew","PowerPotion"],"campfire_rested":0,"item_purchase_floors":[4,14,36,36,39,39,54,54,54,54,54],"current_hp_per_floor":[74,75,68,68,68,68,74,75,75,37,33,37,31,31,31,33,72,78,78,84,84,84,84,85,66,66,76,76,64,64,64,64,85,85,85,85,85,75,75,14,14,85,85,85,85,85,85,85,85,85,85,85,85,85,85,0],"gold":37,"neow_bonus":"THREE_ENEMY_KILL","is_prod":false,"is_daily":false,"chose_seed":false,"campfire_upgraded":10,"win_rate":0,"timestamp":1555932133,"path_taken":["M","?","?","$","?","R","E","M","T","E","M","?","E","$","R","BOSS","M","?","?","$","?","R","M","?","T","M","R","M","R","M","R","BOSS","M","$","?","?","$","E","R","E","T","M","R","?","R","M","R","BOSS","BOSS","R","$","E","BOSS"],"build_version":"2019-01-23","purchased_purges":5,"victory":false,"max_hp_per_floor":[75,75,75,75,75,75,75,75,75,85,85,85,85,85,85,85,85,85,85,85,85,85,85,85,85,85,85,85,85,85,85,85,85,85,85,85,85,85,85,85,85,85,85,85,85,85,85,85,85,85,85,85,85,85,85,85],"card_choices":[{"not_picked":["Clash","Metallicize","Warcry"],"picked":"SKIP","floor":1.0},{"not_picked":["Clash","Warcry"],"picked":"Shockwave","floor":2.0},{"not_picked":["Havoc","Infernal Blade"],"picked":"Shrug It Off","floor":7.0},{"not_picked":["Combust","Dual Wield","Warcry"],"picked":"SKIP","floor":8.0},{"not_picked":["Sword Boomerang","Armaments"],"picked":"Second Wind","floor":10.0},{"not_picked":["True Grit","Sword Boomerang"],"picked":"Fiend Fire","floor":11.0},{"not_picked":["Clothesline","True Grit","Clash"],"picked":"SKIP","floor":12.0},{"not_picked":["Clothesline","Clash"],"picked":"True Grit","floor":12.0},{"not_picked":["Shrug It Off","Headbutt"],"picked":"Pummel","floor":13.0},{"not_picked":["Double Tap","Bludgeon"],"picked":"Limit Break","floor":16.0},{"not_picked":["Iron Wave","Rupture+1","Shockwave"],"picked":"SKIP","floor":18.0},{"not_picked":["Headbutt","Sword Boomerang"],"picked":"Battle Trance+1","floor":20.0},{"not_picked":["Iron Wave+1","Headbutt"],"picked":"Reaper","floor":24.0},{"not_picked":["Entrench","Anger","Cleave"],"picked":"SKIP","floor":25.0},{"not_picked":["Pommel Strike","Sever Soul"],"picked":"Rupture","floor":27.0},{"not_picked":["Havoc","Shrug It Off","Combust"],"picked":"SKIP","floor":29.0},{"not_picked":["Havoc","Twin Strike+1"],"picked":"Rupture","floor":31.0},{"not_picked":["Warcry+1","Blood for Blood","Fire Breathing"],"picked":"Burning Pact","floor":35.0},{"not_picked":["Madness","Dark Shackles","Mind Blast"],"picked":"Flash of Steel","floor":38.0},{"not_picked":["Thinking Ahead","Bandage Up","Magnetism"],"picked":"Flash of Steel","floor":38.0},{"not_picked":["Good Instincts","Secret Weapon","Panacea"],"picked":"Dark Shackles","floor":38.0},{"not_picked":["Wild Strike+1","Dropkick","Warcry","Flame Barrier+1"],"picked":"SKIP","floor":40.0},{"not_picked":["Armaments+1","Sword Boomerang","Twin Strike","Havoc"],"picked":"SKIP","floor":42.0},{"not_picked":["Armaments+1","Sword Boomerang","Twin Strike","Havoc"],"picked":"SKIP","floor":42.0},{"not_picked":["Perfected Strike","Battle Trance","Shockwave"],"picked":"Dual Wield","floor":44.0},{"not_picked":["Armaments","Perfected Strike","Cleave","Headbutt"],"picked":"SKIP","floor":48.0},{"not_picked":["Iron Wave","True Grit","Anger","Thunderclap"],"picked":"SKIP","floor":55}],"player_experience":1731926,"relics_obtained":[{"floor":7.0,"key":"Potion Belt"},{"floor":9.0,"key":"Bag of Preparation"},{"floor":10.0,"key":"Pear"},{"floor":13.0,"key":"Blue Candle"},{"floor":34.0,"key":"Tiny Chest"},{"floor":34.0,"key":"Question Card"},{"floor":34.0,"key":"Old Coin"},{"floor":40.0,"key":"Paper Frog"},{"floor":42.0,"key":"Smiling Mask"},{"floor":55,"key":"Magic Flower"}],"event_choices":[{"cards_removed":["Strike_R"],"damage_healed":0.0,"max_hp_gain":0.0,"max_hp_loss":0.0,"gold_gain":0.0,"event_name":"Golden Wing","player_choice":"Card Removal","floor":3.0,"gold_loss":0.0,"damage_taken":7.0},{"damage_healed":0.0,"max_hp_gain":0.0,"max_hp_loss":0.0,"gold_gain":0.0,"event_name":"Upgrade Shrine","player_choice":"Upgraded","floor":5.0,"gold_loss":0.0,"damage_taken":0.0,"cards_upgraded":["Panacea"]},{"cards_removed":["Strike_R"],"damage_healed":0.0,"max_hp_gain":0.0,"max_hp_loss":0.0,"gold_gain":0.0,"event_name":"Wheel of Change","player_choice":"Card Removal","floor":19.0,"gold_loss":0.0,"damage_taken":0.0},{"damage_healed":0.0,"max_hp_gain":0.0,"max_hp_loss":0.0,"gold_gain":0.0,"event_name":"Lab","player_choice":"Got Potions","floor":22.0,"gold_loss":0.0,"damage_taken":0.0},{"damage_healed":0.0,"max_hp_gain":0.0,"max_hp_loss":0.0,"gold_gain":999.0,"event_name":"MindBloom","player_choice":"Gold","floor":37.0,"gold_loss":0.0,"damage_taken":0.0,"cards_obtained":["Normality","Normality"]},{"damage_healed":0.0,"max_hp_gain":0.0,"max_hp_loss":0.0,"gold_gain":0.0,"event_name":"SensoryStone","player_choice":"Memory 3","floor":38.0,"gold_loss":0.0,"damage_taken":10.0}],"is_beta":false,"boss_relics":[{"not_picked":["White Beast Statue","Mark of Pain"],"picked":"Cursed Key"},{"not_picked":["Snecko Eye","Black Blood"],"picked":"Calling Bell"}],"items_purged_floors":[14,21,36,39,54],"is_endless":false,"potions_floor_spawned":[2,7,8,12,13,20,29,31,40,44,48,55],"killed_by":"The Heart","ascension_level":20}