{"gold_per_floor":[115,131,131,143,167,167,198,198,225,239,273,273,300,300],"floor_reached":14,"playtime":317,"items_purged":[],"score":216,"play_id":"e8982a7a-5709-48f3-8eef-d3c8e6fe10db","local_time":"20190515013620","is_ascension_mode":true,"campfire_choices":[{"data":"Biased Cognition","floor":6,"key":"SMITH"},{"floor":8,"key":"REST"},{"floor":12,"key":"REST"}],"neow_cost":"TEN_PERCENT_HP_LOSS","seed_source_timestamp":221723847638047,"circlet_count":0,"master_deck":["AscendersBane","Strike_B","Strike_B","Strike_B","Strike_B","Defend_B","Defend_B","Defend_B","Defend_B","Zap+1","Dualcast","Biased Cognition+1","Lockon","Ball Lightning","Conserve Battery","Hologram","Doom and Gloom+1"],"relics":["Cracked Core","Omamori","DataDisk","Molten Egg 2","Dream Catcher"],"potions_floor_usage":[7,11],"damage_taken":[{"damage":1,"enemies":"Cultist","floor":1,"turns":4},{"damage":7,"enemies":"Jaw Worm","floor":2,"turns":3},{"damage":1,"enemies":"2 Louse","floor":4,"turns":3},{"damage":29,"enemies":"3 Sentries","floor":7,"turns":5},{"damage":27,"enemies":"Gremlin Gang","floor":10,"turns":3},{"damage":13,"enemies":"Lagavulin","floor":11,"turns":5},{"damage":17,"enemies":"3 Sentries","floor":13,"turns":4},{"damage":18,"enemies":"Exordium Wildlife","floor":14,"turns":2}],"seed_played":"-1214410119002998178","potions_obtained":[{"floor":2,"key":"SkillPotion"},{"floor":10,"key":"Swift Potion"}],"is_trial":false,"path_per_floor":["M","M","?","M","T","R","E","R","T","M","E","R","E","M"],"character_chosen":"DEFECT","items_purchased":[],"campfire_rested":2,"item_purchase_floors":[],"current_hp_per_floor":[63,56,56,55,55,55,26,45,45,18,5,24,7,0],"gold":300,"neow_bonus":"THREE_RARE_CARDS","is_prod":false,"is_daily":false,"chose_seed":false,"campfire_upgraded":1,"win_rate":0,"timestamp":1557894980,"path_taken":["M","M","?","M","?","R","E","R","T","M","E","R","E","M"],"build_version":"2019-01-23","purchased_purges":0,"victory":false,"max_hp_per_floor":[64,64,64,64,64,64,64,64,64,64,64,64,64,64],"card_choices":[{"not_picked":["Thunder Strike","Rainbow"],"picked":"Biased Cognition","floor":0},{"not_picked":["Stack","Aggregate","Hologram"],"picked":"SKIP","floor":1},{"not_picked":["Skim","Redo"],"picked":"Lockon","floor":2},{"not_picked":["Rip and Tear","Force Field"],"picked":"Ball Lightning","floor":4},{"not_picked":["Go for the Eyes","Stack"],"picked":"Conserve Battery","floor":7},{"not_picked":["Recycle","BootSequence"],"picked":"Hologram","floor":10},{"not_picked":["Conserve Battery","Skim"],"picked":"Doom and Gloom","floor":11},{"not_picked":["Streamline+1","Thunder Strike+1","Redo"],"picked":"SKIP","floor":13}],"player_experience":2325938,"relics_obtained":[{"floor":5,"key":"Omamori"},{"floor":9,"key":"DataDisk"},{"floor":11,"key":"Molten Egg 2"},{"floor":13,"key":"Dream Catcher"}],"event_choices":[{"damage_healed":0,"gold_gain":0,"player_choice":"Grow","damage_taken":0,"max_hp_gain":0,"max_hp_loss":0,"event_name":"Living Wall","floor":3,"gold_loss":0,"cards_upgraded":["Zap"]}],"is_beta":false,"boss_relics":[],"items_purged_floors":[],"is_endless":false,"potions_floor_spawned":[2,10],"killed_by":"Exordium Wildlife","ascension_level":20}