{"gold_per_floor":[112,131,143,143,64,64,95,107,132,132,52,79,79,95,95,169,169,184,184,194,207,223,148,164,164,188,200,200,200,200,228,228,304,304,314,328,344,362,29,55,55,81,127,153,222,222,235,253,253,253,253,253,253,65,90,90],"floor_reached":57,"playtime":3137,"items_purged":["Strike_R","Strike_R"],"score":3027,"play_id":"7df473a5-1942-4b0f-9eb1-b8a974299022","local_time":"20190228154828","is_ascension_mode":true,"campfire_choices":[{"data":"True Grit","floor":6.0,"key":"SMITH"},{"data":"Fiend Fire","floor":15.0,"key":"SMITH"},{"data":"Dark Embrace","floor":30.0,"key":"SMITH"},{"data":"Ghostly","floor":32.0,"key":"SMITH"},{"data":"Limit Break","floor":41.0,"key":"SMITH"},{"data":"Burning Pact","floor":46.0,"key":"SMITH"},{"floor":49.0,"key":"RECALL"},{"data":"Battle Trance","floor":53.0,"key":"SMITH"}],"neow_cost":"NONE","seed_source_timestamp":662586948962751,"circlet_count":0,"master_deck":["AscendersBane","Strike_R","Defend_R","Defend_R+1","Defend_R","Defend_R","Bash","Sword Boomerang+1","True Grit+1","Evolve","Fiend Fire+1","Battle Trance+1","Feel No Pain","Spot Weakness","Dark Embrace+1","Flex","Inflame","Shrug It Off","Warcry+1","Warcry+1","Burning Pact+1","Ghostly+1","Ghostly","Ghostly","Shockwave","Limit Break+1","Seeing Red+1","Double Tap","Armaments+1"],"special_seed":0,"relics":["Burning Blood","Bag of Preparation","Vajra","Art of War","Orichalcum","Paper Frog","Pantograph","Philosopher\u0027s Stone","Anchor","SsserpentHead","Meat on the Bone","Runic Cube","Membership Card","Bag of Marbles","Matryoshka","Molten Egg 2","Dream Catcher","Oddly Smooth Stone","Centennial Puzzle","Mummified Hand"],"potions_floor_usage":[56,56],"damage_taken":[{"damage":5.0,"enemies":"2 Louse","floor":1.0,"turns":4.0},{"damage":6.0,"enemies":"Cultist","floor":2.0,"turns":3.0},{"damage":7.0,"enemies":"Jaw Worm","floor":3.0,"turns":5.0},{"damage":27.0,"enemies":"3 Sentries","floor":7.0,"turns":8.0},{"damage":8.0,"enemies":"Blue Slaver","floor":8.0,"turns":2.0},{"damage":0.0,"enemies":"Lagavulin","floor":12.0,"turns":6.0},{"damage":3.0,"enemies":"3 Louse","floor":14.0,"turns":4.0},{"damage":16.0,"enemies":"Hexaghost","floor":16.0,"turns":6.0},{"damage":2.0,"enemies":"3 Byrds","floor":18.0,"turns":5.0},{"damage":12.0,"enemies":"Spheric Guardian","floor":20.0,"turns":4.0},{"damage":24.0,"enemies":"Snecko","floor":21.0,"turns":5.0},{"damage":10.0,"enemies":"Cultist and Chosen","floor":22.0,"turns":7.0},{"damage":10.0,"enemies":"Shelled Parasite and Fungi","floor":24.0,"turns":3.0},{"damage":18.0,"enemies":"Snake Plant","floor":27.0,"turns":3.0},{"damage":0.0,"enemies":"Book of Stabbing","floor":31.0,"turns":4.0},{"damage":11.0,"enemies":"Automaton","floor":33.0,"turns":7.0},{"damage":2.0,"enemies":"Orb Walker","floor":35.0,"turns":4.0},{"damage":2.0,"enemies":"3 Darklings","floor":36.0,"turns":5.0},{"damage":0.0,"enemies":"4 Shapes","floor":37.0,"turns":8.0},{"damage":0.0,"enemies":"Transient","floor":38.0,"turns":6.0},{"damage":0.0,"enemies":"Reptomancer","floor":40.0,"turns":4.0},{"damage":5.0,"enemies":"Nemesis","floor":42.0,"turns":7.0},{"damage":0.0,"enemies":"Reptomancer","floor":44.0,"turns":5.0},{"damage":0.0,"enemies":"Maw","floor":45.0,"turns":7.0},{"damage":0.0,"enemies":"Writhing Mass","floor":47.0,"turns":6.0},{"damage":0.0,"enemies":"4 Shapes","floor":48.0,"turns":5.0},{"damage":0.0,"enemies":"Time Eater","floor":50.0,"turns":7.0},{"damage":14.0,"enemies":"Donu and Deca","floor":51.0,"turns":6.0},{"damage":1.0,"enemies":"Shield and Spear","floor":55.0,"turns":9.0},{"damage":31,"enemies":"The Heart","floor":56,"turns":6}],"seed_played":"2552530001011212549","potions_obtained":[{"floor":1.0,"key":"SkillPotion"},{"floor":7.0,"key":"AttackPotion"},{"floor":12.0,"key":"GamblersBrew"},{"floor":16.0,"key":"Fire Potion"},{"floor":18.0,"key":"LiquidBronze"},{"floor":22.0,"key":"AttackPotion"},{"floor":27.0,"key":"SkillPotion"},{"floor":33.0,"key":"Weak Potion"},{"floor":35.0,"key":"PowerPotion"},{"floor":36.0,"key":"AttackPotion"},{"floor":38.0,"key":"SmokeBomb"},{"floor":48.0,"key":"GamblersBrew"}],"is_trial":false,"path_per_floor":["M","M","M","?","?","R","E","M","T","?","$","E","T","M","R","B",null,"M","?","M","M","M","?","M","?","T","M","?","?","R","E","R","B",null,"M","M","M","M","$","E","R","E","T","E","M","R","M","M","R","B","B",null,"R","$","E","B",null],"character_chosen":"IRONCLAD","items_purchased":["Feel No Pain","Membership Card","Bag of Marbles","Centennial Puzzle","Block Potion","Strength Potion"],"campfire_rested":0,"item_purchase_floors":[11,39,39,54,54,54],"current_hp_per_floor":[69,69,68,61,61,61,40,38,38,15,15,21,21,24,24,39,66,70,70,64,46,42,42,38,38,38,26,26,26,26,32,32,32,36,37,37,37,37,37,37,37,37,37,37,37,37,37,37,37,37,29,35,35,35,37,24],"gold":90,"neow_bonus":"RANDOM_COMMON_RELIC","is_prod":false,"is_daily":false,"chose_seed":false,"campfire_upgraded":7,"win_rate":0,"timestamp":1551340108,"path_taken":["M","M","M","?","?","R","E","?","T","?","$","E","?","M","R","BOSS","M","?","M","M","M","?","M","?","T","?","?","?","R","E","R","BOSS","M","M","M","M","$","E","R","E","T","E","?","R","M","M","R","BOSS","BOSS","R","$","E","BOSS"],"build_version":"2019-01-23","purchased_purges":2,"victory":true,"max_hp_per_floor":[75,75,75,75,75,75,75,75,75,75,75,75,75,75,75,75,75,75,75,75,75,75,75,75,75,75,75,37,37,37,37,37,37,37,37,37,37,37,37,37,37,37,37,37,37,37,37,37,37,37,37,37,37,37,37,37],"card_choices":[{"not_picked":["Rupture","Rage"],"picked":"Sword Boomerang","floor":1.0},{"not_picked":["Wild Strike","Thunderclap"],"picked":"True Grit","floor":2.0},{"not_picked":["Corruption","Battle Trance"],"picked":"Evolve","floor":3.0},{"not_picked":["Whirlwind","Armaments"],"picked":"Fiend Fire","floor":7.0},{"not_picked":["Intimidate","Iron Wave"],"picked":"Battle Trance","floor":8.0},{"not_picked":["Dual Wield","Clothesline"],"picked":"Spot Weakness","floor":12.0},{"not_picked":["Headbutt","Blood for Blood","Twin Strike"],"picked":"SKIP","floor":14.0},{"not_picked":["Brutality","Immolate"],"picked":"Dark Embrace","floor":16.0},{"not_picked":["Pommel Strike","Armaments+1"],"picked":"Flex","floor":18.0},{"not_picked":["Perfected Strike","Flex","Headbutt"],"picked":"SKIP","floor":20.0},{"not_picked":["Rage","Shrug It Off"],"picked":"Inflame","floor":21.0},{"not_picked":["Iron Wave","Headbutt"],"picked":"Shrug It Off","floor":22.0},{"not_picked":["Thunderclap","Feed"],"picked":"Warcry+1","floor":24.0},{"not_picked":["Whirlwind","Thunderclap"],"picked":"Burning Pact","floor":27.0},{"not_picked":["Clothesline","Uppercut"],"picked":"Shockwave","floor":31.0},{"not_picked":["Immolate","Demon Form"],"picked":"Limit Break","floor":33.0},{"not_picked":["Ghostly Armor+1","Burning Pact","Wild Strike"],"picked":"SKIP","floor":35.0},{"not_picked":["Twin Strike","Corruption"],"picked":"Seeing Red+1","floor":36.0},{"not_picked":["Clash","Iron Wave","Armaments+1"],"picked":"SKIP","floor":37.0},{"not_picked":["Shrug It Off","Disarm"],"picked":"Double Tap","floor":38.0},{"not_picked":["Pummel","Shrug It Off"],"picked":"Armaments+1","floor":40.0},{"not_picked":["Warcry","True Grit","Sever Soul+1"],"picked":"SKIP","floor":42.0},{"not_picked":["Limit Break","Shrug It Off","Cleave+1"],"picked":"SKIP","floor":44.0},{"not_picked":["Anger+1","Body Slam+1","Dropkick+1"],"picked":"SKIP","floor":45.0},{"not_picked":["Perfected Strike+1","Cleave+1","Evolve"],"picked":"SKIP","floor":47.0},{"not_picked":["Reckless Charge+1","Evolve+1","Corruption"],"picked":"SKIP","floor":48.0},{"not_picked":["True Grit","Shockwave","Armaments+1"],"picked":"SKIP","floor":55.0}],"player_experience":1099521,"relics_obtained":[{"floor":7.0,"key":"Art of War"},{"floor":9.0,"key":"Orichalcum"},{"floor":12.0,"key":"Paper Frog"},{"floor":13.0,"key":"Pantograph"},{"floor":26.0,"key":"Anchor"},{"floor":31.0,"key":"Meat on the Bone"},{"floor":40.0,"key":"Matryoshka"},{"floor":42.0,"key":"Molten Egg 2"},{"floor":43.0,"key":"Dream Catcher"},{"floor":44.0,"key":"Oddly Smooth Stone"},{"floor":55.0,"key":"Mummified Hand"}],"event_choices":[{"cards_removed":["Strike_R"],"damage_healed":0.0,"max_hp_gain":0.0,"max_hp_loss":0.0,"gold_gain":0.0,"event_name":"Golden Wing","player_choice":"Card Removal","floor":4.0,"gold_loss":0.0,"damage_taken":7.0},{"damage_healed":0.0,"max_hp_gain":0.0,"max_hp_loss":0.0,"gold_gain":0.0,"event_name":"WeMeetAgain","player_choice":"Paid Gold","floor":5.0,"gold_loss":79.0,"damage_taken":0.0,"relics_obtained":["Vajra"]},{"damage_healed":0.0,"max_hp_gain":0.0,"max_hp_loss":0.0,"gold_gain":0.0,"event_name":"Shining Light","player_choice":"Entered Light","floor":10.0,"gold_loss":0.0,"damage_taken":23.0,"cards_upgraded":["Defend_R","Sword Boomerang"]},{"damage_healed":0.0,"max_hp_gain":0.0,"max_hp_loss":0.0,"gold_gain":0.0,"event_name":"Vampires","player_choice":"Ignored","floor":19.0,"gold_loss":0.0,"damage_taken":0.0},{"cards_removed":["Strike_R"],"damage_healed":0.0,"max_hp_gain":0.0,"max_hp_loss":0.0,"gold_gain":0.0,"event_name":"Beggar","player_choice":"Gave Gold","floor":23.0,"gold_loss":75.0,"damage_taken":0.0},{"damage_healed":0.0,"max_hp_gain":0.0,"max_hp_loss":0.0,"gold_gain":0.0,"event_name":"Duplicator","player_choice":"Copied","floor":25.0,"gold_loss":0.0,"damage_taken":0.0,"cards_obtained":["Warcry"]},{"damage_healed":0.0,"max_hp_gain":0.0,"max_hp_loss":38.0,"gold_gain":0.0,"event_name":"Ghosts","player_choice":"Became a Ghost","floor":28.0,"gold_loss":0.0,"damage_taken":0.0,"cards_obtained":["Ghostly","Ghostly","Ghostly"]},{"damage_healed":0.0,"max_hp_gain":0.0,"max_hp_loss":0.0,"gold_gain":0.0,"event_name":"FaceTrader","player_choice":"Trade","floor":29.0,"gold_loss":0.0,"damage_taken":0.0,"relics_obtained":["SsserpentHead"]}],"is_beta":false,"boss_relics":[{"not_picked":["Ectoplasm","Sozu"],"picked":"Philosopher\u0027s Stone"},{"not_picked":["Black Star","Lizard Tail"],"picked":"Runic Cube"}],"items_purged_floors":[39,54],"is_endless":false,"potions_floor_spawned":[1,7,12,16,18,22,27,33,35,36,38,48],"ascension_level":20}