{"gold_per_floor":[361,361,6,26,26,26,39,39,39,56,56,82,9,20,20,94,94,106,5,5,5,16,16,16,16,16,16,16,0,0,0,0,73,73,92,146,146,46,66,66,76,76,106,106,116,0,12,37,37,37],"floor_reached":51,"playtime":1381,"items_purged":["Strike_B","Strike_B"],"score":1158,"play_id":"786a47e6-7863-44fc-85e1-bbb129c1f06e","local_time":"20180921150232","is_ascension_mode":true,"campfire_choices":[{"data":"Zap","floor":6,"key":"SMITH"},{"data":"Ball Lightning","floor":8,"key":"SMITH"},{"data":"Self Repair","floor":11,"key":"SMITH"},{"data":"Capacitor","floor":15,"key":"SMITH"},{"data":"Biased Cognition","floor":23,"key":"SMITH"},{"data":"Defragment","floor":25,"key":"SMITH"},{"data":"Consume","floor":27,"key":"SMITH"},{"data":"Blizzard","floor":30,"key":"SMITH"},{"data":"Go for the Eyes","floor":32,"key":"SMITH"},{"data":"Coolheaded","floor":40,"key":"SMITH"},{"data":"Consume","floor":42,"key":"SMITH"},{"data":"Stack","floor":44,"key":"SMITH"},{"floor":49,"key":"REST"}],"neow_cost":"CURSE","seed_source_timestamp":237692241167396,"circlet_count":0,"master_deck":["Strike_B","Strike_B","Defend_B","Defend_B","Defend_B","Defend_B","Zap+1","Dualcast","AscendersBane","Conserve Battery","Self Repair+1","Melter","Leap","Ball Lightning+1","Cold Snap","Go for the Eyes+1","Capacitor+1","Biased Cognition+1","Consume+1","Cold Snap","Blizzard+1","Defragment+1","Machine Learning","Coolheaded+1","Stack+1","Consume+1","Chill+1","Cold Snap","Barrage+1"],"relics":["Cracked Core","Oddly Smooth Stone","Lantern","Pen Nib","Runic Dome","Orichalcum","Vajra","Inserter","Thread and Needle","Tiny Chest","Red Mask","Ancient Tea Set"],"potions_floor_usage":[12,16,33,33,36,50],"damage_taken":[{"damage":6,"enemies":"Small Slimes","floor":1,"turns":3},{"damage":0,"enemies":"Jaw Worm","floor":4,"turns":3},{"damage":0,"enemies":"Cultist","floor":7,"turns":4},{"damage":5,"enemies":"Blue Slaver","floor":10,"turns":2},{"damage":10,"enemies":"Lagavulin","floor":12,"turns":6},{"damage":3,"enemies":"Gremlin Gang","floor":14,"turns":4},{"damage":44,"enemies":"The Guardian","floor":16,"turns":10},{"damage":0,"enemies":"Spheric Guardian","floor":18,"turns":1},{"damage":0,"enemies":"3 Byrds","floor":22,"turns":4},{"damage":49,"enemies":"Collector","floor":33,"turns":9},{"damage":20,"enemies":"3 Shapes","floor":35,"turns":3},{"damage":21,"floor":36,"turns":7},{"damage":0,"enemies":"Flame Bruiser 1 Orb","floor":39,"turns":6},{"damage":0,"enemies":"Maw","floor":41,"turns":7},{"damage":33,"enemies":"4 Shapes","floor":45,"turns":4},{"damage":0,"enemies":"Sphere and 2 Shapes","floor":47,"turns":5},{"damage":7,"enemies":"Nemesis","floor":48,"turns":8},{"damage":13,"enemies":"Time Eater","floor":50,"turns":12}],"seed_played":"-582076415069156662","potions_obtained":[{"floor":1,"key":"Strength Potion"},{"floor":14,"key":"Dexterity Potion"},{"floor":18,"key":"Poison Potion"},{"floor":35,"key":"Regen Potion"},{"floor":39,"key":"Poison Potion"},{"floor":47,"key":"Fire Potion"}],"is_trial":false,"path_per_floor":["M","?","$","M","?","R","M","R","T","M","R","E","$","M","R","B",null,"M","$","?","?","M","R","?","R","T","R","T","?","R","$","R","B",null,"M","?","?","$","M","R","M","R","T","R","M","?","M","E","R","B"],"character_chosen":"DEFECT","items_purchased":["Oddly Smooth Stone","Self Repair","Melter","Strength Potion","Capacitor","Cold Snap"],"campfire_rested":1,"item_purchase_floors":[3,3,3,3,13,19],"current_hp_per_floor":[58,51,51,58,58,58,65,65,65,60,60,60,60,67,67,33,62,62,62,62,62,71,71,71,71,71,71,71,71,71,71,71,32,61,41,45,45,45,55,55,65,65,65,65,42,42,52,55,71,68],"gold":37,"neow_bonus":"TWO_FIFTY_GOLD","is_prod":false,"is_daily":false,"chose_seed":false,"campfire_upgraded":12,"win_rate":0,"timestamp":1537552952,"path_taken":["M","?","$","M","?","R","M","R","T","M","R","E","$","?","R","BOSS","M","$","?","?","?","R","?","R","T","R","?","?","R","$","R","BOSS","M","?","?","?","M","R","?","R","T","R","M","?","?","E","R","BOSS"],"build_version":"2018-07-12","purchased_purges":2,"victory":true,"max_hp_per_floor":[71,71,71,71,71,71,71,71,71,71,71,71,71,71,71,71,71,71,71,71,71,71,71,71,71,71,71,71,71,71,71,71,71,71,71,71,71,71,71,71,71,71,71,71,71,71,71,71,71,71],"card_choices":[{"not_picked":["Recycle","Steam"],"picked":"Conserve Battery","floor":1},{"not_picked":["Compile Driver","Reprogram"],"picked":"Leap","floor":4},{"not_picked":["White Noise","Storm"],"picked":"Ball Lightning","floor":7},{"not_picked":["Leap","Chaos"],"picked":"Cold Snap","floor":10},{"not_picked":["Double Energy","Genetic Algorithm"],"picked":"Go for the Eyes","floor":12},{"not_picked":["Melter","Rebound","Scrape"],"picked":"SKIP","floor":14},{"not_picked":["Reboot","Echo Form"],"picked":"Biased Cognition","floor":16},{"not_picked":["Cold Snap","Doom and Gloom"],"picked":"Consume","floor":18},{"not_picked":["Ball Lightning","Leap"],"picked":"Blizzard","floor":22},{"not_picked":["Thunder Strike","Meteor Strike"],"picked":"Machine Learning","floor":33},{"not_picked":["Static Discharge+1","Beam Cell+1"],"picked":"Coolheaded","floor":35},{"not_picked":["Double Energy","Cold Snap+1"],"picked":"Stack","floor":39},{"not_picked":["Storm","Auto Shields+1"],"picked":"Consume","floor":41},{"not_picked":["Recycle","Barrage"],"picked":"Chill+1","floor":45},{"not_picked":["Cold Snap","Turbo+1","Barrage"],"picked":"SKIP","floor":47},{"not_picked":["Turbo+1","Barrage"],"picked":"Cold Snap","floor":47},{"not_picked":["Steam Power+1","Gash"],"picked":"Barrage+1","floor":48}],"player_experience":846489,"relics_obtained":[{"floor":9,"key":"Lantern"},{"floor":12,"key":"Pen Nib"},{"floor":26,"key":"Orichalcum"},{"floor":28,"key":"Vajra"},{"floor":36,"key":"Thread and Needle"},{"floor":43,"key":"Tiny Chest"},{"floor":48,"key":"Ancient Tea Set"}],"event_choices":[{"event_name":"Golden Wing","player_choice":"Card Removal","floor":2,"damage_taken":0},{"event_name":"The Lab","player_choice":"Got Potions","floor":5,"damage_taken":0},{"event_name":"Drug Dealer","player_choice":"Ignored","floor":20,"damage_taken":0},{"event_name":"Beggar","player_choice":"Ignored","floor":21,"damage_taken":0},{"event_name":"The Library","player_choice":"Read","floor":24,"damage_taken":0},{"event_name":"Masked Bandits","player_choice":"Paid Bandits 16 gold","floor":29,"damage_taken":0},{"event_name":"Mysterious Sphere","player_choice":"Fight","floor":36,"damage_taken":0},{"event_name":"FaceTrader","player_choice":"Leave","floor":37,"damage_taken":0},{"event_name":"Tomb of Lord Red Mask","player_choice":"Paid","floor":46,"damage_taken":0}],"boss_relics":[{"not_picked":["Astrolabe","Cursed Key"],"picked":"Runic Dome"},{"not_picked":["Orrery","Philosopher\u0027s Stone"],"picked":"Inserter"}],"items_purged_floors":[19,38],"is_endless":false,"potions_floor_spawned":[1,7,14,18,22,35,39,47],"ascension_level":15}