{"gold_per_floor":[115,129,129,141,141,175,75,75,99,114,128,128,166,166,166,296,296,312,330,330,353,278,278,313,313,313,313,326,341,341,341,341,464,464,479,497,518,533,533,533,72,72,72,22,22],"floor_reached":45,"playtime":3781,"items_purged":["Regret","Decay","Parasite"],"score":467,"play_id":"e354c4b7-720f-424d-b4b5-1bc4dc90a670","local_time":"20190503001330","is_ascension_mode":true,"campfire_choices":[{"data":"Defragment","floor":8.0,"key":"SMITH"},{"floor":15.0,"key":"RECALL"},{"data":"Electrodynamics","floor":23.0,"key":"SMITH"},{"data":"Barrage","floor":25.0,"key":"SMITH"},{"data":"Zap","floor":27.0,"key":"SMITH"},{"floor":32.0,"key":"REST"},{"floor":40,"key":"REST"},{"floor":42,"key":"REST"}],"neow_cost":"NONE","seed_source_timestamp":0,"circlet_count":0,"master_deck":["Strike_B","Strike_B","Strike_B","Defend_B","Defend_B","Defend_B","Defend_B","Zap+1","Dualcast","Defragment+1","Go for the Eyes","Leap","Glacier","Ball Lightning","Lockon+1","Steam","Capacitor+1","Electrodynamics+1","Conserve Battery","Stack","Barrage+1","Barrage+1","Loop","Go for the Eyes+1","Thunder Strike","Static Discharge+1","Loop+1","White Noise","Redo+1","Apotheosis"],"special_seed":0,"relics":["Cracked Core","NeowsBlessing","Lantern","Golden Idol","Vajra","Blood Vial","Torii","Calling Bell","Bag of Marbles","Ornamental Fan","Ice Cream","Smiling Mask","Frozen Egg 2","Inserter","CultistMask","Letter Opener","Potion Belt"],"potions_floor_usage":[37,38],"damage_taken":[{"damage":0.0,"enemies":"Jaw Worm","floor":1.0,"turns":1.0},{"damage":0.0,"enemies":"2 Louse","floor":2.0,"turns":1.0},{"damage":0.0,"enemies":"Small Slimes","floor":4.0,"turns":1.0},{"damage":27.0,"enemies":"Gremlin Nob","floor":6.0,"turns":5.0},{"damage":1.0,"enemies":"Blue Slaver","floor":10.0,"turns":3.0},{"damage":2.0,"enemies":"Lots of Slimes","floor":11.0,"turns":5.0},{"damage":2.0,"enemies":"Lagavulin","floor":13.0,"turns":5.0},{"damage":5.0,"enemies":"Hexaghost","floor":16.0,"turns":10.0},{"damage":21.0,"enemies":"2 Thieves","floor":18.0,"turns":3.0},{"damage":1.0,"enemies":"Spheric Guardian","floor":19.0,"turns":3.0},{"damage":10.0,"enemies":"Snake Plant","floor":21.0,"turns":3.0},{"damage":10.0,"enemies":"Book of Stabbing","floor":24.0,"turns":5.0},{"damage":10.0,"enemies":"3 Cultists","floor":28.0,"turns":4.0},{"damage":28.0,"enemies":"Snecko","floor":29.0,"turns":5.0},{"damage":0.0,"enemies":"Snake Plant","floor":31.0,"turns":1.0},{"damage":5.0,"enemies":"Champ","floor":33.0,"turns":13.0},{"damage":2,"enemies":"3 Shapes","floor":35,"turns":6},{"damage":1,"enemies":"3 Darklings","floor":36,"turns":4},{"damage":47,"enemies":"Writhing Mass","floor":37,"turns":7},{"damage":22,"enemies":"4 Shapes","floor":38,"turns":5},{"damage":64,"enemies":"Reptomancer","floor":45,"turns":2}],"seed_played":"-2370574338682261382","potions_obtained":[{"floor":1.0,"key":"Regen Potion"},{"floor":11.0,"key":"Swift Potion"},{"floor":13.0,"key":"Dexterity Potion"},{"floor":18.0,"key":"Weak Potion"},{"floor":19.0,"key":"Regen Potion"},{"floor":21.0,"key":"SmokeBomb"},{"floor":24.0,"key":"PowerPotion"},{"floor":35,"key":"Energy Potion"},{"floor":36,"key":"Block Potion"}],"is_trial":false,"path_per_floor":["M","M","?","M","?","E","$","R","T","M","M","?","E","?","R","B",null,"M","M","?","M","?","R","E","R","T","R","M","M","T","M","R","B",null,"M","M","M","M","?","R","$","R","T","$","E"],"character_chosen":"DEFECT","items_purchased":["Ball Lightning","Apotheosis","Letter Opener"],"campfire_rested":3,"item_purchase_floors":[7,41,41],"current_hp_per_floor":[75,75,75,75,69,42,42,42,42,43,43,36,50,50,50,47,69,48,49,49,46,46,46,38,38,38,38,30,4,4,6,26,23,69,67,68,22,2,2,22,22,42,42,42,0],"gold":22,"neow_bonus":"THREE_ENEMY_KILL","is_prod":false,"is_daily":false,"chose_seed":false,"campfire_upgraded":4,"win_rate":0,"timestamp":1556856810,"path_taken":["M","M","?","M","?","E","$","R","T","M","M","?","E","?","R","BOSS","M","M","?","?","?","R","E","R","T","R","M","M","?","M","R","BOSS","M","M","M","M","?","R","$","R","T","$","E"],"build_version":"2019-01-23","purchased_purges":3,"victory":false,"max_hp_per_floor":[75,75,75,75,69,69,69,69,69,69,69,69,69,69,69,69,69,69,69,69,69,69,69,69,69,69,69,69,69,69,69,69,69,69,69,69,69,69,69,69,69,69,69,66,66],"card_choices":[{"not_picked":["Consume","Auto Shields"],"picked":"Defragment","floor":1.0},{"not_picked":["Turbo","Coolheaded"],"picked":"Go for the Eyes","floor":2.0},{"not_picked":["Streamline","Hello World"],"picked":"Leap","floor":4.0},{"not_picked":["Gash","BootSequence"],"picked":"Glacier","floor":6.0},{"not_picked":["Storm","Double Energy"],"picked":"Lockon","floor":10.0},{"not_picked":["Skim","Ball Lightning"],"picked":"Steam","floor":11.0},{"not_picked":["Hello World","Heatsinks"],"picked":"Capacitor","floor":13.0},{"not_picked":["Amplify","Buffer"],"picked":"Electrodynamics","floor":16.0},{"not_picked":["Coolheaded","Beam Cell"],"picked":"Conserve Battery","floor":18.0},{"not_picked":["Gash","FTL"],"picked":"Stack","floor":19.0},{"not_picked":["Gash+1","Rebound"],"picked":"Barrage+1","floor":21.0},{"not_picked":["Double Energy+1","Leap"],"picked":"Barrage","floor":24.0},{"not_picked":["Fusion","Hello World+1"],"picked":"Loop","floor":28.0},{"not_picked":["Compile Driver","Conserve Battery"],"picked":"Go for the Eyes+1","floor":29.0},{"not_picked":["All For One","Reboot"],"picked":"Thunder Strike","floor":33.0},{"not_picked":["Cold Snap","Sweeping Beam"],"picked":"Static Discharge+1","floor":35},{"not_picked":["Stack+1","Rip and Tear"],"picked":"Loop+1","floor":36},{"not_picked":["Conserve Battery+1","Compile Driver"],"picked":"White Noise","floor":37},{"not_picked":["Sweeping Beam","Leap"],"picked":"Redo+1","floor":38}],"player_experience":72511,"relics_obtained":[{"floor":6.0,"key":"Vajra"},{"floor":9.0,"key":"Blood Vial"},{"floor":13.0,"key":"Torii"},{"floor":17.0,"key":"Bag of Marbles"},{"floor":17.0,"key":"Ornamental Fan"},{"floor":17.0,"key":"Ice Cream"},{"floor":24.0,"key":"Smiling Mask"},{"floor":30.0,"key":"Frozen Egg 2"},{"floor":43,"key":"Potion Belt"}],"event_choices":[{"damage_healed":0.0,"max_hp_gain":0.0,"max_hp_loss":0.0,"gold_gain":0.0,"event_name":"Big Fish","player_choice":"Box","floor":3.0,"gold_loss":0.0,"damage_taken":0.0,"relics_obtained":["Lantern"],"cards_obtained":["Regret"]},{"damage_healed":0.0,"max_hp_gain":0.0,"max_hp_loss":6.0,"gold_gain":0.0,"event_name":"Golden Idol","player_choice":"Lose Max HP","floor":5.0,"gold_loss":0.0,"damage_taken":0.0,"relics_obtained":["Golden Idol"]},{"cards_removed":["Strike_B"],"damage_healed":0.0,"max_hp_gain":0.0,"max_hp_loss":0.0,"gold_gain":0.0,"event_name":"Golden Wing","player_choice":"Card Removal","floor":12.0,"gold_loss":0.0,"damage_taken":7.0},{"damage_healed":0.0,"max_hp_gain":0.0,"max_hp_loss":0.0,"gold_gain":0.0,"event_name":"Living Wall","player_choice":"Grow","floor":14.0,"gold_loss":0.0,"damage_taken":0.0,"cards_upgraded":["Lockon"]},{"damage_healed":0.0,"max_hp_gain":0.0,"max_hp_loss":0.0,"gold_gain":0.0,"event_name":"Upgrade Shrine","player_choice":"Upgraded","floor":20.0,"gold_loss":0.0,"damage_taken":0.0,"cards_upgraded":["Capacitor"]},{"cards_removed":["Pain"],"damage_healed":0.0,"max_hp_gain":0.0,"max_hp_loss":0.0,"gold_gain":0.0,"event_name":"Beggar","player_choice":"Gave Gold","floor":22.0,"gold_loss":75.0,"damage_taken":0.0},{"damage_healed":0,"gold_gain":0,"player_choice":"Trade","damage_taken":0,"relics_obtained":["CultistMask"],"max_hp_gain":0,"max_hp_loss":0,"event_name":"FaceTrader","floor":39,"gold_loss":0}],"is_beta":false,"boss_relics":[{"not_picked":["Ectoplasm","Snecko Eye"],"picked":"Calling Bell"},{"not_picked":["Pandora\u0027s Box","White Beast Statue"],"picked":"Inserter"}],"items_purged_floors":[7,41,44],"is_endless":false,"potions_floor_spawned":[1,11,13,18,19,21,24,35,36],"killed_by":"Reptomancer","ascension_level":1}