{"gold_per_floor":[114,129,129,150,150,183,183,183,183,224,149,49,62,106,106,199,199,217,217,267,285,299,299,29,43,66,66,106,130,130,149,149,149],"floor_reached":33,"playtime":1003,"items_purged":["Strike_R","Strike_R"],"score":566,"play_id":"d38426d2-51d8-4005-adf2-1184fdba4414","local_time":"20190212193217","is_ascension_mode":true,"campfire_choices":[{"data":"Demon Form","floor":7.0,"key":"SMITH"},{"data":"Power Through","floor":15.0,"key":"SMITH"},{"floor":23.0,"key":"REST"},{"data":"Whirlwind","floor":27.0,"key":"SMITH"},{"data":"Seeing Red","floor":32,"key":"SMITH"}],"neow_cost":"CURSE","seed_source_timestamp":2433320420499407,"circlet_count":0,"master_deck":["AscendersBane","Strike_R","Strike_R","Strike_R","Defend_R","Defend_R","Defend_R","Defend_R","Bash","Demon Form+1","Power Through+1","Feel No Pain","Seeing Red+1","Immolate","Double Tap","Shrug It Off","Whirlwind+1"],"special_seed":0,"relics":["Burning Blood","Golden Idol","Champion Belt","Calipers","Nunchaku","Velvet Choker","Bottled Tornado","Bag of Marbles","Bronze Scales","Centennial Puzzle"],"potions_floor_usage":[33,33],"damage_taken":[{"damage":21.0,"enemies":"Jaw Worm","floor":1.0,"turns":4.0},{"damage":0.0,"enemies":"2 Louse","floor":2.0,"turns":3.0},{"damage":9.0,"enemies":"Small Slimes","floor":4.0,"turns":5.0},{"damage":21.0,"enemies":"3 Sentries","floor":6.0,"turns":10.0},{"damage":32.0,"enemies":"Gremlin Nob","floor":10.0,"turns":5.0},{"damage":14.0,"enemies":"Blue Slaver","floor":13.0,"turns":6.0},{"damage":21.0,"enemies":"3 Sentries","floor":14.0,"turns":8.0},{"damage":36.0,"enemies":"Slime Boss","floor":16.0,"turns":10.0},{"damage":13.0,"enemies":"Chosen","floor":18.0,"turns":6.0},{"damage":17.0,"enemies":"Shell Parasite","floor":21.0,"turns":4.0},{"damage":32.0,"enemies":"Shelled Parasite and Fungi","floor":22.0,"turns":6.0},{"damage":7.0,"enemies":"Snecko","floor":25.0,"turns":5.0},{"damage":15.0,"enemies":"Gremlin Leader","floor":28.0,"turns":5.0},{"damage":13,"enemies":"Snake Plant","floor":31,"turns":3},{"damage":17,"enemies":"Collector","floor":33,"turns":6}],"seed_played":"-504409014191576226","potions_obtained":[{"floor":1.0,"key":"SkillPotion"},{"floor":2.0,"key":"Regen Potion"},{"floor":14.0,"key":"Regen Potion"},{"floor":18.0,"key":"EssenceOfSteel"},{"floor":21.0,"key":"FearPotion"},{"floor":28.0,"key":"Ancient Potion"},{"floor":31,"key":"Dexterity Potion"}],"is_trial":false,"path_per_floor":["M","M","?","M","?","E","R","?","T","E","$","$","M","E","R","B",null,"M","?","?","M","M","R","$","M","T","R","E","T","?","M","R","B"],"character_chosen":"IRONCLAD","items_purchased":["Bottled Tornado"],"campfire_rested":1,"item_purchase_floors":[24],"current_hp_per_floor":[53,59,59,56,56,41,41,63,63,37,37,37,29,14,14,38,61,54,54,54,43,17,37,37,36,36,36,27,27,27,20,20,3],"gold":149,"neow_bonus":"THREE_RARE_CARDS","is_prod":false,"is_daily":false,"chose_seed":false,"campfire_upgraded":4,"win_rate":0,"timestamp":1549971137,"path_taken":["M","M","?","M","?","E","R","?","T","E","?","$","?","E","R","BOSS","M","?","?","?","M","R","?","M","T","R","E","?","?","M","R","BOSS"],"build_version":"2019-01-23","purchased_purges":2,"victory":false,"max_hp_per_floor":[75,75,68,68,68,68,68,68,68,68,68,68,68,68,68,68,68,68,68,68,68,68,68,68,68,68,68,68,68,68,68,68,68],"card_choices":[{"not_picked":["Exhume","Brutality"],"picked":"Demon Form","floor":0.0},{"not_picked":["Spot Weakness","Pommel Strike"],"picked":"Power Through","floor":1.0},{"not_picked":["Havoc","Blood for Blood","Metallicize"],"picked":"SKIP","floor":2.0},{"not_picked":["Combust","Havoc"],"picked":"Feel No Pain","floor":4.0},{"not_picked":["Flex","Combust"],"picked":"Seeing Red","floor":6.0},{"not_picked":["Reckless Charge","Clash"],"picked":"Immolate","floor":10.0},{"not_picked":["Anger","Feel No Pain","Inflame"],"picked":"SKIP","floor":13.0},{"not_picked":["Intimidate","Fire Breathing","Twin Strike"],"picked":"SKIP","floor":14.0},{"not_picked":["Immolate","Dark Embrace"],"picked":"Double Tap","floor":16.0},{"not_picked":["Hemokinesis","Twin Strike","Cleave"],"picked":"SKIP","floor":18.0},{"not_picked":["Anger+1","Armaments","Flex"],"picked":"SKIP","floor":21.0},{"not_picked":["Wild Strike","Seeing Red","Spot Weakness"],"picked":"SKIP","floor":22.0},{"not_picked":["Uppercut","Anger"],"picked":"Whirlwind","floor":25.0},{"not_picked":["Reckless Charge","Havoc","Inflame"],"picked":"SKIP","floor":28.0},{"not_picked":["Corruption","Iron Wave","Dropkick+1"],"picked":"SKIP","floor":31}],"player_experience":889153,"relics_obtained":[{"floor":6.0,"key":"Champion Belt"},{"floor":10.0,"key":"Calipers"},{"floor":14.0,"key":"Nunchaku"},{"floor":26.0,"key":"Bag of Marbles"},{"floor":28.0,"key":"Bronze Scales"},{"floor":29.0,"key":"Centennial Puzzle"}],"event_choices":[{"damage_healed":0.0,"max_hp_gain":0.0,"max_hp_loss":7.0,"gold_gain":0.0,"event_name":"Golden Idol","player_choice":"Lose Max HP","floor":3.0,"gold_loss":0.0,"damage_taken":0.0,"relics_obtained":["Golden Idol"]},{"cards_removed":["Regret"],"damage_healed":0.0,"max_hp_gain":0.0,"max_hp_loss":0.0,"gold_gain":0.0,"event_name":"Living Wall","player_choice":"Forget","floor":5.0,"gold_loss":0.0,"damage_taken":0.0},{"damage_healed":22.0,"max_hp_gain":0.0,"max_hp_loss":0.0,"gold_gain":0.0,"event_name":"Big Fish","player_choice":"Banana","floor":8.0,"gold_loss":0.0,"damage_taken":0.0},{"damage_healed":0.0,"max_hp_gain":0.0,"max_hp_loss":0.0,"gold_gain":0.0,"event_name":"The Library","player_choice":"Read","floor":19.0,"gold_loss":0.0,"damage_taken":0.0,"cards_obtained":["Shrug It Off"]},{"damage_healed":0.0,"max_hp_gain":0.0,"max_hp_loss":0.0,"gold_gain":50.0,"event_name":"Golden Shrine","player_choice":"Pray","floor":20.0,"gold_loss":0.0,"damage_taken":0.0},{"damage_healed":0.0,"max_hp_gain":0.0,"max_hp_loss":0.0,"gold_gain":0.0,"event_name":"The Mausoleum","player_choice":"Ignored","floor":30.0,"gold_loss":0.0,"damage_taken":0.0}],"is_beta":false,"boss_relics":[{"not_picked":["Astrolabe","Coffee Dripper"],"picked":"Velvet Choker"}],"items_purged_floors":[11,12],"is_endless":false,"potions_floor_spawned":[1,2,4,14,18,21,28,31],"killed_by":"Collector","ascension_level":20}