{"gold_per_floor":[212,229,154,154,171,171,53,53,53,53,85,85,101,131,131,209,209,228,22,38,38,38,38,57,75,75,75,89,104,104,104,104,178,178,196,196,30,30,30,56,56,68,68,103,115,131,131,148,148,148,148,148,148,23,56,56],"floor_reached":57,"playtime":2439,"items_purged":["Strike_R","Strike_R","Strike_R+1"],"score":3315,"play_id":"ce566c06-52a8-4f62-bd59-d684efea6929","local_time":"20190409175342","is_ascension_mode":true,"campfire_choices":[{"data":"Shrug It Off","floor":6.0,"key":"SMITH"},{"data":"Carnage","floor":8.0,"key":"SMITH"},{"data":"Whirlwind","floor":15.0,"key":"SMITH"},{"data":"Entrench","floor":23.0,"key":"SMITH"},{"data":"Barricade","floor":30.0,"key":"SMITH"},{"data":"Purity","floor":32.0,"key":"SMITH"},{"floor":41.0,"key":"RECALL"},{"data":"Juggernaut","floor":49.0,"key":"SMITH"}],"neow_cost":"NONE","seed_source_timestamp":24349176898500,"circlet_count":0,"master_deck":["AscendersBane","Strike_R+1","Strike_R+1","Defend_R+1","Defend_R+1","Defend_R+1","Defend_R+1","Bash+1","Pommel Strike+1","Shrug It Off+1","Entrench+1","Whirlwind+1","Barricade+1","Purity+1","Shockwave+1","Second Wind+1","Power Through+1","Fiend Fire+1","Master of Strategy+1","Thinking Ahead+1","Juggernaut+1","Body Slam+1"],"special_seed":0,"relics":["Burning Blood","Bronze Scales","Gambling Chip","Pen Nib","Shuriken","Coffee Dripper","Paper Frog","Nilry\u0027s Codex","Runic Pyramid","Bag of Preparation","Mark of the Bloom","Molten Egg 2","Ornamental Fan","Happy Flower"],"potions_floor_usage":[56,56],"damage_taken":[{"damage":4.0,"enemies":"Jaw Worm","floor":1.0,"turns":4.0},{"damage":7.0,"enemies":"Cultist","floor":2.0,"turns":4.0},{"damage":0.0,"enemies":"2 Louse","floor":5.0,"turns":4.0},{"damage":30.0,"enemies":"Lagavulin","floor":11.0,"turns":7.0},{"damage":10.0,"enemies":"Exordium Thugs","floor":13.0,"turns":5.0},{"damage":15.0,"enemies":"3 Sentries","floor":14.0,"turns":4.0},{"damage":11.0,"enemies":"Hexaghost","floor":16.0,"turns":7.0},{"damage":16.0,"enemies":"Shell Parasite","floor":18.0,"turns":11.0},{"damage":0.0,"enemies":"3 Byrds","floor":20.0,"turns":3.0},{"damage":12.0,"enemies":"Sentry and Sphere","floor":24.0,"turns":6.0},{"damage":7.0,"enemies":"Centurion and Healer","floor":25.0,"turns":5.0},{"damage":8.0,"enemies":"Cultist and Chosen","floor":28.0,"turns":7.0},{"damage":13.0,"enemies":"Shelled Parasite and Fungi","floor":29.0,"turns":8.0},{"damage":0.0,"enemies":"Automaton","floor":33.0,"turns":14.0},{"damage":2.0,"enemies":"Orb Walker","floor":35.0,"turns":2.0},{"damage":0.0,"enemies":"Giant Head","floor":40.0,"turns":9.0},{"damage":0.0,"enemies":"3 Shapes","floor":42.0,"turns":5.0},{"damage":0.0,"enemies":"Nemesis","floor":44.0,"turns":15.0},{"damage":0.0,"enemies":"Writhing Mass","floor":45.0,"turns":5.0},{"damage":0.0,"enemies":"Maw","floor":46.0,"turns":4.0},{"damage":0.0,"enemies":"Sphere and 2 Shapes","floor":48.0,"turns":6.0},{"damage":0.0,"enemies":"Time Eater","floor":50.0,"turns":10.0},{"damage":0,"enemies":"Awakened One","floor":51,"turns":7},{"damage":6,"enemies":"Shield and Spear","floor":55,"turns":6},{"damage":0,"enemies":"The Heart","floor":56,"turns":8}],"seed_played":"1305864532351976749","potions_obtained":[{"floor":5.0,"key":"BloodPotion"},{"floor":11.0,"key":"SteroidPotion"},{"floor":16.0,"key":"BloodPotion"},{"floor":20.0,"key":"SkillPotion"},{"floor":25.0,"key":"FearPotion"},{"floor":28.0,"key":"Ancient Potion"},{"floor":33.0,"key":"GamblersBrew"},{"floor":47.0,"key":"PowerPotion"}],"is_trial":false,"path_per_floor":["M","M","$","?","M","R","$","R","T","?","E","$","M","E","R","B",null,"M","$","M","?","$","R","M","M","T","?","M","M","R","?","R","B",null,"M","?","$","?","?","E","R","M","T","E","M","M","?","M","R","B","B",null,"R","$","E","B",null],"character_chosen":"IRONCLAD","items_purchased":["Carnage","Entrench","Purity","Bag of Preparation"],"campfire_rested":0,"item_purchase_floors":[7,7,19,37],"current_hp_per_floor":[70,69,69,69,75,75,75,75,75,57,33,33,29,20,20,22,62,52,52,58,75,75,75,69,68,68,47,45,38,38,38,38,44,67,71,71,71,66,66,66,66,66,66,66,66,66,66,66,66,66,66,66,66,66,60,60],"gold":56,"neow_bonus":"HUNDRED_GOLD","is_prod":false,"is_daily":false,"chose_seed":false,"campfire_upgraded":7,"win_rate":0,"timestamp":1554803622,"path_taken":["M","M","$","?","M","R","?","R","T","?","E","?","M","E","R","BOSS","M","$","M","?","?","R","M","?","T","?","M","M","R","?","R","BOSS","M","?","$","?","?","E","R","M","T","E","?","M","?","?","R","BOSS","BOSS","R","$","E","BOSS"],"build_version":"2019-01-23","purchased_purges":3,"victory":true,"max_hp_per_floor":[75,75,75,75,75,75,75,75,75,75,75,75,75,75,75,75,75,75,75,75,75,75,75,75,75,75,75,75,75,75,75,75,75,75,75,71,71,71,71,71,71,71,71,71,71,71,71,71,71,71,71,71,71,71,71,71],"card_choices":[{"not_picked":["Iron Wave","Wild Strike","Clothesline"],"picked":"SKIP","floor":1.0},{"not_picked":["Headbutt","Seeing Red"],"picked":"Pommel Strike","floor":2.0},{"not_picked":["Dropkick","Iron Wave"],"picked":"Shrug It Off","floor":5.0},{"not_picked":["Battle Trance","Wild Strike"],"picked":"Whirlwind","floor":11.0},{"not_picked":["Shrug It Off","Flex","Sever Soul"],"picked":"SKIP","floor":13.0},{"not_picked":["Hemokinesis","Wild Strike","Thunderclap"],"picked":"SKIP","floor":14.0},{"not_picked":["Double Tap","Berserk"],"picked":"Barricade","floor":16.0},{"not_picked":["Warcry","Headbutt+1","Rage"],"picked":"SKIP","floor":18.0},{"not_picked":["Cleave","Clothesline+1"],"picked":"Shockwave","floor":20.0},{"not_picked":["Clash","Perfected Strike","Dual Wield"],"picked":"SKIP","floor":24.0},{"not_picked":["Dropkick","Clothesline"],"picked":"Second Wind+1","floor":25.0},{"not_picked":["Headbutt","Fire Breathing"],"picked":"Power Through","floor":28.0},{"not_picked":["Second Wind+1","Demon Form","Dropkick"],"picked":"SKIP","floor":29.0},{"not_picked":["Brutality","Limit Break"],"picked":"Fiend Fire","floor":33.0},{"not_picked":["Wild Strike","Rupture","Iron Wave+1"],"picked":"SKIP","floor":35.0},{"not_picked":["PanicButton","Discovery"],"picked":"Master of Strategy","floor":38.0},{"not_picked":["Master of Strategy","Madness"],"picked":"Thinking Ahead","floor":38.0},{"not_picked":["Pommel Strike","Combust","Pummel"],"picked":"SKIP","floor":40.0},{"not_picked":["Rage","True Grit","Clash+1"],"picked":"SKIP","floor":42.0},{"not_picked":["Rage","True Grit","Clash+1"],"picked":"SKIP","floor":42.0},{"not_picked":["Flex","Combust+1"],"picked":"Juggernaut","floor":44.0},{"not_picked":["Burning Pact","Anger+1"],"picked":"Body Slam+1","floor":45.0},{"not_picked":["Headbutt+1","Perfected Strike+1","Dropkick+1"],"picked":"SKIP","floor":46.0},{"not_picked":["Cleave+1","Clothesline+1","Immolate+1"],"picked":"SKIP","floor":48.0},{"not_picked":["Searing Blow+1","Sword Boomerang+1","Reaper+1"],"picked":"SKIP","floor":55}],"player_experience":1559216,"relics_obtained":[{"floor":9.0,"key":"Bronze Scales"},{"floor":11.0,"key":"Pen Nib"},{"floor":14.0,"key":"Shuriken"},{"floor":26.0,"key":"Paper Frog"},{"floor":27.0,"key":"Nilry\u0027s Codex"},{"floor":40.0,"key":"Molten Egg 2"},{"floor":44.0,"key":"Ornamental Fan"},{"floor":55,"key":"Happy Flower"}],"event_choices":[{"damage_healed":0.0,"max_hp_gain":0.0,"max_hp_loss":0.0,"gold_gain":0.0,"event_name":"Upgrade Shrine","player_choice":"Upgraded","floor":4.0,"gold_loss":0.0,"damage_taken":0.0,"cards_upgraded":["Pommel Strike"]},{"damage_healed":0.0,"max_hp_gain":0.0,"max_hp_loss":0.0,"gold_gain":0.0,"event_name":"Scrap Ooze","player_choice":"Success","floor":10.0,"gold_loss":0.0,"damage_taken":18.0,"relics_obtained":["Gambling Chip"]},{"cards_removed":["Carnage"],"damage_healed":17.0,"max_hp_gain":0.0,"max_hp_loss":0.0,"gold_gain":0.0,"event_name":"Bonfire Elementals","player_choice":"Offered Uncommon","floor":21.0,"gold_loss":0.0,"damage_taken":0.0},{"damage_healed":0.0,"max_hp_gain":0.0,"max_hp_loss":0.0,"gold_gain":0.0,"event_name":"Cursed Tome","player_choice":"Obtained Book","floor":27.0,"gold_loss":0.0,"damage_taken":21.0},{"damage_healed":0.0,"max_hp_gain":0.0,"max_hp_loss":0.0,"gold_gain":0.0,"event_name":"Vampires","player_choice":"Ignored","floor":31.0,"gold_loss":0.0,"damage_taken":0.0},{"damage_healed":0.0,"max_hp_gain":0.0,"max_hp_loss":4.0,"gold_gain":0.0,"event_name":"Winding Halls","player_choice":"Max HP","floor":36.0,"gold_loss":0.0,"damage_taken":0.0},{"damage_healed":0.0,"max_hp_gain":0.0,"max_hp_loss":0.0,"gold_gain":0.0,"event_name":"SensoryStone","player_choice":"Memory 2","floor":38.0,"gold_loss":0.0,"damage_taken":5.0},{"damage_healed":0.0,"max_hp_gain":0.0,"max_hp_loss":0.0,"gold_gain":0.0,"event_name":"MindBloom","player_choice":"Upgrade","floor":39.0,"gold_loss":0.0,"damage_taken":0.0,"cards_upgraded":["Strike_R","Strike_R","Strike_R","Defend_R","Defend_R","Defend_R","Defend_R","Bash","Shockwave","Power Through","Fiend Fire","Master of Strategy","Thinking Ahead"],"relics_obtained":["Mark of the Bloom"]},{"damage_healed":0.0,"max_hp_gain":0.0,"max_hp_loss":0.0,"gold_gain":0.0,"event_name":"Lab","player_choice":"Got Potions","floor":47.0,"gold_loss":0.0,"damage_taken":0.0}],"is_beta":false,"boss_relics":[{"not_picked":["Philosopher\u0027s Stone","Fusion Hammer"],"picked":"Coffee Dripper"},{"not_picked":["Snecko Eye","Black Blood"],"picked":"Runic Pyramid"}],"items_purged_floors":[3,19,54],"is_endless":false,"potions_floor_spawned":[5,11,16,20,25,28,33,40,42,44],"ascension_level":20}