{"gold_per_floor":[114,133,133,58,72,72,72,52,52,52,80,98,109,120,120,194,194,207,257,257,257,45,78,95,127,205,217,217,117,135,151,151,229,229,243,465,465,477,497,527,402,437,461,461,492,592,592,644,644,644,644,644,644,67,100,100],"floor_reached":57,"playtime":2459,"items_purged":["Strike_R","Strike_R","Defend_R","Bash+1"],"score":3441,"play_id":"0a36ba1b-fce1-4e11-b42a-5ea54904440f","local_time":"20190309003517","is_ascension_mode":true,"campfire_choices":[{"data":"Whirlwind","floor":6.0,"key":"SMITH"},{"data":"Flex","floor":10.0,"key":"SMITH"},{"data":"Fiend Fire","floor":15.0,"key":"SMITH"},{"data":"Dark Embrace","floor":32.0,"key":"SMITH"},{"floor":49.0,"key":"RECALL"},{"data":"Defend_R","floor":53.0,"key":"SMITH"}],"neow_cost":"NONE","seed_source_timestamp":650403945396732,"circlet_count":0,"master_deck":["AscendersBane","Defend_R","Defend_R+1","Defend_R+1","Sword Boomerang","Flex+1","Whirlwind+1","Fiend Fire+1","Burning Pact+1","Limit Break+1","Dual Wield+1","Inflame","Shrug It Off+1","True Grit+1","Dark Embrace+1","Power Through+1","Second Wind+1","Warcry+1"],"special_seed":0,"relics":["Burning Blood","Strawberry","Incense Burner","Toxic Egg 2","Sozu","TheAbacus","Art of War","Red Mask","Sundial","MutagenicStrength","Runic Pyramid","Blood Vial","Juzu Bracelet","Unceasing Top","Calipers","Nunchaku","Shuriken","Lantern","Turnip"],"potions_floor_usage":[],"damage_taken":[{"damage":5.0,"enemies":"2 Louse","floor":1.0,"turns":3.0},{"damage":3.0,"enemies":"Small Slimes","floor":2.0,"turns":3.0},{"damage":1.0,"enemies":"Cultist","floor":5.0,"turns":3.0},{"damage":28.0,"enemies":"Gremlin Nob","floor":11.0,"turns":4.0},{"damage":0.0,"enemies":"3 Louse","floor":12.0,"turns":3.0},{"damage":7.0,"enemies":"Large Slime","floor":13.0,"turns":6.0},{"damage":16.0,"enemies":"Blue Slaver","floor":14.0,"turns":7.0},{"damage":0.0,"enemies":"Slime Boss","floor":16.0,"turns":6.0},{"damage":6.0,"enemies":"Spheric Guardian","floor":18.0,"turns":3.0},{"damage":3.0,"enemies":"Slavers","floor":23.0,"turns":2.0},{"damage":0.0,"enemies":"Chosen","floor":24.0,"turns":2.0},{"damage":20.0,"enemies":"Masked Bandits","floor":25.0,"turns":3.0},{"damage":20.0,"enemies":"Snecko","floor":27.0,"turns":5.0},{"damage":0.0,"enemies":"Cultist and Chosen","floor":30.0,"turns":3.0},{"damage":24.0,"enemies":"Snake Plant","floor":31.0,"turns":7.0},{"damage":0.0,"enemies":"Champ","floor":33.0,"turns":7.0},{"damage":0.0,"enemies":"Orb Walker","floor":35.0,"turns":3.0},{"damage":0.0,"enemies":"3 Darklings","floor":38.0,"turns":2.0},{"damage":7.0,"enemies":"Jaw Worm Horde","floor":39.0,"turns":2.0},{"damage":19.0,"enemies":"Nemesis","floor":40.0,"turns":3.0},{"damage":14.0,"enemies":"Reptomancer","floor":42.0,"turns":3.0},{"damage":0.0,"enemies":"Giant Head","floor":45.0,"turns":4.0},{"damage":0.0,"enemies":"Mind Bloom Boss Battle","floor":46.0,"turns":3.0},{"damage":27.0,"enemies":"2 Orb Walkers","floor":48.0,"turns":5.0},{"damage":0.0,"enemies":"Awakened One","floor":50.0,"turns":11.0},{"damage":8.0,"enemies":"Time Eater","floor":51.0,"turns":6.0},{"damage":0.0,"enemies":"Shield and Spear","floor":55.0,"turns":6.0},{"damage":0,"enemies":"The Heart","floor":56,"turns":6}],"seed_played":"6354655749334701440","potions_obtained":[{"floor":8.0,"key":"Dexterity Potion"},{"floor":12.0,"key":"Ancient Potion"},{"floor":14.0,"key":"Fire Potion"}],"is_trial":false,"path_per_floor":["M","M","?","$","M","R","?","?","T","R","E","M","M","M","R","B",null,"M","?","?","?","$","E","M","?","T","M","?","$","M","M","R","B",null,"M","?","?","M","M","E","$","E","T","?","E","?","?","?","R","B","B",null,"R","$","E","B",null],"character_chosen":"IRONCLAD","items_purchased":["TheAbacus","Shuriken","Lantern"],"campfire_rested":0,"item_purchase_floors":[22,54,54],"current_hp_per_floor":[76,79,79,79,82,82,57,57,57,57,35,41,40,30,30,36,71,71,71,47,47,47,50,56,42,42,28,28,28,34,16,16,22,71,77,77,77,83,82,69,69,63,63,63,74,85,99,78,78,86,86,96,96,96,99,99],"gold":100,"neow_bonus":"RANDOM_COMMON_RELIC","is_prod":false,"is_daily":false,"chose_seed":false,"campfire_upgraded":5,"win_rate":0,"timestamp":1552062917,"path_taken":["M","M","?","$","M","R","?","?","T","R","E","M","?","M","R","BOSS","M","?","?","?","$","E","M","?","T","M","?","$","M","M","R","BOSS","M","?","?","M","?","E","$","E","T","?","E","?","?","?","R","BOSS","BOSS","R","$","E","BOSS"],"build_version":"2019-01-23","purchased_purges":4,"victory":true,"max_hp_per_floor":[82,82,82,82,82,82,82,82,82,82,82,82,82,82,82,82,82,82,82,87,87,87,87,87,87,87,87,87,87,87,87,87,87,87,87,87,87,87,87,87,87,87,87,83,86,89,99,99,99,99,99,99,99,99,99,99],"card_choices":[{"not_picked":["Wild Strike","Iron Wave"],"picked":"Sword Boomerang","floor":1.0},{"not_picked":["Entrench","Fire Breathing"],"picked":"Flex","floor":2.0},{"not_picked":["Headbutt","Uppercut"],"picked":"Whirlwind","floor":5.0},{"not_picked":["Pummel","Anger","Flex"],"picked":"SKIP","floor":11.0},{"not_picked":["Rampage","Flex+1","Sword Boomerang"],"picked":"SKIP","floor":12.0},{"not_picked":["Thunderclap","Second Wind+1"],"picked":"Fiend Fire","floor":13.0},{"not_picked":["Perfected Strike","Dropkick"],"picked":"Burning Pact+1","floor":14.0},{"not_picked":["Impervious+1","Reaper"],"picked":"Limit Break+1","floor":16.0},{"not_picked":["Clothesline","Sword Boomerang"],"picked":"Dual Wield+1","floor":18.0},{"not_picked":["Carnage","Rupture","Burning Pact+1"],"picked":"SKIP","floor":23.0},{"not_picked":["Dual Wield+1","Clothesline"],"picked":"Inflame","floor":24.0},{"not_picked":["Twin Strike","Perfected Strike"],"picked":"Shrug It Off+1","floor":27.0},{"not_picked":["Armaments+1","Feel No Pain"],"picked":"True Grit+1","floor":30.0},{"not_picked":["Clash","Perfected Strike"],"picked":"Dark Embrace","floor":31.0},{"not_picked":["Double Tap+1","Berserk"],"picked":"Feed","floor":33.0},{"not_picked":["Anger","Havoc+1","Sentinel+1"],"picked":"SKIP","floor":35.0},{"not_picked":["Flame Barrier+1","Sword Boomerang+1","Cleave"],"picked":"SKIP","floor":38.0},{"not_picked":["Havoc+1","Pommel Strike"],"picked":"Power Through+1","floor":39.0},{"not_picked":["Rage+1","Perfected Strike","Clothesline+1"],"picked":"SKIP","floor":40.0},{"not_picked":["Headbutt","Wild Strike","Twin Strike"],"picked":"SKIP","floor":42.0},{"not_picked":["Sword Boomerang","Headbutt+1"],"picked":"Second Wind+1","floor":45.0},{"not_picked":["Wild Strike+1","Flex+1"],"picked":"Warcry+1","floor":48.0},{"not_picked":["Armaments+1","Blood for Blood","Impervious+1"],"picked":"SKIP","floor":55.0}],"player_experience":1194568,"relics_obtained":[{"floor":9.0,"key":"Incense Burner"},{"floor":11.0,"key":"Toxic Egg 2"},{"floor":23.0,"key":"Art of War"},{"floor":25.0,"key":"Red Mask"},{"floor":26.0,"key":"Sundial"},{"floor":40.0,"key":"Blood Vial"},{"floor":42.0,"key":"Juzu Bracelet"},{"floor":45.0,"key":"Unceasing Top"},{"floor":46.0,"key":"Calipers"},{"floor":48.0,"key":"Nunchaku"},{"floor":55.0,"key":"Turnip"}],"event_choices":[{"cards_removed":["Strike_R"],"damage_healed":0.0,"max_hp_gain":0.0,"max_hp_loss":0.0,"gold_gain":0.0,"event_name":"Living Wall","player_choice":"Forget","floor":3.0,"gold_loss":0.0,"damage_taken":0.0},{"damage_healed":0.0,"max_hp_gain":0.0,"max_hp_loss":0.0,"gold_gain":0.0,"event_name":"Shining Light","player_choice":"Entered Light","floor":7.0,"gold_loss":0.0,"damage_taken":25.0,"cards_upgraded":["Defend_R","Bash"]},{"damage_healed":0.0,"max_hp_gain":0.0,"max_hp_loss":0.0,"gold_gain":0.0,"event_name":"The Woman in Blue","player_choice":"Bought 1 Potion","floor":8.0,"gold_loss":0.0,"damage_taken":0.0},{"damage_healed":0.0,"max_hp_gain":0.0,"max_hp_loss":0.0,"gold_gain":50.0,"event_name":"Nest","player_choice":"Stole From Cult","floor":19.0,"gold_loss":0.0,"damage_taken":0.0},{"damage_healed":0.0,"max_hp_gain":5.0,"max_hp_loss":0.0,"gold_gain":0.0,"event_name":"Forgotten Altar","player_choice":"Shed Blood","floor":20.0,"gold_loss":0.0,"damage_taken":29.0},{"cards_removed":["Strike_R"],"damage_healed":0.0,"max_hp_gain":0.0,"max_hp_loss":0.0,"gold_gain":0.0,"event_name":"Back to Basics","player_choice":"Elegance","floor":21.0,"gold_loss":0.0,"damage_taken":0.0},{"damage_healed":0.0,"max_hp_gain":0.0,"max_hp_loss":0.0,"gold_gain":0.0,"event_name":"Masked Bandits","player_choice":"Fought Bandits","floor":25.0,"gold_loss":0.0,"damage_taken":0.0},{"damage_healed":0.0,"max_hp_gain":0.0,"max_hp_loss":0.0,"gold_gain":0.0,"event_name":"Drug Dealer","player_choice":"Inject Mutagens","floor":28.0,"gold_loss":0.0,"damage_taken":0.0,"relics_obtained":["MutagenicStrength"]},{"damage_healed":0.0,"max_hp_gain":0.0,"max_hp_loss":0.0,"gold_gain":222.0,"event_name":"Tomb of Lord Red Mask","player_choice":"Wore Mask","floor":36.0,"gold_loss":0.0,"damage_taken":0.0},{"cards_removed":["Strike_R"],"damage_healed":0.0,"max_hp_gain":0.0,"max_hp_loss":0.0,"gold_gain":0.0,"event_name":"Wheel of Change","player_choice":"Card Removal","floor":37.0,"gold_loss":0.0,"damage_taken":0.0},{"damage_healed":0.0,"max_hp_gain":0.0,"max_hp_loss":4.0,"gold_gain":0.0,"event_name":"Winding Halls","player_choice":"Max HP","floor":44.0,"gold_loss":0.0,"damage_taken":0.0},{"damage_healed":0.0,"max_hp_gain":0.0,"max_hp_loss":0.0,"gold_gain":0.0,"event_name":"MindBloom","player_choice":"Fight","floor":46.0,"gold_loss":0.0,"damage_taken":0.0},{"cards_removed":["Feed"],"damage_healed":4.0,"max_hp_gain":10.0,"max_hp_loss":0.0,"gold_gain":0.0,"event_name":"Bonfire Elementals","player_choice":"Offered Rare","floor":47.0,"gold_loss":0.0,"damage_taken":0.0},{"damage_healed":0.0,"max_hp_gain":0.0,"max_hp_loss":0.0,"gold_gain":0.0,"event_name":"Mysterious Sphere","player_choice":"Fight","floor":48.0,"gold_loss":0.0,"damage_taken":0.0}],"is_beta":false,"boss_relics":[{"not_picked":["Black Star","Runic Cube"],"picked":"Sozu"},{"not_picked":["Runic Dome","Tiny House"],"picked":"Runic Pyramid"}],"items_purged_floors":[4,29,41,54],"is_endless":false,"potions_floor_spawned":[12,14,23,30,33,40,45,48],"ascension_level":20}