{"gold_per_floor":[109,128,139,214,225,260,260,337,361,17,27,38,57,70,70,165,165,177,177,177,23,38,38],"floor_reached":23,"playtime":1914,"items_purged":[],"score":195,"play_id":"44fb6e2c-0663-407a-8891-f9aa2f5c4f9d","local_time":"20190410002617","is_ascension_mode":false,"campfire_choices":[{"data":"Metamorphosis","floor":15,"key":"SMITH"}],"neow_cost":"TEN_PERCENT_HP_LOSS","seed_source_timestamp":2255855962056100,"circlet_count":0,"master_deck":["Strike_R+1","Strike_R+1","Strike_R+1","Strike_R+1","Strike_R+1","Defend_R+1","Defend_R+1","Defend_R+1","Defend_R+1","Bash","Berserk","Heavy Blade","Perfected Strike","Inflame","Twin Strike","Pommel Strike","Perfected Strike","Metamorphosis+1","Perfected Strike","Cleave","Rampage","Thunderclap","Demon Form","Fire Breathing","Cleave"],"relics":["Burning Blood","Nunchaku","Orichalcum","Pantograph","Pen Nib","Omamori","Eternal Feather","Lantern"],"potions_floor_usage":[6,16,16,22],"damage_taken":[{"damage":1,"enemies":"Jaw Worm","floor":1,"turns":5},{"damage":5,"enemies":"Small Slimes","floor":2,"turns":4},{"damage":1,"enemies":"Cultist","floor":3,"turns":3},{"damage":1,"enemies":"2 Fungi Beasts","floor":5,"turns":3},{"damage":30,"enemies":"3 Sentries","floor":6,"turns":5},{"damage":6,"enemies":"Blue Slaver","floor":11,"turns":2},{"damage":0,"enemies":"Exordium Wildlife","floor":12,"turns":2},{"damage":0,"enemies":"Large Slime","floor":13,"turns":3},{"damage":0,"enemies":"2 Fungi Beasts","floor":14,"turns":2},{"damage":44,"enemies":"Hexaghost","floor":16,"turns":5},{"damage":34,"enemies":"3 Byrds","floor":18,"turns":5},{"damage":2,"enemies":"2 Thieves","floor":22,"turns":2},{"damage":49,"enemies":"Book of Stabbing","floor":23,"turns":4}],"seed_played":"-3012188035474333174","potions_obtained":[{"floor":1,"key":"SteroidPotion"},{"floor":2,"key":"PowerPotion"},{"floor":11,"key":"BloodPotion"},{"floor":14,"key":"Energy Potion"},{"floor":22,"key":"Ancient Potion"}],"is_trial":false,"path_per_floor":["M","M","M","?","M","E","?","T","T","$","M","M","M","M","R","B",null,"M","?","?","$","M","E"],"character_chosen":"IRONCLAD","items_purchased":["Perfected Strike","Omamori","Metamorphosis","Lantern"],"campfire_rested":0,"item_purchase_floors":[10,10,10,21],"current_hp_per_floor":[72,72,72,61,66,42,39,39,39,39,39,45,51,57,57,41,72,44,44,44,44,48,0],"gold":38,"neow_bonus":"THREE_RARE_CARDS","is_prod":false,"is_daily":false,"chose_seed":false,"campfire_upgraded":1,"win_rate":0.0,"timestamp":1554870377,"path_taken":["M","M","M","?","M","E","?","?","T","$","M","M","M","M","R","BOSS","M","?","?","?","M","E"],"build_version":"2019-01-23","purchased_purges":0,"victory":false,"max_hp_per_floor":[72,72,72,72,72,72,72,72,72,72,72,72,72,72,72,72,72,72,72,72,72,72,72],"card_choices":[{"not_picked":["Bludgeon","Feed"],"picked":"Berserk","floor":0},{"not_picked":["Fire Breathing","Clash"],"picked":"Heavy Blade","floor":1},{"not_picked":["Clothesline","Body Slam"],"picked":"Perfected Strike","floor":2},{"not_picked":["True Grit","Rupture"],"picked":"Inflame","floor":3},{"not_picked":["Cleave","Shrug It Off"],"picked":"Twin Strike","floor":5},{"not_picked":["Seeing Red","Body Slam"],"picked":"Pommel Strike","floor":6},{"not_picked":["Cleave","Feel No Pain"],"picked":"Perfected Strike","floor":11},{"not_picked":["Warcry","Heavy Blade"],"picked":"Cleave","floor":12},{"not_picked":["Dark Embrace","Shrug It Off"],"picked":"Rampage","floor":13},{"not_picked":["Shockwave","Carnage"],"picked":"Thunderclap","floor":14},{"not_picked":["Brutality","Offering"],"picked":"Demon Form","floor":16},{"not_picked":["Carnage","Body Slam"],"picked":"Fire Breathing","floor":18},{"not_picked":["Blood for Blood","Thunderclap"],"picked":"Cleave","floor":22}],"player_experience":15948,"relics_obtained":[{"floor":6,"key":"Nunchaku"},{"floor":8,"key":"Pantograph"},{"floor":9,"key":"Pen Nib"}],"event_choices":[{"damage_healed":0,"gold_gain":75,"player_choice":"Gather Gold","damage_taken":11,"max_hp_gain":0,"max_hp_loss":0,"event_name":"World of Goop","floor":4,"gold_loss":0},{"damage_healed":0,"gold_gain":0,"player_choice":"Success","damage_taken":3,"relics_obtained":["Orichalcum"],"max_hp_gain":0,"max_hp_loss":0,"event_name":"Scrap Ooze","floor":7,"gold_loss":0},{"damage_healed":0,"gold_gain":0,"player_choice":"Ignored","damage_taken":0,"max_hp_gain":0,"max_hp_loss":0,"event_name":"Vampires","floor":19,"gold_loss":0},{"damage_healed":0,"gold_gain":0,"player_choice":"Simplicity","damage_taken":0,"max_hp_gain":0,"max_hp_loss":0,"event_name":"Back to Basics","floor":20,"gold_loss":0,"cards_upgraded":["Strike_R","Strike_R","Strike_R","Strike_R","Strike_R","Defend_R","Defend_R","Defend_R","Defend_R"]}],"is_beta":false,"boss_relics":[{"not_picked":["Orrery","Philosopher\u0027s Stone"],"picked":"Eternal Feather"}],"items_purged_floors":[],"is_endless":false,"potions_floor_spawned":[1,2,11,14,22],"killed_by":"Book of Stabbing","ascension_level":0}