{"gold_per_floor":[118,43,43,57,57,57,88,88,88,88,98,130,130,93,93,197,197,216,228,228,128,128,161,161,172,172,200,216,231,231,266,266,266],"floor_reached":33,"playtime":1024,"items_purged":["Strike_R","Defend_R"],"score":358,"play_id":"2bdacfd2-ca38-4000-8671-1476f3c0295a","local_time":"20190416201151","is_ascension_mode":true,"campfire_choices":[{"data":"Searing Blow","floor":6,"key":"SMITH"},{"data":"Searing Blow+1","floor":8,"key":"SMITH"},{"data":"Searing Blow+2","floor":10,"key":"SMITH"},{"data":"Searing Blow+3","floor":13,"key":"SMITH"},{"data":"Searing Blow+4","floor":15,"key":"SMITH"},{"data":"Searing Blow+5","floor":24,"key":"SMITH"},{"data":"Searing Blow+6","floor":30,"key":"SMITH"},{"data":"Searing Blow+7","floor":32,"key":"SMITH"}],"neow_cost":"NONE","seed_source_timestamp":297431277426743,"circlet_count":0,"master_deck":["Strike_R","Strike_R","Strike_R","Defend_R","Defend_R","Defend_R","Bash","Headbutt","Searing Blow+8","Armaments","Shrug It Off+1"],"relics":["Burning Blood","Vajra","Omamori","Meat on the Bone","Frozen Egg 2","Blood Vial","Cursed Key","Dead Branch","Bag of Marbles","Pen Nib","Boot"],"potions_floor_usage":[18,27,33,33,33],"damage_taken":[{"damage":6,"enemies":"Cultist","floor":1,"turns":3},{"damage":2,"enemies":"Jaw Worm","floor":4,"turns":3},{"damage":45,"enemies":"3 Sentries","floor":7,"turns":10},{"damage":4,"enemies":"Small Slimes","floor":11,"turns":3},{"damage":30,"enemies":"Lagavulin","floor":12,"turns":7},{"damage":27,"enemies":"The Guardian","floor":16,"turns":7},{"damage":16,"enemies":"3 Byrds","floor":18,"turns":7},{"damage":21,"enemies":"2 Thieves","floor":19,"turns":4},{"damage":16,"enemies":"Book of Stabbing","floor":23,"turns":3},{"damage":10,"enemies":"Shelled Parasite and Fungi","floor":25,"turns":3},{"damage":12,"enemies":"Gremlin Leader","floor":27,"turns":2},{"damage":0,"enemies":"Cultist and Chosen","floor":28,"turns":3},{"damage":0,"enemies":"Snake Plant","floor":29,"turns":2},{"damage":14,"enemies":"Book of Stabbing","floor":31,"turns":3},{"damage":76,"enemies":"Automaton","floor":33,"turns":8}],"seed_played":"-7949187757153209424","potions_obtained":[{"floor":1,"key":"Poison Potion"},{"floor":7,"key":"Regen Potion"},{"floor":12,"key":"Poison Potion"},{"floor":18,"key":"SteroidPotion"},{"floor":25,"key":"GamblersBrew"},{"floor":29,"key":"LiquidBronze"}],"is_trial":false,"path_per_floor":["M","$","?","M","?","R","E","R","T","R","M","E","R","?","R","B",null,"M","M","?","$","?","E","R","M","T","E","M","M","R","E","R","B"],"character_chosen":"IRONCLAD","items_purchased":[],"campfire_rested":0,"item_purchase_floors":[],"current_hp_per_floor":[80,80,80,80,80,80,41,41,41,41,55,43,43,43,43,36,80,70,57,57,57,49,53,53,51,51,47,55,63,63,57,57,0],"gold":266,"neow_bonus":"RANDOM_COMMON_RELIC","is_prod":false,"is_daily":false,"chose_seed":false,"campfire_upgraded":8,"win_rate":0,"timestamp":1555463511,"path_taken":["M","$","?","M","?","R","E","R","T","R","?","E","R","?","R","BOSS","M","M","?","$","?","E","R","M","T","E","M","M","R","E","R","BOSS"],"build_version":"2019-04-04","purchased_purges":2,"victory":false,"max_hp_per_floor":[80,80,80,80,80,80,80,80,80,80,80,80,80,80,80,80,80,80,80,80,80,80,80,80,80,80,80,80,80,80,80,80,80],"card_choices":[{"not_picked":["Rupture","Pommel Strike"],"picked":"Headbutt","floor":1},{"not_picked":["Armaments","Warcry"],"picked":"Searing Blow","floor":4},{"not_picked":["Searing Blow","Power Through"],"picked":"Armaments","floor":7},{"not_picked":["Heavy Blade","Dual Wield","Corruption+1"],"picked":"SKIP","floor":11},{"not_picked":["Body Slam","Thunderclap","Carnage"],"picked":"SKIP","floor":12},{"not_picked":["Clothesline","True Grit"],"picked":"Shrug It Off+1","floor":18},{"not_picked":["Warcry","Cleave+1","Perfected Strike"],"picked":"SKIP","floor":19},{"not_picked":["Shockwave+1","Fire Breathing+1","Twin Strike+1"],"picked":"SKIP","floor":23},{"not_picked":["Whirlwind+1","True Grit","Cleave"],"picked":"SKIP","floor":25},{"not_picked":["Limit Break","Whirlwind+1","Sever Soul"],"picked":"SKIP","floor":27},{"not_picked":["Pommel Strike","True Grit","Wild Strike"],"picked":"SKIP","floor":28},{"not_picked":["Fire Breathing+1","True Grit+1","Wild Strike"],"picked":"SKIP","floor":29},{"not_picked":["Pommel Strike","Second Wind","Infernal Blade"],"picked":"SKIP","floor":31}],"player_experience":263339,"relics_obtained":[{"floor":7,"key":"Meat on the Bone"},{"floor":9,"key":"Frozen Egg 2"},{"floor":12,"key":"Blood Vial"},{"floor":23,"key":"Dead Branch"},{"floor":26,"key":"Bag of Marbles"},{"floor":27,"key":"Pen Nib"},{"floor":31,"key":"Boot"}],"event_choices":[{"cards_removed":["Strike_R"],"damage_healed":0,"gold_gain":0,"player_choice":"Forget","damage_taken":0,"max_hp_gain":0,"max_hp_loss":0,"event_name":"Living Wall","floor":3,"gold_loss":0},{"damage_healed":0,"gold_gain":0,"player_choice":"Gave Potion","damage_taken":0,"relics_obtained":["Omamori"],"max_hp_gain":0,"max_hp_loss":0,"event_name":"WeMeetAgain","floor":5,"gold_loss":0},{"damage_healed":0,"gold_gain":0,"player_choice":"Left Gold","damage_taken":0,"max_hp_gain":0,"max_hp_loss":0,"event_name":"World of Goop","floor":14,"gold_loss":37},{"damage_healed":0,"gold_gain":0,"player_choice":"Ignored","damage_taken":0,"max_hp_gain":0,"max_hp_loss":0,"event_name":"Ghosts","floor":20,"gold_loss":0},{"damage_healed":0,"gold_gain":0,"player_choice":"","damage_taken":8,"max_hp_gain":0,"max_hp_loss":0,"event_name":"Knowing Skull","floor":22,"potions_obtained":[],"gold_loss":0,"cards_obtained":[]}],"is_beta":true,"boss_relics":[{"not_picked":["Eternal Feather","Runic Dome"],"picked":"Cursed Key"}],"items_purged_floors":[2,21],"is_endless":false,"potions_floor_spawned":[1,7,12,18,25,29],"killed_by":"Automaton","ascension_level":3}