{"gold_per_floor":[114,114,167,8,18,18,32,47,47,47,100,0,0,20,20,110,110,30,53,53,53,71,71,91,104,177,52,52,66,66,78,78,155,155,173,188,288,288,288,288,304,333,333,333,349,365,365,394,394,394,394,394,394,110,140,140],"floor_reached":57,"playtime":2977,"items_purged":["Strike_R","Strike_R","Strike_R","Strike_R"],"score":2729,"play_id":"96458ecd-0bfc-4c6d-b124-32fd521494c4","local_time":"20190303104955","is_ascension_mode":true,"campfire_choices":[{"data":"Feel No Pain","floor":6.0,"key":"SMITH"},{"data":"Armaments","floor":10.0,"key":"SMITH"},{"data":"Burning Pact","floor":15.0,"key":"SMITH"},{"data":"True Grit","floor":23.0,"key":"SMITH"},{"data":"Body Slam","floor":28.0,"key":"SMITH"},{"data":"Bloodletting","floor":32.0,"key":"SMITH"},{"data":"Offering","floor":40.0,"key":"SMITH"},{"data":"Shrug It Off","floor":44.0,"key":"SMITH"},{"floor":49.0,"key":"RECALL"},{"data":"Juggernaut","floor":53.0,"key":"SMITH"}],"neow_cost":"NONE","seed_source_timestamp":0,"circlet_count":0,"master_deck":["AscendersBane","Defend_R","Defend_R+1","Defend_R","Defend_R","Bash+1","Burning Pact+1","Feel No Pain+1","Seeing Red","Armaments+1","Shrug It Off+1","Juggernaut+1","Body Slam+1","True Grit+1","Shockwave+1","Reaper","Bloodletting+1","Offering+1","Second Wind+1","Offering","Rage+1"],"special_seed":0,"relics":["Burning Blood","Bag of Marbles","Orichalcum","Meat on the Bone","Art of War","Bloody Idol","Mark of Pain","Mercury Hourglass","Runic Cube","Torii","Bottled Tornado","Bottled Lightning"],"potions_floor_usage":[],"damage_taken":[{"damage":12.0,"enemies":"Small Slimes","floor":1.0,"turns":4.0},{"damage":6.0,"enemies":"Jaw Worm","floor":5.0,"turns":3.0},{"damage":0.0,"enemies":"2 Louse","floor":7.0,"turns":3.0},{"damage":4.0,"enemies":"2 Fungi Beasts","floor":8.0,"turns":4.0},{"damage":0.0,"enemies":"Large Slime","floor":14.0,"turns":13.0},{"damage":44.0,"enemies":"The Guardian","floor":16.0,"turns":17.0},{"damage":10.0,"enemies":"2 Thieves","floor":18.0,"turns":4.0},{"damage":27.0,"enemies":"Shell Parasite","floor":19.0,"turns":7.0},{"damage":29.0,"enemies":"Snake Plant","floor":22.0,"turns":4.0},{"damage":26.0,"enemies":"Chosen and Byrds","floor":24.0,"turns":6.0},{"damage":14.0,"enemies":"Cultist and Chosen","floor":25.0,"turns":5.0},{"damage":0.0,"enemies":"Snecko","floor":29.0,"turns":6.0},{"damage":28.0,"enemies":"Snake Plant","floor":31.0,"turns":4.0},{"damage":20.0,"enemies":"Champ","floor":33.0,"turns":9.0},{"damage":13.0,"enemies":"3 Shapes","floor":35.0,"turns":5.0},{"damage":6.0,"enemies":"Orb Walker","floor":36.0,"turns":3.0},{"damage":22.0,"enemies":"Mind Bloom Boss Battle","floor":37.0,"turns":7.0},{"damage":20.0,"enemies":"Sphere and 2 Shapes","floor":41.0,"turns":4.0},{"damage":43.0,"enemies":"Nemesis","floor":42.0,"turns":5.0},{"damage":50.0,"enemies":"Jaw Worm Horde","floor":45.0,"turns":4.0},{"damage":16.0,"enemies":"3 Darklings","floor":46.0,"turns":7.0},{"damage":12.0,"enemies":"Giant Head","floor":48.0,"turns":5.0},{"damage":36.0,"enemies":"Time Eater","floor":50.0,"turns":9.0},{"damage":50.0,"enemies":"Donu and Deca","floor":51.0,"turns":4.0},{"damage":18.0,"enemies":"Shield and Spear","floor":55.0,"turns":3.0},{"damage":66,"enemies":"The Heart","floor":56,"turns":6}],"seed_played":"1199368673050738723","potions_obtained":[{"floor":7.0,"key":"Strength Potion"},{"floor":16.0,"key":"Weak Potion"},{"floor":24.0,"key":"Energy Potion"},{"floor":29.0,"key":"Swift Potion"},{"floor":31.0,"key":"GamblersBrew"},{"floor":33.0,"key":"FearPotion"},{"floor":37.0,"key":"Strength Potion"},{"floor":46.0,"key":"SkillPotion"},{"floor":55.0,"key":"SteroidPotion"}],"is_trial":false,"path_per_floor":["M","?","T","$","M","R","M","M","T","R","T","$","?","M","R","B",null,"M","M","?","?","M","R","M","M","T","$","R","M","?","M","R","B",null,"M","M","?","?","?","R","M","E","T","R","M","M","?","E","R","B","B",null,"R","$","E","B",null],"character_chosen":"IRONCLAD","items_purchased":["Feel No Pain","Offering","Swift Potion"],"campfire_rested":0,"item_purchase_floors":[4,54,54],"current_hp_per_floor":[62,39,39,39,39,39,45,47,47,47,47,47,47,53,53,27,58,54,45,45,45,39,39,36,45,50,50,50,61,61,56,56,54,65,68,68,64,64,64,64,68,54,54,54,39,56,56,62,62,48,24,55,55,55,62,19],"gold":140,"neow_bonus":"RANDOM_COMMON_RELIC","is_prod":false,"is_daily":false,"chose_seed":false,"campfire_upgraded":9,"win_rate":0,"timestamp":1551581395,"path_taken":["M","?","?","$","M","R","M","M","T","R","?","$","?","M","R","BOSS","M","M","?","?","M","R","M","M","T","$","R","M","?","M","R","BOSS","M","M","?","?","?","R","M","E","T","R","?","M","?","E","R","BOSS","BOSS","R","$","E","BOSS"],"build_version":"2019-01-23","purchased_purges":4,"victory":true,"max_hp_per_floor":[75,75,75,75,75,75,75,75,75,75,75,75,68,68,68,68,68,68,68,68,68,68,68,68,68,68,68,68,68,68,68,68,68,68,68,68,68,68,68,68,68,68,68,68,68,68,65,65,65,65,65,65,65,65,65,65],"card_choices":[{"not_picked":["Wild Strike","Armaments"],"picked":"Burning Pact","floor":1.0},{"not_picked":["Sword Boomerang","Headbutt"],"picked":"Seeing Red","floor":5.0},{"not_picked":["Clash","Disarm"],"picked":"Armaments","floor":7.0},{"not_picked":["Warcry","Cleave","Anger"],"picked":"SKIP","floor":8.0},{"not_picked":["Cleave","Combust"],"picked":"Shrug It Off","floor":14.0},{"not_picked":["Immolate","Brutality"],"picked":"Juggernaut","floor":16.0},{"not_picked":["Pummel","Rampage"],"picked":"Body Slam","floor":18.0},{"not_picked":["Headbutt","Armaments+1","Rupture"],"picked":"SKIP","floor":19.0},{"not_picked":["Anger","Perfected Strike"],"picked":"True Grit","floor":22.0},{"not_picked":["Blood for Blood+1","Corruption+1","Clothesline"],"picked":"SKIP","floor":24.0},{"not_picked":["Thunderclap","Iron Wave"],"picked":"Shockwave+1","floor":25.0},{"not_picked":["Flex","Heavy Blade"],"picked":"Reaper","floor":29.0},{"not_picked":["Headbutt","Cleave","Hemokinesis"],"picked":"SKIP","floor":31.0},{"not_picked":["Bludgeon","Feed"],"picked":"Offering","floor":33.0},{"not_picked":["Iron Wave","Anger+1","Body Slam+1"],"picked":"SKIP","floor":35.0},{"not_picked":["Ghostly Armor+1","Inflame","Whirlwind+1"],"picked":"SKIP","floor":36.0},{"not_picked":["Flex","Disarm","Iron Wave"],"picked":"SKIP","floor":41.0},{"not_picked":["Perfected Strike+1","Combust+1"],"picked":"Second Wind+1","floor":42.0},{"not_picked":["Shrug It Off","Twin Strike","Armaments"],"picked":"SKIP","floor":45.0},{"not_picked":["Sever Soul","Dual Wield","Thunderclap"],"picked":"SKIP","floor":46.0},{"not_picked":["Iron Wave","Shrug It Off","Clothesline"],"picked":"SKIP","floor":48.0},{"not_picked":["Havoc","Pommel Strike+1"],"picked":"Rage+1","floor":55.0}],"player_experience":1131716,"relics_obtained":[{"floor":3.0,"key":"Orichalcum"},{"floor":9.0,"key":"Meat on the Bone"},{"floor":11.0,"key":"Art of War"},{"floor":26.0,"key":"Mercury Hourglass"},{"floor":37.0,"key":"Torii"},{"floor":42.0,"key":"Bottled Tornado"},{"floor":55.0,"key":"Bottled Lightning"}],"event_choices":[{"damage_healed":0.0,"max_hp_gain":0.0,"max_hp_loss":0.0,"gold_gain":0.0,"event_name":"Shining Light","player_choice":"Entered Light","floor":2.0,"gold_loss":0.0,"damage_taken":23.0,"cards_upgraded":["Bash","Defend_R"]},{"damage_healed":0.0,"max_hp_gain":0.0,"max_hp_loss":7.0,"gold_gain":0.0,"event_name":"Golden Idol","player_choice":"Lose Max HP","floor":13.0,"gold_loss":0.0,"damage_taken":0.0,"relics_obtained":["Golden Idol"]},{"damage_healed":0.0,"max_hp_gain":0.0,"max_hp_loss":0.0,"gold_gain":0.0,"event_name":"Forgotten Altar","player_choice":"Gave Idol","floor":20.0,"relics_lost":["Golden Idol"],"gold_loss":0.0,"damage_taken":0.0,"relics_obtained":["Bloody Idol"]},{"damage_healed":0.0,"max_hp_gain":0.0,"max_hp_loss":0.0,"gold_gain":0.0,"event_name":"Beggar","player_choice":"Ignored","floor":21.0,"gold_loss":0.0,"damage_taken":0.0},{"damage_healed":0.0,"max_hp_gain":0.0,"max_hp_loss":0.0,"gold_gain":0.0,"event_name":"The Library","player_choice":"Read","floor":30.0,"gold_loss":0.0,"damage_taken":0.0,"cards_obtained":["Bloodletting"]},{"damage_healed":0.0,"max_hp_gain":0.0,"max_hp_loss":0.0,"gold_gain":0.0,"event_name":"MindBloom","player_choice":"Fight","floor":37.0,"gold_loss":0.0,"damage_taken":0.0},{"damage_healed":0.0,"max_hp_gain":0.0,"max_hp_loss":0.0,"gold_gain":0.0,"event_name":"Tomb of Lord Red Mask","player_choice":"Ignored","floor":38.0,"gold_loss":0.0,"damage_taken":0.0},{"cards_removed":["Strike_R"],"damage_healed":0.0,"max_hp_gain":0.0,"max_hp_loss":0.0,"gold_gain":0.0,"event_name":"Falling","player_choice":"Removed Attack","floor":39.0,"gold_loss":0.0,"damage_taken":0.0},{"damage_healed":0.0,"max_hp_gain":0.0,"max_hp_loss":3.0,"gold_gain":0.0,"event_name":"Winding Halls","player_choice":"Max HP","floor":47.0,"gold_loss":0.0,"damage_taken":0.0}],"is_beta":false,"boss_relics":[{"not_picked":["Astrolabe","Cursed Key"],"picked":"Mark of Pain"},{"not_picked":["Eternal Feather","Velvet Choker"],"picked":"Runic Cube"}],"items_purged_floors":[4,12,27,54],"is_endless":false,"potions_floor_spawned":[7,16,24,29,31,33,37,46,55],"ascension_level":20}