{"gold_per_floor":[112,34,109,59,106,139,139,157,184,217,217,236,248,259,259,363,363,380,380,392,25,37,37,52,52],"floor_reached":25,"playtime":956,"items_purged":["Defend_G"],"score":298,"play_id":"86fc0f0c-bff3-48f6-8725-ee9175327548","local_time":"20190514181658","is_ascension_mode":true,"campfire_choices":[{"data":"Noxious Fumes","floor":7,"key":"SMITH"},{"data":"Deadly Poison","floor":11,"key":"SMITH"},{"data":"Escape Plan","floor":15,"key":"SMITH"},{"data":"Catalyst","floor":23,"key":"SMITH"}],"neow_cost":"NONE","seed_source_timestamp":1411399563343686,"circlet_count":0,"master_deck":["Defend_G","Defend_G","Defend_G","Strike_G","Strike_G","Strike_G","Strike_G","Survivor","Neutralize","Poisoned Stab","Noxious Fumes+1","Blade Dance","Deadly Poison+1","Escape Plan+1","Dodge and Roll","Backflip","Backstab","Adrenaline","Catalyst+1","Heel Hook","Outmaneuver+1","Acrobatics","Deadly Poison","Thinking Ahead"],"relics":["Ring of the Snake","NeowsBlessing","Centennial Puzzle","Dream Catcher","Bag of Marbles","Vajra","Black Star"],"potions_floor_usage":[14,16,22,24,25],"damage_taken":[{"damage":0,"enemies":"Cultist","floor":1,"turns":1},{"damage":0,"enemies":"3 Sentries","floor":6,"turns":1},{"damage":0,"enemies":"Small Slimes","floor":8,"turns":1},{"damage":27,"enemies":"Lagavulin","floor":10,"turns":7},{"damage":1,"enemies":"Jaw Worm","floor":12,"turns":2},{"damage":1,"enemies":"Exordium Thugs","floor":13,"turns":4},{"damage":0,"enemies":"Large Slime","floor":14,"turns":4},{"damage":7,"enemies":"The Guardian","floor":16,"turns":8},{"damage":13,"enemies":"Spheric Guardian","floor":18,"turns":4},{"damage":16,"enemies":"Shell Parasite","floor":20,"turns":3},{"damage":9,"enemies":"Sentry and Sphere","floor":22,"turns":5},{"damage":18,"enemies":"Snecko","floor":24,"turns":3},{"damage":6,"enemies":"Gremlin Leader","floor":25,"turns":1}],"seed_played":"-7317457384707528260","potions_obtained":[{"floor":1,"key":"PowerPotion"},{"floor":6,"key":"EssenceOfSteel"},{"floor":12,"key":"GhostInAJar"},{"floor":20,"key":"Block Potion"},{"floor":22,"key":"SkillPotion"}],"is_trial":false,"path_per_floor":["M","$","?","?","T","E","R","M","T","E","R","M","M","M","R","B",null,"M","?","M","$","M","R","M","E"],"character_chosen":"THE_SILENT","items_purchased":["Noxious Fumes","Acrobatics","Deadly Poison","Thinking Ahead"],"campfire_rested":0,"item_purchase_floors":[2,21,21,21],"current_hp_per_floor":[70,70,59,59,59,59,59,59,59,32,32,31,30,30,30,23,58,45,45,29,29,20,20,2,0],"gold":52,"neow_bonus":"THREE_ENEMY_KILL","is_prod":false,"is_daily":false,"chose_seed":false,"campfire_upgraded":4,"win_rate":0,"timestamp":1557872218,"path_taken":["M","$","?","?","?","E","R","M","T","E","R","M","?","M","R","BOSS","M","?","M","$","?","R","M","E"],"build_version":"2019-01-23","purchased_purges":1,"victory":false,"max_hp_per_floor":[70,70,70,70,70,70,70,70,70,70,70,70,70,70,70,70,70,70,70,70,70,70,70,70,70],"card_choices":[{"not_picked":["Calculated Gamble","Choke"],"picked":"Poisoned Stab","floor":1},{"not_picked":["Sucker Punch","Dagger Throw"],"picked":"Blade Dance","floor":6},{"not_picked":["Deflect","Quick Slash"],"picked":"Deadly Poison","floor":8},{"not_picked":["Storm of Steel","Sucker Punch"],"picked":"Escape Plan","floor":10},{"not_picked":["Sucker Punch","Blade Dance"],"picked":"Dodge and Roll","floor":12},{"not_picked":["PiercingWail","Slice"],"picked":"Backflip","floor":13},{"not_picked":["Sucker Punch","Dodge and Roll"],"picked":"Backstab","floor":14},{"not_picked":["Phantasmal Killer","Die Die Die"],"picked":"Adrenaline","floor":16},{"not_picked":["Sucker Punch","Flechettes"],"picked":"Catalyst","floor":18},{"not_picked":["Sucker Punch","Accuracy"],"picked":"Outmaneuver+1","floor":20},{"not_picked":["Flying Knee+1","Dagger Spray","Acrobatics"],"picked":"SKIP","floor":22},{"not_picked":["Predator+1","Bane","Choke"],"picked":"SKIP","floor":24}],"player_experience":243364,"relics_obtained":[{"floor":5,"key":"Centennial Puzzle"},{"floor":6,"key":"Dream Catcher"},{"floor":9,"key":"Bag of Marbles"},{"floor":10,"key":"Vajra"}],"event_choices":[{"damage_healed":0,"gold_gain":75,"player_choice":"Gather Gold","damage_taken":11,"max_hp_gain":0,"max_hp_loss":0,"event_name":"World of Goop","floor":3,"gold_loss":0},{"cards_removed":["Defend_G"],"damage_healed":0,"gold_gain":0,"player_choice":"Card Removal","damage_taken":0,"max_hp_gain":0,"max_hp_loss":0,"event_name":"The Cleric","floor":4,"gold_loss":50},{"damage_healed":0,"gold_gain":0,"cards_transformed":["Strike_G"],"player_choice":"Transformed","damage_taken":0,"max_hp_gain":0,"max_hp_loss":0,"event_name":"Transmorgrifier","floor":19,"gold_loss":0,"cards_obtained":["Heel Hook"]}],"is_beta":false,"boss_relics":[{"not_picked":["Pandora\u0027s Box","Coffee Dripper"],"picked":"Black Star"}],"items_purged_floors":[21],"is_endless":false,"potions_floor_spawned":[1,6,12,20,22],"killed_by":"Gremlin Leader","ascension_level":5}