{"gold_per_floor":[117,137,155,174,184,184,216,228,228,258,281,306,306,406,406,501,501,516,527,542,542,562,562,562],"floor_reached":24,"playtime":1789,"items_purged":[],"score":253,"play_id":"55de4994-bb63-4f63-ac45-a8557142e901","local_time":"20190302001015","is_ascension_mode":true,"campfire_choices":[{"data":"Armaments","floor":6,"key":"SMITH"},{"data":"Flex","floor":13,"key":"SMITH"},{"data":"Sword Boomerang","floor":15,"key":"SMITH"},{"data":"Double Tap","floor":23,"key":"SMITH"}],"neow_cost":"TEN_PERCENT_HP_LOSS","seed_source_timestamp":2102696669785,"circlet_count":0,"master_deck":["Strike_R","Strike_R","Strike_R","Strike_R","Strike_R","Defend_R","Defend_R","Defend_R","Defend_R","Bash","Armaments+1","Flex+1","Shrug It Off","Shrug It Off","Sword Boomerang+1","Double Tap+1","Pommel Strike","Clothesline"],"relics":["Black Blood","Thread and Needle","Orichalcum","Torii","Vajra","Odd Mushroom","Singing Bowl","MutagenicStrength"],"potions_floor_usage":[8,10,16,16],"damage_taken":[{"damage":4,"enemies":"Small Slimes","floor":1,"turns":5},{"damage":3,"enemies":"Jaw Worm","floor":2,"turns":4},{"damage":0,"enemies":"Cultist","floor":3,"turns":4},{"damage":3,"enemies":"3 Louse","floor":4,"turns":5},{"damage":0,"enemies":"Looter","floor":5,"turns":3},{"damage":17,"enemies":"3 Sentries","floor":7,"turns":11},{"damage":3,"enemies":"2 Fungi Beasts","floor":8,"turns":5},{"damage":21,"enemies":"Lagavulin","floor":10,"turns":9},{"damage":7,"enemies":"The Mushroom Lair","floor":11,"turns":6},{"damage":3,"enemies":"3 Sentries","floor":12,"turns":8},{"damage":59,"enemies":"Slime Boss","floor":16,"turns":23},{"damage":1,"enemies":"Chosen","floor":18,"turns":5},{"damage":10,"enemies":"Shell Parasite","floor":19,"turns":8},{"damage":22,"enemies":"Chosen and Byrds","floor":20,"turns":7},{"damage":17,"enemies":"Snecko","floor":22,"turns":6},{"damage":60,"enemies":"Slavers","floor":24,"turns":8}],"seed_played":"6426575951466656380","potions_obtained":[{"floor":1,"key":"LiquidBronze"},{"floor":7,"key":"Strength Potion"},{"floor":10,"key":"BloodPotion"},{"floor":11,"key":"EssenceOfSteel"},{"floor":20,"key":"FearPotion"}],"is_trial":false,"path_per_floor":["M","M","M","M","M","R","E","M","T","E","?","E","R","?","R","B",null,"M","M","M","?","M","R","E"],"character_chosen":"IRONCLAD","items_purchased":[],"campfire_rested":0,"item_purchase_floors":[],"current_hp_per_floor":[72,72,72,72,72,72,61,64,64,49,48,53,53,53,53,7,74,74,74,64,64,59,59,0],"gold":562,"neow_bonus":"ONE_RARE_RELIC","is_prod":false,"is_daily":false,"chose_seed":false,"campfire_upgraded":4,"win_rate":0,"timestamp":1551507015,"path_taken":["M","M","M","M","M","R","E","M","T","E","?","E","R","?","R","BOSS","M","M","M","?","M","R","E"],"build_version":"2019-02-06","purchased_purges":0,"victory":false,"max_hp_per_floor":[72,72,72,72,72,72,72,72,72,72,72,74,74,74,74,74,74,74,74,76,76,78,78,78],"card_choices":[{"not_picked":["Flame Barrier","Thunderclap"],"picked":"Armaments","floor":1},{"not_picked":["Thunderclap","Seeing Red","Sword Boomerang"],"picked":"SKIP","floor":2},{"not_picked":["Power Through","Body Slam"],"picked":"Flex","floor":3},{"not_picked":["Body Slam","Clash"],"picked":"Shrug It Off","floor":4},{"not_picked":["Thunderclap","Corruption"],"picked":"Shrug It Off","floor":5},{"not_picked":["Twin Strike","Berserk","Flex"],"picked":"SKIP","floor":7},{"not_picked":["Armaments","Carnage"],"picked":"Sword Boomerang","floor":8},{"not_picked":["Juggernaut","Rampage","Thunderclap"],"picked":"SKIP","floor":10},{"not_picked":["Warcry","Shrug It Off","Cleave"],"picked":"Singing Bowl","floor":12},{"not_picked":["Dark Embrace","Offering"],"picked":"Double Tap","floor":16},{"not_picked":["Whirlwind","Wild Strike+1"],"picked":"Pommel Strike","floor":18},{"not_picked":["Iron Wave","Carnage"],"picked":"Clothesline","floor":19},{"not_picked":["Anger","Wild Strike","Thunderclap+1"],"picked":"Singing Bowl","floor":20},{"not_picked":["Feel No Pain","Body Slam","Pummel+1"],"picked":"Singing Bowl","floor":22}],"player_experience":257194,"relics_obtained":[{"floor":7,"key":"Orichalcum"},{"floor":9,"key":"Torii"},{"floor":10,"key":"Vajra"},{"floor":11,"key":"Odd Mushroom"},{"floor":12,"key":"Singing Bowl"}],"event_choices":[{"damage_healed":0,"gold_gain":0,"player_choice":"Fought Mushrooms","damage_taken":0,"max_hp_gain":0,"max_hp_loss":0,"event_name":"Mushrooms","floor":11,"gold_loss":0},{"damage_healed":0,"gold_gain":100,"player_choice":"Pray","damage_taken":0,"max_hp_gain":0,"max_hp_loss":0,"event_name":"Golden Shrine","floor":14,"gold_loss":0},{"damage_healed":0,"gold_gain":0,"player_choice":"Inject Mutagens","damage_taken":0,"relics_obtained":["MutagenicStrength"],"max_hp_gain":0,"max_hp_loss":0,"event_name":"Drug Dealer","floor":21,"gold_loss":0}],"is_beta":true,"boss_relics":[{"not_picked":["Runic Pyramid","Eternal Feather"],"picked":"Black Blood"}],"items_purged_floors":[],"is_endless":false,"potions_floor_spawned":[1,7,10,11,20],"killed_by":"Slavers","ascension_level":3}