{"path_per_floor":["M","M","M","?","M","M","R","M","T","$","M","M","$","M","R","B",null,"M","?","M"],"character_chosen":"DEFECT","items_purchased":[],"gold_per_floor":[109,123,139,139,151,167,167,181,229,154,167,178,78,95,95,191,191,210,210,224,224],"floor_reached":21,"campfire_rested":1,"playtime":1070,"current_hp_per_floor":[75,74,74,74,62,55,55,26,26,26,14,11,11,8,30,3,75,55,55,23,0],"items_purged":["Regret","Defend_B"],"gold":224,"score":186,"play_id":"c46906ac-8dd3-4b0c-98d9-8afe3d46449b","local_time":"20180508174328","is_prod":false,"is_daily":false,"chose_seed":false,"is_ascension_mode":true,"campfire_upgraded":1,"timestamp":1525819408,"path_taken":["M","M","M","?","?","M","R","M","T","$","M","M","$","M","R","BOSS","M","?","?","M"],"build_version":"2018-05-07","seed_source_timestamp":72469683671953,"purchased_purges":2,"victory":false,"master_deck":["Strike_B","Strike_B","Strike_B","Strike_B","Defend_B","Defend_B","Defend_B","Zap","Dualcast","Ball Lightning","Hello World","Redo+1","Capacitor","Echo Form","Ball Lightning","Force Field","Beam Cell","Ball Lightning","Creative AI","Leap+1","Consume","Go for the Eyes+1"],"max_hp_per_floor":[75,75,75,75,75,75,75,75,75,75,75,75,75,75,75,75,75,75,75,75,75],"relics":["Cracked Core","Prayer Wheel","Ancient Tea Set","Inserter"],"card_choices":[{"not_picked":["Leap","Impulse"],"picked":"Ball Lightning","floor":1},{"not_picked":["Beam Cell","Scrape"],"picked":"Hello World","floor":2},{"not_picked":["Leap","Glacier"],"picked":"Redo","floor":3},{"not_picked":["White Noise","Rebound"],"picked":"Capacitor","floor":5},{"not_picked":["Static Discharge","Ball Lightning"],"picked":"Echo Form","floor":6},{"not_picked":["Barrage","Beam Cell"],"picked":"Ball Lightning","floor":8},{"not_picked":["Doom and Gloom","Impulse"],"picked":"Force Field","floor":9},{"not_picked":["Hologram","Ball Lightning"],"picked":"Beam Cell","floor":11},{"not_picked":["Barrage","Leap"],"picked":"Ball Lightning","floor":12},{"not_picked":["Seek","Fission"],"picked":"Creative AI","floor":16},{"not_picked":["Capacitor","Barrage"],"picked":"Leap","floor":18},{"not_picked":["Coolheaded","White Noise"],"picked":"Go for the Eyes","floor":20}],"player_experience":193101,"potions_floor_usage":[8,12,14,16,21],"damage_taken":[{"damage":0,"enemies":"Small Slimes","floor":1,"turns":2},{"damage":1,"enemies":"Jaw Worm","floor":2,"turns":3},{"damage":0,"enemies":"Cultist","floor":3,"turns":2},{"damage":12,"enemies":"Exordium Wildlife","floor":5,"turns":4},{"damage":7,"enemies":"2 Fungi Beasts","floor":6,"turns":4},{"damage":29,"enemies":"Exordium Thugs","floor":8,"turns":5},{"damage":12,"enemies":"Gremlin Gang","floor":11,"turns":5},{"damage":3,"enemies":"Exordium Wildlife","floor":12,"turns":4},{"damage":3,"enemies":"Large Slime","floor":14,"turns":4},{"damage":27,"enemies":"Hexaghost","floor":16,"turns":8},{"damage":20,"enemies":"Spheric Guardian","floor":18,"turns":4},{"damage":32,"enemies":"Shell Parasite","floor":20,"turns":5},{"damage":29,"enemies":"Centurion and Healer","floor":21,"turns":3}],"event_choices":[{"event_name":"Big Fish","player_choice":"Box","floor":4,"damage_taken":0},{"event_name":"The Library","player_choice":"Read","floor":19,"damage_taken":0}],"boss_relics":[{"not_picked":["Lizard Tail","Eternal Feather"],"picked":"Inserter"}],"potions_floor_spawned":[2,3,11,14,16,18,20],"seed_played":"-5678902524061736826","killed_by":"Centurion and Healer","ascension_level":1,"is_trial":false}