{"gold_per_floor":[363,373,373,385,385,385,385,138,138,150,179,194,194,206,206,278,278,289,289,289,308,358,368,383,433,433,348,364,382,382,400,400,475,475,487,487,507,526,416,416,431,431,431,446,446,446,24,35,35,35],"floor_reached":51,"playtime":2571,"items_purged":["Strike_G","Strike_G+1"],"score":1180,"play_id":"84cc743c-12f9-4605-8112-1258e4dc1852","local_time":"20190507173807","is_ascension_mode":true,"campfire_choices":[{"floor":13,"key":"REST"},{"data":"Neutralize","floor":15,"key":"SMITH"},{"floor":30,"key":"REST"},{"floor":32,"key":"REST"},{"data":"Catalyst","floor":40,"key":"SMITH"},{"data":"Catalyst","floor":42,"key":"SMITH"},{"data":"Catalyst","floor":49,"key":"SMITH"}],"neow_cost":"TEN_PERCENT_HP_LOSS","seed_source_timestamp":240662613317800,"circlet_count":0,"master_deck":["AscendersBane","Defend_G+1","Defend_G+1","Defend_G+1","Defend_G+1","Defend_G+1","Strike_G+1","Strike_G+1","Survivor+1","Neutralize+1","Backflip+1","Crippling Poison+1","Deadly Poison+1","Calculated Gamble+1","Calculated Gamble+1","Poisoned Stab+1","Crippling Poison+1","Adrenaline+1","Dodge and Roll+1","Bouncing Flask+1","Catalyst+1","Catalyst+1","Backflip+1","Footwork+1","Blur+1","Adrenaline+1","Dodge and Roll+1","Catalyst+1","Panache","Outmaneuver"],"relics":["Ring of the Serpent","Lantern","Snake Skull","FossilizedHelix","Pen Nib","Pocketwatch","Ancient Tea Set","Coffee Dripper","Whetstone","Mark of the Bloom"],"potions_floor_usage":[11,14,33,33,50,50],"damage_taken":[{"damage":7,"enemies":"Small Slimes","floor":1,"turns":5},{"damage":0,"enemies":"2 Louse","floor":2,"turns":3},{"damage":7,"enemies":"Cultist","floor":4,"turns":4},{"damage":1,"enemies":"Large Slime","floor":10,"turns":8},{"damage":12,"enemies":"Lagavulin","floor":11,"turns":5},{"damage":0,"enemies":"3 Louse","floor":12,"turns":2},{"damage":0,"enemies":"Lots of Slimes","floor":14,"turns":4},{"damage":32,"enemies":"Hexaghost","floor":16,"turns":9},{"damage":0,"enemies":"Spheric Guardian","floor":18,"turns":4},{"damage":0,"enemies":"Chosen","floor":21,"turns":5},{"damage":6,"enemies":"Snecko","floor":23,"turns":7},{"damage":12,"enemies":"Shelled Parasite and Fungi","floor":24,"turns":7},{"damage":10,"enemies":"Sentry and Sphere","floor":28,"turns":4},{"damage":0,"enemies":"Snecko","floor":29,"turns":3},{"damage":0,"enemies":"Centurion and Healer","floor":31,"turns":6},{"damage":12,"enemies":"Collector","floor":33,"turns":6},{"damage":0,"enemies":"3 Shapes","floor":35,"turns":5},{"damage":0,"enemies":"Orb Walker","floor":37,"turns":4},{"damage":0,"enemies":"Writhing Mass","floor":38,"turns":3},{"damage":12,"enemies":"3 Darklings","floor":41,"turns":7},{"damage":0,"enemies":"Jaw Worm Horde","floor":44,"turns":4},{"damage":0,"enemies":"Writhing Mass","floor":48,"turns":2},{"damage":12,"enemies":"Time Eater","floor":50,"turns":3}],"seed_played":"-1204215479620476896","potions_obtained":[{"floor":4,"key":"Block Potion"},{"floor":10,"key":"AttackPotion"},{"floor":12,"key":"Strength Potion"},{"floor":21,"key":"SkillPotion"},{"floor":33,"key":"SteroidPotion"},{"floor":41,"key":"SteroidPotion"}],"is_trial":false,"path_per_floor":["M","M","?","M","?","?","$","$","T","M","E","M","R","M","R","B",null,"M","?","$","M","?","M","M","?","T","?","M","M","R","M","R","B",null,"M","?","M","M","?","R","M","R","T","M","?","R","$","M","R","B",null],"character_chosen":"THE_SILENT","items_purchased":["Snake Skull","Catalyst","Panache","Outmaneuver"],"campfire_rested":3,"item_purchase_floors":[8,47,47,47],"current_hp_per_floor":[52,52,52,45,38,38,38,38,38,37,25,25,43,43,43,11,48,48,48,48,48,48,42,30,30,30,30,20,20,38,38,56,44,56,56,56,56,56,56,56,44,44,44,44,44,44,44,44,44,32],"gold":35,"neow_bonus":"TWO_FIFTY_GOLD","is_prod":false,"is_daily":false,"chose_seed":false,"campfire_upgraded":4,"win_rate":0,"timestamp":1557247087,"path_taken":["M","M","?","M","?","?","?","$","T","M","E","?","R","M","R","BOSS","M","?","$","M","?","?","M","?","T","?","M","M","R","M","R","BOSS","M","?","M","M","?","R","?","R","T","M","?","R","$","M","R","BOSS"],"build_version":"2019-01-23","purchased_purges":2,"victory":true,"max_hp_per_floor":[60,60,60,60,60,60,60,60,60,60,60,60,60,60,60,60,60,60,60,60,60,60,60,60,60,60,60,60,60,60,60,60,60,60,60,60,60,60,60,60,60,60,60,60,60,60,60,60,60,60],"card_choices":[{"not_picked":["Dagger Spray","Prepared"],"picked":"Backflip","floor":1},{"not_picked":["Dodge and Roll","Deflect"],"picked":"Crippling Poison","floor":2},{"not_picked":["Heel Hook","Outmaneuver"],"picked":"Deadly Poison","floor":4},{"not_picked":["Bullet Time","Bane"],"picked":"Calculated Gamble","floor":10},{"not_picked":["Dagger Throw","Acrobatics"],"picked":"Calculated Gamble","floor":11},{"not_picked":["Dagger Spray","Riddle With Holes"],"picked":"Poisoned Stab","floor":12},{"not_picked":["Masterful Stab","Blade Dance"],"picked":"Crippling Poison","floor":14},{"not_picked":["Tools of the Trade","Glass Knife"],"picked":"Adrenaline","floor":16},{"not_picked":["Slice","Quick Slash"],"picked":"Dodge and Roll","floor":18},{"not_picked":["Deadly Poison","Well Laid Plans"],"picked":"Bouncing Flask","floor":21},{"not_picked":["Dodge and Roll","Slice"],"picked":"Catalyst","floor":23},{"not_picked":["Prepared+1","Quick Slash"],"picked":"Catalyst","floor":24},{"not_picked":["Prepared","Deadly Poison+1"],"picked":"Backflip","floor":28},{"not_picked":["Backflip","Deadly Poison"],"picked":"Footwork","floor":29},{"not_picked":["Envenom","Deadly Poison"],"picked":"Blur","floor":31},{"not_picked":["Night Terror","Bullet Time"],"picked":"Adrenaline","floor":33},{"not_picked":["Bane","Slice","Crippling Poison"],"picked":"SKIP","floor":35},{"not_picked":["Acrobatics","Expertise","Caltrops"],"picked":"SKIP","floor":37},{"not_picked":["Eviscerate","Calculated Gamble+1"],"picked":"Dodge and Roll+1","floor":38},{"not_picked":["Underhanded Strike+1","Backflip","PiercingWail"],"picked":"SKIP","floor":41},{"not_picked":["Dagger Throw","Choke+1","Riddle With Holes"],"picked":"SKIP","floor":44},{"not_picked":["Acrobatics+1","Crippling Poison+1","Bane+1"],"picked":"SKIP","floor":48}],"player_experience":473708,"relics_obtained":[{"floor":9,"key":"FossilizedHelix"},{"floor":11,"key":"Pen Nib"},{"floor":26,"key":"Pocketwatch"},{"floor":43,"key":"Whetstone"}],"event_choices":[{"damage_healed":0,"gold_gain":0,"player_choice":"Box","damage_taken":0,"relics_obtained":["Lantern"],"max_hp_gain":0,"max_hp_loss":0,"event_name":"Big Fish","floor":3,"gold_loss":0,"cards_obtained":["Regret"]},{"cards_removed":["Regret"],"damage_healed":0,"gold_gain":0,"player_choice":"Card Removal","damage_taken":7,"max_hp_gain":0,"max_hp_loss":0,"event_name":"Golden Wing","floor":5,"gold_loss":0},{"damage_healed":0,"gold_gain":0,"player_choice":"Ignored","damage_taken":0,"max_hp_gain":0,"max_hp_loss":0,"event_name":"Shining Light","floor":6,"gold_loss":0},{"damage_healed":0,"gold_gain":0,"player_choice":"Ignored","damage_taken":0,"max_hp_gain":0,"max_hp_loss":0,"event_name":"Beggar","floor":19,"gold_loss":0},{"damage_healed":0,"gold_gain":50,"player_choice":"Pray","damage_taken":0,"max_hp_gain":0,"max_hp_loss":0,"event_name":"Golden Shrine","floor":22,"gold_loss":0},{"damage_healed":0,"gold_gain":50,"player_choice":"Stole From Cult","damage_taken":0,"max_hp_gain":0,"max_hp_loss":0,"event_name":"Nest","floor":25,"gold_loss":0},{"damage_healed":0,"gold_gain":0,"player_choice":"Obtained Relic","damage_taken":0,"relics_obtained":["Ancient Tea Set"],"max_hp_gain":0,"max_hp_loss":0,"event_name":"Addict","floor":27,"gold_loss":85},{"damage_healed":0,"gold_gain":0,"player_choice":"Ignored","damage_taken":0,"max_hp_gain":0,"max_hp_loss":0,"event_name":"Tomb of Lord Red Mask","floor":36,"gold_loss":0},{"cards_removed":["Strike_G"],"damage_healed":0,"gold_gain":0,"player_choice":"Upgrade and Remove","damage_taken":0,"max_hp_gain":0,"max_hp_loss":0,"event_name":"Designer","floor":39,"gold_loss":110,"cards_upgraded":["Deadly Poison"]},{"damage_healed":0,"gold_gain":0,"player_choice":"Upgrade","damage_taken":0,"relics_obtained":["Mark of the Bloom"],"max_hp_gain":0,"max_hp_loss":0,"event_name":"MindBloom","floor":45,"gold_loss":0,"cards_upgraded":["Defend_G","Defend_G","Defend_G","Defend_G","Defend_G","Strike_G","Survivor","Backflip","Crippling Poison","Calculated Gamble","Calculated Gamble","Poisoned Stab","Crippling Poison","Adrenaline","Dodge and Roll","Bouncing Flask","Backflip","Footwork","Blur","Adrenaline"]}],"is_beta":false,"boss_relics":[{"not_picked":["WristBlade","HoveringKite"],"picked":"Ring of the Serpent"},{"not_picked":["Black Star","Eternal Feather"],"picked":"Coffee Dripper"}],"items_purged_floors":[8,47],"is_endless":false,"potions_floor_spawned":[4,10,12,21,24,33,41,48],"ascension_level":16}