{"gold_per_floor":[113,187,207,2,20,20,33,65,114,114,127,127,155,175,175,251,251,270,270,22,22,35,70,82,144,230,242,279,307,319,28,28,104,104,114,125,143,163,125,152,152,252,252,252,287,287,306,338,338,338,338,338,338,92,119,119],"floor_reached":57,"playtime":2347,"items_purged":["Strike_B","Scrape"],"score":3001,"play_id":"52f9a7eb-be52-49ce-ad1c-72a0ff613b0e","local_time":"20190515141323","is_ascension_mode":true,"campfire_choices":[{"data":"Defragment","floor":6.0,"key":"SMITH"},{"data":"Zap","floor":10.0,"key":"SMITH"},{"floor":15.0,"key":"REST"},{"floor":24.0,"key":"REST"},{"data":"Biased Cognition","floor":27.0,"key":"SMITH"},{"floor":32.0,"key":"REST"},{"data":"Capacitor","floor":44.0,"key":"SMITH"},{"data":"Coolheaded","floor":46.0,"key":"SMITH"},{"floor":49.0,"key":"RECALL"},{"data":"Buffer","floor":53,"key":"SMITH"}],"neow_cost":"NONE","seed_source_timestamp":264890996625020,"circlet_count":0,"master_deck":["AscendersBane","Strike_B+1","Defend_B","Defend_B","Defend_B","Defend_B","Zap+1","Dualcast","Defragment+1","Core Surge","Chill","Conserve Battery+1","Doom and Gloom","Biased Cognition+1","Reinforced Body","Glacier","Darkness+1","Buffer+1","Echo Form","Core Surge","Coolheaded+1","Capacitor+1","Coolheaded+1","Chill","Electrodynamics","Compile Driver","Loop+1","Secret Weapon","Stack","Coolheaded+1"],"special_seed":0,"relics":["Cracked Core","Vajra","Singing Bowl","Dodecahedron","Strawberry","Oddly Smooth Stone","Sozu","PreservedInsect","MawBank","Meat on the Bone","Mummified Hand","Membership Card","Orrery","DataDisk","Girya","Art of War","Bird Faced Urn","Centennial Puzzle","Ornamental Fan"],"potions_floor_usage":[],"damage_taken":[{"damage":0.0,"enemies":"Cultist","floor":1.0,"turns":3.0},{"damage":4.0,"enemies":"Jaw Worm","floor":3.0,"turns":3.0},{"damage":4.0,"enemies":"Small Slimes","floor":5.0,"turns":3.0},{"damage":12.0,"enemies":"Looter","floor":7.0,"turns":3.0},{"damage":4.0,"enemies":"Gremlin Nob","floor":8.0,"turns":3.0},{"damage":0.0,"enemies":"Large Slime","floor":11.0,"turns":4.0},{"damage":12.0,"enemies":"Lagavulin","floor":13.0,"turns":6.0},{"damage":0.0,"enemies":"Gremlin Gang","floor":14.0,"turns":4.0},{"damage":53.0,"enemies":"Slime Boss","floor":16.0,"turns":11.0},{"damage":23.0,"enemies":"Shell Parasite","floor":18.0,"turns":6.0},{"damage":0.0,"enemies":"3 Byrds","floor":22.0,"turns":5.0},{"damage":29.0,"enemies":"Gremlin Leader","floor":23.0,"turns":8.0},{"damage":11.0,"enemies":"Book of Stabbing","floor":28.0,"turns":5.0},{"damage":0.0,"enemies":"Cultist and Chosen","floor":29.0,"turns":7.0},{"damage":0.0,"enemies":"Collector","floor":33.0,"turns":8.0},{"damage":21.0,"enemies":"3 Darklings","floor":35.0,"turns":8.0},{"damage":2.0,"enemies":"Orb Walker","floor":36.0,"turns":4.0},{"damage":0.0,"enemies":"Sphere and 2 Shapes","floor":37.0,"turns":7.0},{"damage":0.0,"enemies":"4 Shapes","floor":38.0,"turns":8.0},{"damage":67.0,"enemies":"Reptomancer","floor":40.0,"turns":8.0},{"damage":0.0,"enemies":"Mind Bloom Boss Battle","floor":42.0,"turns":4.0},{"damage":0.0,"enemies":"Nemesis","floor":45.0,"turns":7.0},{"damage":19.0,"enemies":"Spire Growth","floor":47.0,"turns":5.0},{"damage":13.0,"enemies":"Reptomancer","floor":48.0,"turns":5.0},{"damage":27,"enemies":"Time Eater","floor":50,"turns":17},{"damage":22,"enemies":"Donu and Deca","floor":51,"turns":8},{"damage":30,"enemies":"Shield and Spear","floor":55,"turns":6},{"damage":59,"enemies":"The Heart","floor":56,"turns":14}],"seed_played":"5225242399487803963","potions_obtained":[{"floor":1.0,"key":"LiquidBronze"},{"floor":8.0,"key":"Regen Potion"},{"floor":11.0,"key":"Fire Potion"},{"floor":14.0,"key":"Ancient Potion"}],"is_trial":false,"path_per_floor":["M","T","M","$","M","R","M","E","T","R","M","?","E","M","R","B",null,"M","?","$","?","M","E","R","?","T","R","E","M","?","$","R","B",null,"M","M","M","M","$","E","?","?","T","R","E","R","M","E","R","B","B",null,"R","$","E","B",null],"character_chosen":"DEFECT","items_purchased":["Core Surge","Fire Potion","PreservedInsect","Glacier","Membership Card","Echo Form","Centennial Puzzle","Secret Weapon","Stack"],"campfire_rested":3,"item_purchase_floors":[4,4,20,20,31,31,54,54,54],"current_hp_per_floor":[64,64,62,62,60,60,48,44,51,51,53,28,33,33,58,5,66,45,45,45,45,47,18,45,45,45,45,46,48,48,48,75,75,92,71,71,73,73,73,20,20,34,34,34,46,46,39,40,40,39,49,92,92,92,78,45],"gold":119,"neow_bonus":"RANDOM_COMMON_RELIC","is_prod":false,"is_daily":false,"chose_seed":false,"campfire_upgraded":6,"win_rate":0,"timestamp":1557940403,"path_taken":["M","?","M","$","M","R","?","E","T","R","M","?","E","M","R","BOSS","M","?","$","?","M","E","R","?","T","R","E","M","?","$","R","BOSS","M","?","M","M","$","E","?","?","T","R","E","R","M","E","R","BOSS","BOSS","R","$","E","BOSS"],"build_version":"2019-01-23","purchased_purges":2,"victory":true,"max_hp_per_floor":[71,71,73,73,75,75,75,75,82,82,84,84,86,86,86,86,86,88,88,88,88,90,90,90,90,90,90,90,92,92,92,92,92,96,96,98,100,100,100,102,102,104,104,104,104,104,104,106,106,106,106,106,106,106,106,106],"card_choices":[{"not_picked":["Doom and Gloom","Compile Driver"],"picked":"Defragment","floor":1.0},{"not_picked":["Skim","Stack","Streamline"],"picked":"Singing Bowl","floor":3.0},{"not_picked":["Compile Driver","Leap","Go for the Eyes"],"picked":"Singing Bowl","floor":5.0},{"not_picked":["Doom and Gloom","Aggregate"],"picked":"Chill","floor":7.0},{"not_picked":["Double Energy","Capacitor"],"picked":"Conserve Battery","floor":8.0},{"not_picked":["Beam Cell","Fusion","Conserve Battery"],"picked":"Singing Bowl","floor":11.0},{"not_picked":["Beam Cell","Leap","Gash"],"picked":"Singing Bowl","floor":13.0},{"not_picked":["Loop","Beam Cell"],"picked":"Doom and Gloom","floor":14.0},{"not_picked":["Fission","Amplify"],"picked":"Biased Cognition","floor":16.0},{"not_picked":["Beam Cell+1","Sweeping Beam","Turbo+1"],"picked":"Singing Bowl","floor":18.0},{"not_picked":["Fusion","Recycle","Steam"],"picked":"Singing Bowl","floor":22.0},{"not_picked":["Rip and Tear","Rebound"],"picked":"Darkness+1","floor":23.0},{"not_picked":["Conserve Battery","Rebound"],"picked":"Buffer","floor":28.0},{"not_picked":["Reinforced Body","Beam Cell","Go for the Eyes"],"picked":"Singing Bowl","floor":29.0},{"not_picked":["Amplify","Fission"],"picked":"Core Surge","floor":33.0},{"not_picked":["Streamline","Fusion","Doom and Gloom"],"picked":"Singing Bowl","floor":34.0},{"not_picked":["Streamline","Redo","Rip and Tear"],"picked":"Singing Bowl","floor":34.0},{"not_picked":["Barrage","Streamline"],"picked":"Coolheaded+1","floor":34.0},{"not_picked":["Chaos","Consume"],"picked":"Capacitor","floor":34.0},{"not_picked":["Cold Snap","Leap"],"picked":"Coolheaded","floor":34.0},{"not_picked":["Aggregate","Redo+1"],"picked":"Chill","floor":35.0},{"not_picked":["Chaos+1","Sweeping Beam","Redo"],"picked":"Singing Bowl","floor":36.0},{"not_picked":["Turbo","Go for the Eyes","White Noise+1"],"picked":"Singing Bowl","floor":37.0},{"not_picked":["Leap","Sunder"],"picked":"Electrodynamics","floor":38.0},{"not_picked":["Static Discharge","Fusion","Hyperbeam"],"picked":"Singing Bowl","floor":40.0},{"not_picked":["Hologram","Skim","Gash"],"picked":"Singing Bowl","floor":42.0},{"not_picked":["Go for the Eyes+1","Beam Cell"],"picked":"Compile Driver","floor":45.0},{"not_picked":["Coolheaded","Go for the Eyes+1"],"picked":"Loop+1","floor":47.0},{"not_picked":["Doom and Gloom","Electrodynamics","Cold Snap"],"picked":"Singing Bowl","floor":48.0},{"not_picked":["Rebound","Beam Cell"],"picked":"Coolheaded+1","floor":55}],"player_experience":2335743,"relics_obtained":[{"floor":2.0,"key":"Singing Bowl"},{"floor":8.0,"key":"Dodecahedron"},{"floor":9.0,"key":"Strawberry"},{"floor":13.0,"key":"Oddly Smooth Stone"},{"floor":23.0,"key":"MawBank"},{"floor":26.0,"key":"Meat on the Bone"},{"floor":28.0,"key":"Mummified Hand"},{"floor":40.0,"key":"DataDisk"},{"floor":42.0,"key":"Girya"},{"floor":45.0,"key":"Art of War"},{"floor":48.0,"key":"Bird Faced Urn"},{"floor":55,"key":"Ornamental Fan"}],"event_choices":[{"damage_healed":0.0,"max_hp_gain":0.0,"max_hp_loss":0.0,"gold_gain":0.0,"event_name":"Shining Light","player_choice":"Entered Light","floor":12.0,"gold_loss":0.0,"damage_taken":25.0,"cards_upgraded":["Strike_B","Conserve Battery"]},{"damage_healed":0.0,"max_hp_gain":0.0,"max_hp_loss":0.0,"gold_gain":0.0,"cards_transformed":["Strike_B","Strike_B"],"event_name":"Drug Dealer","player_choice":"Became Test Subject","floor":19.0,"gold_loss":0.0,"damage_taken":0.0,"cards_obtained":["Scrape","Reinforced Body"]},{"damage_healed":0.0,"max_hp_gain":0.0,"max_hp_loss":0.0,"gold_gain":0.0,"event_name":"Cursed Tome","player_choice":"Ignored","floor":21.0,"gold_loss":0.0,"damage_taken":0.0},{"damage_healed":0.0,"max_hp_gain":0.0,"max_hp_loss":0.0,"gold_gain":50.0,"event_name":"Nest","player_choice":"Stole From Cult","floor":25.0,"gold_loss":0.0,"damage_taken":0.0},{"damage_healed":0.0,"max_hp_gain":0.0,"max_hp_loss":0.0,"gold_gain":0.0,"event_name":"Lab","player_choice":"Got Potions","floor":30.0,"gold_loss":0.0,"damage_taken":0.0},{"damage_healed":0.0,"max_hp_gain":0.0,"max_hp_loss":0.0,"gold_gain":0.0,"event_name":"Tomb of Lord Red Mask","player_choice":"Ignored","floor":41.0,"gold_loss":0.0,"damage_taken":0.0},{"damage_healed":0.0,"max_hp_gain":0.0,"max_hp_loss":0.0,"gold_gain":0.0,"event_name":"MindBloom","player_choice":"Fight","floor":42.0,"gold_loss":0.0,"damage_taken":0.0}],"is_beta":false,"boss_relics":[{"not_picked":["Snecko Eye","Astrolabe"],"picked":"Sozu"},{"not_picked":["Runic Dome","Lizard Tail"],"picked":"Orrery"}],"items_purged_floors":[39,54],"is_endless":false,"potions_floor_spawned":[1,8,11,14,22,23,29,35,37,38,40,48],"ascension_level":20}