{"path_per_floor":["M","M","$","M","T","?","E","M","T","E","R","M","E","M","R","B",null,"M","M","?","M","$","R","E","R","T","R","M","R","M","?","R","B",null,"M","M","?","?","$","R","$","M","T","M","M","R","T","?","R","B"],"character_chosen":"DEFECT","items_purchased":["Mind Blast","Apotheosis","Bronze Scales"],"gold_per_floor":[111,124,26,37,37,37,68,79,79,110,110,125,160,176,176,278,278,296,316,316,330,53,53,82,82,82,82,98,98,111,111,111,208,208,219,229,284,284,184,184,39,53,133,149,165,165,165,165,165,165],"floor_reached":51,"campfire_rested":2,"playtime":2738,"current_hp_per_floor":[75,75,75,75,85,85,48,31,31,19,44,35,26,26,26,10,85,80,69,69,33,33,33,14,14,14,14,8,33,32,32,32,7,85,45,29,18,87,87,87,87,75,75,75,45,45,45,45,45,43],"items_purged":["Streamline","Streamline"],"gold":165,"score":694,"play_id":"1706d366-1ed3-4200-9c71-8672627ae79e","local_time":"20180515125941","is_prod":false,"is_daily":false,"chose_seed":false,"is_ascension_mode":true,"campfire_upgraded":8,"timestamp":1526407181,"path_taken":["M","M","$","M","?","?","E","M","T","E","R","M","E","M","R","BOSS","M","M","?","M","$","R","E","R","T","R","M","R","?","?","R","BOSS","M","M","?","?","?","R","$","M","T","M","M","R","?","?","R","BOSS"],"build_version":"2018-05-14v2","seed_source_timestamp":0,"purchased_purges":2,"victory":true,"master_deck":["Zap","Dualcast","BootSequence","Streamline+1","Aggregate","Mind Blast+1","Double Energy+1","Hello World","Streamline+1","Leap","Streamline+1","Echo Form","Auto Shields","Sweeping Beam","Go for the Eyes","FTL","Skim","Gash","Rebound","Steam","Reboot+1","Apotheosis+1","Static Discharge+1","Steam+1","Buffer","Force Field+1","Auto Shields+1","Gash+1","Heatsinks+1","Storm+1"],"max_hp_per_floor":[75,75,75,75,85,85,85,85,85,85,85,85,85,85,85,85,85,85,85,85,85,85,85,85,85,85,85,85,85,85,85,85,85,85,85,85,99,87,87,87,87,87,87,87,87,87,87,87,87,87],"relics":["Cracked Core","Pear","Pantograph","Toolbox","Bottled Tornado","Centennial Puzzle","Du-Vu Doll","Pandora\u0027s Box","Toxic Egg 2","Bird Faced Urn","Inserter","Mango","Bronze Scales","Frozen Egg 2","Peace Pipe"],"card_choices":[{"not_picked":["Axe Kick","Go for the Eyes"],"picked":"BootSequence","floor":0.0},{"not_picked":["Blizzard","Coolheaded"],"picked":"Streamline","floor":1.0},{"not_picked":["Go for the Eyes","Tempest"],"picked":"Aggregate","floor":2.0},{"not_picked":["Stack","Darkness"],"picked":"Double Energy","floor":4.0},{"not_picked":["Skim","Stack"],"picked":"Hello World","floor":7.0},{"not_picked":["Aggregate","Go for the Eyes"],"picked":"Streamline","floor":8.0},{"not_picked":["Go for the Eyes","Axe Kick"],"picked":"Leap","floor":10.0},{"not_picked":["Defragment","Leap"],"picked":"Streamline","floor":12.0},{"not_picked":["Steam","Glacier"],"picked":"Streamline","floor":14.0},{"not_picked":["Machine Learning","Thunder Strike"],"picked":"Echo Form","floor":16.0},{"not_picked":["Axe Kick","Cold Snap"],"picked":"Rebound","floor":18},{"not_picked":["Skim","Coolheaded+1"],"picked":"Steam","floor":19},{"not_picked":["Self Repair","Consume"],"picked":"Reboot","floor":21},{"not_picked":["Rebound","Steam Power","Blizzard"],"picked":"SKIP","floor":24},{"not_picked":["Loop","Sweeping Beam+1"],"picked":"Static Discharge","floor":28},{"not_picked":["Cold Snap","Tempest+1"],"picked":"Steam+1","floor":30},{"not_picked":["Multi-Cast+1","Fusion+1"],"picked":"Buffer","floor":33},{"not_picked":["Rebound+1","Turbo+1"],"picked":"Force Field+1","floor":35},{"not_picked":["Capacitor","Ball Lightning"],"picked":"Auto Shields+1","floor":36},{"not_picked":["Blizzard+1","Axe Kick"],"picked":"Gash+1","floor":42},{"not_picked":["Hologram+1","Coolheaded+1"],"picked":"Heatsinks+1","floor":44},{"not_picked":["Cold Snap","Sweeping Beam+1"],"picked":"Storm+1","floor":45}],"player_experience":194579,"potions_floor_usage":[18,28,33,33,50,50,50],"damage_taken":[{"damage":0.0,"enemies":"Cultist","floor":1.0,"turns":3.0},{"damage":0.0,"enemies":"Small Slimes","floor":2.0,"turns":3.0},{"damage":0.0,"enemies":"Jaw Worm","floor":4.0,"turns":3.0},{"damage":37.0,"enemies":"Lagavulin","floor":7.0,"turns":7.0},{"damage":17.0,"enemies":"Large Slime","floor":8.0,"turns":3.0},{"damage":12.0,"enemies":"3 Sentries","floor":10.0,"turns":7.0},{"damage":9.0,"enemies":"3 Louse","floor":12.0,"turns":3.0},{"damage":9.0,"enemies":"Gremlin Nob","floor":13.0,"turns":3.0},{"damage":0.0,"enemies":"Looter","floor":14.0,"turns":2.0},{"damage":41.0,"enemies":"Slime Boss","floor":16.0,"turns":8.0},{"damage":5,"enemies":"Spheric Guardian","floor":18,"turns":3},{"damage":11,"enemies":"2 Thieves","floor":19,"turns":3},{"damage":36,"enemies":"Cultist and Chosen","floor":21,"turns":6},{"damage":19,"enemies":"Book of Stabbing","floor":24,"turns":4},{"damage":8,"enemies":"Snake Plant","floor":28,"turns":2},{"damage":3,"enemies":"Snecko","floor":30,"turns":3},{"damage":60,"enemies":"Collector","floor":33,"turns":8},{"damage":45,"enemies":"Flame Bruiser 1 Orb","floor":35,"turns":4},{"damage":18,"enemies":"3 Shapes","floor":36,"turns":3},{"damage":31,"enemies":"Mysterious Sphere","floor":37,"turns":7},{"damage":18,"enemies":"Maw","floor":42,"turns":8},{"damage":6,"enemies":"Spire Growth","floor":44,"turns":7},{"damage":34,"enemies":"Sphere and 2 Shapes","floor":45,"turns":4},{"damage":41,"enemies":"Awakened One","floor":50,"turns":10}],"relics_obtained":[{"floor":24,"key":"Toxic Egg 2"},{"floor":26,"key":"Bird Faced Urn"},{"floor":37,"key":"Mango"},{"floor":43,"key":"Frozen Egg 2"},{"floor":47,"key":"Peace Pipe"}],"event_choices":[{"event_name":"Big Fish","player_choice":"Box","floor":6.0,"damage_taken":0.0},{"event_name":"Back to Basics","player_choice":"Elegance","floor":20,"damage_taken":0},{"event_name":"Ghosts","player_choice":"Ignored","floor":31,"damage_taken":0},{"event_name":"Mysterious Sphere","player_choice":"Fight","floor":37,"damage_taken":0},{"event_name":"The Moai Head","player_choice":"Heal","floor":38,"damage_taken":0}],"boss_relics":[{"not_picked":["Lizard Tail","Tiny House"],"picked":"Inserter"}],"potions_floor_spawned":[2,10,12,16,28,30,35,37,42],"seed_played":"-2228643535339175160","ascension_level":1,"potions_obtained":[{"floor":28,"key":"Block Potion"},{"floor":30,"key":"Ancient Potion"},{"floor":35,"key":"FearPotion"},{"floor":37,"key":"Fire Potion"},{"floor":42,"key":"LiquidBronze"}],"is_trial":false}