{"gold_per_floor":[130,142,165,231,243,255,338,350,362,396,408,436,468,15,15,91,91,109,32,45,64,84,112,112,137,137,169,180,190,190,200,200,271,271,285,300,652,671,687,687,715,715,738,753,782,795,814,828,828,828,828,828,828,73,101,101],"floor_reached":57,"playtime":2934,"items_purged":["Strike_R","Strike_R"],"score":3036,"play_id":"a26a6a2c-22d9-4529-9b80-3c99c9294966","local_time":"20190515010940","is_ascension_mode":true,"campfire_choices":[{"data":"Bash","floor":6.0,"key":"SMITH"},{"floor":11.0,"key":"REST"},{"floor":15.0,"key":"REST"},{"data":"Armaments","floor":24.0,"key":"SMITH"},{"data":"Fiend Fire","floor":32.0,"key":"SMITH"},{"floor":40.0,"key":"RECALL"},{"data":"Inflame","floor":42.0,"key":"SMITH"},{"data":"Sentinel","floor":49.0,"key":"SMITH"},{"data":"True Grit","floor":53,"key":"SMITH"}],"neow_cost":"NONE","seed_source_timestamp":0,"circlet_count":0,"master_deck":["AscendersBane","Strike_R+1","Strike_R+1","Strike_R","Defend_R","Defend_R","Defend_R","Defend_R","Bash+1","Twin Strike","Flame Barrier","Inflame+1","Pummel","Havoc","Armaments+1","Fiend Fire+1","Sentinel+1","Corruption","True Grit+1","Corruption","Combust+1","Impervious","Pummel+1","Evolve","Uppercut","Shockwave+1"],"special_seed":0,"relics":["Burning Blood","MawBank","Pantograph","Dead Branch","Odd Mushroom","Vajra","Red Skull","Snecko Eye","Bird Faced Urn","Blood Vial","Bottled Flame","Orichalcum","Omamori","Busted Crown","Old Coin","Kunai","Bag of Preparation","Mummified Hand","Incense Burner","Happy Flower","Centennial Puzzle"],"potions_floor_usage":[56,56],"damage_taken":[{"damage":3.0,"enemies":"2 Louse","floor":1.0,"turns":4.0},{"damage":2.0,"enemies":"Jaw Worm","floor":3.0,"turns":3.0},{"damage":5.0,"enemies":"The Mushroom Lair","floor":10.0,"turns":4.0},{"damage":2.0,"enemies":"Small Slimes","floor":12.0,"turns":3.0},{"damage":12.0,"enemies":"3 Louse","floor":13.0,"turns":4.0},{"damage":14.0,"enemies":"Slime Boss","floor":16.0,"turns":6.0},{"damage":6.0,"enemies":"3 Byrds","floor":18.0,"turns":4.0},{"damage":2.0,"enemies":"Spheric Guardian","floor":20.0,"turns":3.0},{"damage":0.0,"enemies":"Shelled Parasite and Fungi","floor":21.0,"turns":1.0},{"damage":0.0,"enemies":"3 Cultists","floor":22.0,"turns":3.0},{"damage":0.0,"enemies":"Gremlin Leader","floor":23.0,"turns":3.0},{"damage":1.0,"enemies":"Slavers","floor":25.0,"turns":4.0},{"damage":16.0,"enemies":"Gremlin Leader","floor":27.0,"turns":5.0},{"damage":12.0,"enemies":"Snake Plant","floor":28.0,"turns":2.0},{"damage":10.0,"enemies":"Cultist and Chosen","floor":29.0,"turns":4.0},{"damage":0.0,"enemies":"Centurion and Healer","floor":31.0,"turns":3.0},{"damage":43.0,"enemies":"Collector","floor":33.0,"turns":6.0},{"damage":0.0,"enemies":"Orb Walker","floor":35.0,"turns":2.0},{"damage":0.0,"enemies":"3 Shapes","floor":36.0,"turns":5.0},{"damage":0.0,"enemies":"2 Orb Walkers","floor":37.0,"turns":2.0},{"damage":9.0,"enemies":"Maw","floor":38.0,"turns":3.0},{"damage":0.0,"enemies":"Spire Growth","floor":39.0,"turns":3.0},{"damage":3.0,"enemies":"Nemesis","floor":41.0,"turns":3.0},{"damage":0.0,"enemies":"Jaw Worm Horde","floor":44.0,"turns":2.0},{"damage":0.0,"enemies":"Reptomancer","floor":45.0,"turns":1.0},{"damage":0.0,"enemies":"Writhing Mass","floor":46.0,"turns":2.0},{"damage":0.0,"enemies":"Maw","floor":47.0,"turns":3.0},{"damage":7.0,"enemies":"4 Shapes","floor":48.0,"turns":1.0},{"damage":31.0,"enemies":"Time Eater","floor":50.0,"turns":8.0},{"damage":0,"enemies":"Donu and Deca","floor":51,"turns":3},{"damage":18,"enemies":"Shield and Spear","floor":55,"turns":4},{"damage":46,"enemies":"The Heart","floor":56,"turns":6}],"seed_played":"-4197412283500554200","potions_obtained":[{"floor":3.0,"key":"SpeedPotion"},{"floor":13.0,"key":"AttackPotion"},{"floor":20.0,"key":"PowerPotion"},{"floor":23.0,"key":"SteroidPotion"},{"floor":29.0,"key":"PowerPotion"},{"floor":36.0,"key":"LiquidBronze"}],"is_trial":false,"path_per_floor":["M","?","M","T","?","R","?","?","T","?","R","M","M","$","R","B",null,"M","$","M","M","M","E","R","E","T","E","M","M","?","M","R","B",null,"M","M","?","M","M","R","E","R","T","M","E","M","M","M","R","B","B",null,"R","$","E","B",null],"character_chosen":"IRONCLAD","items_purchased":["Vajra","Red Skull","Armaments","Corruption","Incense Burner","Evolve","Happy Flower","Uppercut"],"campfire_rested":2,"item_purchase_floors":[14,14,14,19,54,54,54,54],"current_hp_per_floor":[71,48,52,52,26,26,26,26,26,27,49,53,47,47,69,67,73,73,73,75,75,75,75,75,75,75,73,69,73,73,75,75,44,67,75,75,75,75,75,75,75,75,75,75,75,75,75,74,74,60,75,75,75,75,73,38],"gold":101,"neow_bonus":"RANDOM_COMMON_RELIC","is_prod":false,"is_daily":false,"chose_seed":false,"campfire_upgraded":6,"win_rate":0,"timestamp":1557893380,"path_taken":["M","?","M","?","?","R","?","?","T","?","R","M","M","?","R","BOSS","M","$","M","?","M","E","R","E","T","E","M","M","?","?","R","BOSS","M","M","?","M","M","R","E","R","T","M","E","M","M","M","R","BOSS","BOSS","R","$","E","BOSS"],"build_version":"2019-01-23","purchased_purges":2,"victory":true,"max_hp_per_floor":[75,75,75,75,75,75,75,75,75,75,75,75,75,75,75,75,75,75,75,75,75,75,75,75,75,75,75,75,75,75,75,75,75,75,75,75,75,75,75,75,75,75,75,75,75,75,75,75,75,75,75,75,75,75,75,75],"card_choices":[{"not_picked":["Sword Boomerang","Armaments"],"picked":"Twin Strike","floor":1.0},{"not_picked":["Perfected Strike","Clothesline"],"picked":"Flame Barrier","floor":3.0},{"not_picked":["Body Slam","Cleave"],"picked":"Inflame","floor":10.0},{"not_picked":["Thunderclap","Ghostly Armor"],"picked":"Pummel","floor":12.0},{"not_picked":["Heavy Blade","Blood for Blood"],"picked":"Havoc","floor":13.0},{"not_picked":["Double Tap","Demon Form"],"picked":"Fiend Fire","floor":16.0},{"not_picked":["Searing Blow+1","Rage"],"picked":"Sentinel","floor":18.0},{"not_picked":["Cleave","Perfected Strike+1","Metallicize"],"picked":"SKIP","floor":20.0},{"not_picked":["Metallicize","Body Slam","Heavy Blade"],"picked":"SKIP","floor":21.0},{"not_picked":["Headbutt","Armaments+1"],"picked":"True Grit","floor":22.0},{"not_picked":["Clash+1","Bludgeon"],"picked":"Corruption","floor":23.0},{"not_picked":["Havoc+1","Twin Strike+1","Carnage"],"picked":"SKIP","floor":25.0},{"not_picked":["Havoc+1","Twin Strike+1","Carnage"],"picked":"SKIP","floor":25.0},{"not_picked":["Thunderclap+1","Cleave"],"picked":"Combust+1","floor":27.0},{"not_picked":["Pommel Strike","Flex","Armaments"],"picked":"SKIP","floor":28.0},{"not_picked":["Heavy Blade","Clothesline+1","Rampage"],"picked":"SKIP","floor":29.0},{"not_picked":["Heavy Blade","Clothesline+1","Rampage"],"picked":"SKIP","floor":29.0},{"not_picked":["Evolve","Twin Strike","Clothesline+1"],"picked":"SKIP","floor":31.0},{"not_picked":["Berserk","Fiend Fire"],"picked":"Impervious","floor":33.0},{"not_picked":["Sentinel"],"picked":"SKIP","floor":35.0},{"not_picked":["Iron Wave"],"picked":"SKIP","floor":36.0},{"not_picked":[],"picked":"Pummel+1","floor":38.0},{"not_picked":["True Grit"],"picked":"SKIP","floor":39.0},{"not_picked":["Dropkick"],"picked":"SKIP","floor":41.0},{"not_picked":["Body Slam"],"picked":"SKIP","floor":44.0},{"not_picked":["Headbutt"],"picked":"SKIP","floor":45.0},{"not_picked":["Havoc"],"picked":"SKIP","floor":46.0},{"not_picked":["Wild Strike"],"picked":"SKIP","floor":47.0},{"not_picked":["Metallicize"],"picked":"SKIP","floor":48.0},{"not_picked":[],"picked":"Shockwave+1","floor":55}],"player_experience":2321866,"relics_obtained":[{"floor":9.0,"key":"Dead Branch"},{"floor":10.0,"key":"Odd Mushroom"},{"floor":23.0,"key":"Bird Faced Urn"},{"floor":25.0,"key":"Blood Vial"},{"floor":26.0,"key":"Bottled Flame"},{"floor":27.0,"key":"Orichalcum"},{"floor":37.0,"key":"Old Coin"},{"floor":41.0,"key":"Kunai"},{"floor":43.0,"key":"Bag of Preparation"},{"floor":45.0,"key":"Mummified Hand"},{"floor":55,"key":"Centennial Puzzle"}],"event_choices":[{"damage_healed":0.0,"max_hp_gain":0.0,"max_hp_loss":0.0,"gold_gain":0.0,"event_name":"Shining Light","player_choice":"Entered Light","floor":2.0,"gold_loss":0.0,"damage_taken":23.0,"cards_upgraded":["Strike_R","Strike_R"]},{"damage_healed":0.0,"max_hp_gain":0.0,"max_hp_loss":0.0,"gold_gain":0.0,"event_name":"Scrap Ooze","player_choice":"Success","floor":5.0,"gold_loss":0.0,"damage_taken":26.0,"relics_obtained":["Pantograph"]},{"damage_healed":0.0,"max_hp_gain":0.0,"max_hp_loss":0.0,"gold_gain":71.0,"event_name":"Golden Wing","player_choice":"Gained Gold","floor":7.0,"gold_loss":0.0,"damage_taken":0.0},{"damage_healed":0.0,"max_hp_gain":0.0,"max_hp_loss":0.0,"gold_gain":0.0,"event_name":"Liars Game","player_choice":"Ignored","floor":8.0,"gold_loss":0.0,"damage_taken":0.0},{"damage_healed":0.0,"max_hp_gain":0.0,"max_hp_loss":0.0,"gold_gain":0.0,"event_name":"Mushrooms","player_choice":"Fought Mushrooms","floor":10.0,"gold_loss":0.0,"damage_taken":0.0},{"damage_healed":0.0,"max_hp_gain":0.0,"max_hp_loss":0.0,"gold_gain":0.0,"event_name":"WeMeetAgain","player_choice":"Gave Potion","floor":30.0,"gold_loss":0.0,"damage_taken":0.0,"relics_obtained":["Omamori"]},{"damage_healed":0.0,"max_hp_gain":0.0,"max_hp_loss":0.0,"gold_gain":0.0,"event_name":"Mysterious Sphere","player_choice":"Fight","floor":37.0,"gold_loss":0.0,"damage_taken":0.0}],"is_beta":false,"boss_relics":[{"not_picked":["Tiny House","Runic Cube"],"picked":"Snecko Eye"},{"not_picked":["Runic Pyramid","Astrolabe"],"picked":"Busted Crown"}],"items_purged_floors":[14,54],"is_endless":false,"potions_floor_spawned":[3,13,20,23,29,36,41,44,46,47],"ascension_level":20}