{"gold_per_floor":[116,116,134,309,309,309,367,367,367,1,0,28,41,54,54,157,157,174,174,206,206],"floor_reached":21,"playtime":798,"items_purged":[],"score":268,"play_id":"451b6954-2b3e-48cd-9275-6edc6f7513d2","local_time":"20190512233554","is_ascension_mode":true,"campfire_choices":[{"data":"Sunder","floor":6,"key":"SMITH"},{"floor":8,"key":"REST"},{"data":"Defragment","floor":15,"key":"SMITH"}],"neow_cost":"NONE","seed_source_timestamp":695920635309200,"circlet_count":0,"master_deck":["Strike_B","Strike_B","Strike_B","Defend_B","Defend_B","Defend_B","Defend_B","Zap","Dualcast","Sunder+1","Beam Cell","Defragment+1","Redo","Coolheaded","Loop","Defragment","Machine Learning","Hologram"],"relics":["Cracked Core","Art of War","Tiny Chest","Medical Kit","Juzu Bracelet","Gremlin Horn","Busted Crown","Nloth\u0027s Gift","Red Mask"],"potions_floor_usage":[20,20,20],"damage_taken":[{"damage":2,"enemies":"Jaw Worm","floor":1,"turns":3},{"damage":0,"enemies":"Cultist","floor":3,"turns":2},{"damage":35,"enemies":"Lagavulin","floor":7,"turns":5},{"damage":10,"enemies":"Gremlin Nob","floor":12,"turns":3},{"damage":0,"enemies":"Small Slimes","floor":13,"turns":2},{"damage":7,"enemies":"2 Fungi Beasts","floor":14,"turns":3},{"damage":20,"enemies":"The Guardian","floor":16,"turns":10},{"damage":12,"enemies":"3 Byrds","floor":18,"turns":5},{"damage":54,"enemies":"Masked Bandits","floor":20,"turns":4},{"damage":4,"enemies":"Chosen","floor":21,"turns":4}],"seed_played":"1691636247273546542","potions_obtained":[{"floor":1,"key":"Strength Potion"},{"floor":13,"key":"Poison Potion"},{"floor":18,"key":"LiquidBronze"}],"is_trial":false,"path_per_floor":["M","?","M","?","?","R","E","R","T","$","?","E","M","M","R","B",null,"M","?","?","M"],"character_chosen":"DEFECT","items_purchased":["Medical Kit","Juzu Bracelet"],"campfire_rested":1,"item_purchase_floors":[10,10],"current_hp_per_floor":[66,66,66,66,66,66,31,53,63,63,63,53,53,46,46,26,70,58,58,4,0],"gold":206,"neow_bonus":"RANDOM_COMMON_RELIC","is_prod":false,"is_daily":false,"chose_seed":false,"campfire_upgraded":2,"win_rate":0,"timestamp":1557700554,"path_taken":["M","?","?","?","?","R","E","R","T","$","?","E","M","M","R","BOSS","M","?","?","M"],"build_version":"2019-01-23","purchased_purges":0,"victory":false,"max_hp_per_floor":[75,75,75,75,75,75,75,75,85,85,85,85,85,85,85,85,85,85,85,85,85],"card_choices":[{"not_picked":["Fusion","Ball Lightning"],"picked":"Sunder","floor":1},{"not_picked":["Barrage","Steam"],"picked":"Defragment","floor":3},{"not_picked":["Leap","Beam Cell"],"picked":"Redo","floor":7},{"not_picked":["Rip and Tear","Steam"],"picked":"Coolheaded","floor":12},{"not_picked":["Turbo","Compile Driver"],"picked":"Loop","floor":13},{"not_picked":["Sunder","Streamline"],"picked":"Defragment","floor":14},{"not_picked":["Meteor Strike","Thunder Strike"],"picked":"Machine Learning","floor":16},{"not_picked":[],"picked":"Hologram","floor":18}],"player_experience":538773,"relics_obtained":[{"floor":7,"key":"Tiny Chest"},{"floor":9,"key":"Pear"},{"floor":12,"key":"Gremlin Horn"},{"floor":20,"key":"Red Mask"}],"event_choices":[{"damage_healed":0,"gold_gain":0,"cards_transformed":["Strike_B"],"player_choice":"Transformed","damage_taken":0,"max_hp_gain":0,"max_hp_loss":0,"event_name":"Transmorgrifier","floor":2,"gold_loss":0,"cards_obtained":["Beam Cell"]},{"damage_healed":0,"gold_gain":175,"player_choice":"AGREE","damage_taken":0,"max_hp_gain":0,"max_hp_loss":0,"event_name":"Liars Game","floor":4,"gold_loss":0,"cards_obtained":["Doubt"]},{"cards_removed":["Doubt"],"damage_healed":0,"gold_gain":0,"player_choice":"Forget","damage_taken":0,"max_hp_gain":0,"max_hp_loss":0,"event_name":"Living Wall","floor":5,"gold_loss":0},{"damage_healed":0,"gold_gain":0,"player_choice":"Left Gold","damage_taken":0,"max_hp_gain":0,"max_hp_loss":0,"event_name":"World of Goop","floor":11,"gold_loss":1},{"damage_healed":0,"gold_gain":0,"player_choice":"Traded Relic","damage_taken":0,"relics_obtained":["Nloth\u0027s Gift"],"max_hp_gain":0,"max_hp_loss":0,"event_name":"N\u0027loth","floor":19,"relics_lost":["Pear"],"gold_loss":0},{"damage_healed":0,"gold_gain":0,"player_choice":"Fought Bandits","damage_taken":0,"max_hp_gain":0,"max_hp_loss":0,"event_name":"Masked Bandits","floor":20,"gold_loss":0}],"is_beta":false,"boss_relics":[{"not_picked":["Orrery","Calling Bell"],"picked":"Busted Crown"}],"items_purged_floors":[],"is_endless":false,"potions_floor_spawned":[1,13,18],"killed_by":"Chosen","ascension_level":9}