{"path_per_floor":["M","M","$","M","M","E","?","R","T","M","R","E","M","E","R","B",null,"M","?","M","M","?","R","E","R","T","?","M","R","$","?","R","B",null,"M","?","M","$","M","R","M","?","T","?","?","R","M","E","R"],"character_chosen":"IRONCLAD","items_purchased":[],"gold_per_floor":[113,124,49,64,84,116,116,116,116,127,127,158,176,204,204,300,300,313,313,324,344,344,344,376,376,376,376,390,390,290,290,290,392,392,407,407,423,298,315,315,335,335,335,435,435,435,450,481,481],"floor_reached":50,"campfire_rested":3,"playtime":1972,"current_hp_per_floor":[75,80,80,80,80,44,44,44,44,46,70,64,70,75,75,21,87,87,87,87,84,84,84,63,63,63,63,54,54,54,54,54,41,87,77,77,58,58,38,64,51,40,40,40,40,40,38,10,51],"items_purged":["Strike_R","Strike_R","Strike_R"],"gold":481,"score":486,"play_id":"21313e0d-3b64-41f5-b947-ef2420958adc","is_prod":false,"is_daily":false,"is_ascension_mode":false,"campfire_upgraded":7,"path_taken":["M","M","$","M","M","E","?","R","T","M","R","E","M","E","R","BOSS","M","?","M","M","?","R","E","R","T","?","M","R","$","?","R","BOSS","M","?","M","$","M","R","M","?","T","?","?","R","M","E","R","BOSS"],"build_version":"2018-02-23-BETA1","purchased_purges":3,"victory":false,"master_deck":["Strike_R","Strike_R","Defend_R","Defend_R","Bash+1","Clash+1","Dropkick+1","Clash+1","Dropkick","Clash+1","Clash+1","Clash+1","Clash+1","Madness+1","Madness"],"max_hp_per_floor":[80,80,80,80,80,80,80,80,80,80,80,80,80,87,87,87,87,87,87,87,87,87,87,87,87,87,87,87,87,87,87,87,87,87,87,87,87,87,87,87,87,87,87,87,87,87,87,87,87],"relics":["Burning Blood","Centennial Puzzle","Ice Cream","Dodecahedron","Strawberry","Orrery","Pen Nib","Self Forming Clay","Runic Cube","Magic Flower","Regal Pillow"],"card_choices":[{"not_picked":["Armaments","Twin Strike"],"picked":"Clash"},{"not_picked":["Inflame","Sever Soul"],"picked":"Dropkick"},{"not_picked":["Body Slam","Perfected Strike"],"picked":"Clash"},{"not_picked":["Armaments","Dual Wield"],"picked":"Dropkick"},{"not_picked":["Fiend Fire","Warcry"],"picked":"Clash"},{"not_picked":["Warcry","Perfected Strike"],"picked":"Clash"},{"not_picked":["Perfected Strike","Evolve"],"picked":"Clash"}],"player_experience":123141,"potions_floor_usage":[6,12,20,24,33,37,41,48,48,50],"damage_taken":[{"damage":11,"enemies":"Jaw Worm","floor":1,"turns":2},{"damage":0,"enemies":"Cultist","floor":2,"turns":3},{"damage":5,"enemies":"Small Slimes","floor":4,"turns":4},{"damage":4,"enemies":"Exordium Wildlife","floor":5,"turns":3},{"damage":42,"enemies":"3 Sentries","floor":6,"turns":13},{"damage":4,"enemies":"Blue Slaver","floor":10,"turns":3},{"damage":12,"enemies":"Gremlin Nob","floor":12,"turns":4},{"damage":0,"enemies":"Large Slime","floor":13,"turns":3},{"damage":8,"enemies":"Lagavulin","floor":14,"turns":3},{"damage":60,"enemies":"The Guardian","floor":16,"turns":8},{"damage":0,"enemies":"3 Byrds","floor":18,"turns":5},{"damage":0,"enemies":"Shell Parasite","floor":20,"turns":3},{"damage":9,"enemies":"3 Cultists","floor":21,"turns":5},{"damage":27,"enemies":"Slavers","floor":24,"turns":5},{"damage":15,"enemies":"Snecko","floor":28,"turns":3},{"damage":19,"enemies":"Champ","floor":33,"turns":5},{"damage":16,"enemies":"3 Shapes","floor":35,"turns":3},{"damage":25,"enemies":"Flame Bruiser 1 Orb","floor":37,"turns":3},{"damage":26,"enemies":"Maw","floor":39,"turns":4},{"damage":19,"enemies":"4 Shapes","floor":41,"turns":3},{"damage":11,"enemies":"Spire Growth","floor":47,"turns":2},{"damage":37,"enemies":"2 Orb Walkers","floor":48,"turns":4},{"damage":51,"enemies":"Time Eater","floor":50,"turns":3}],"event_choices":[{"event_name":"The Woman in Blue","player_choice":"Bought 0 Potions","floor":7,"damage_taken":0},{"event_name":"The Library","player_choice":"Read","floor":19,"damage_taken":0},{"event_name":"Back to Basics","player_choice":"Elegance","floor":22,"damage_taken":0},{"event_name":"Cursed Tome","player_choice":"Ignored","floor":27,"damage_taken":0},{"event_name":"Drug Dealer","player_choice":"Ignored","floor":31,"damage_taken":0},{"event_name":"Bonfire Elementals","player_choice":"BASIC","floor":36,"damage_taken":0},{"event_name":"Winding Halls","player_choice":"Embrace Madness","floor":42,"damage_taken":0},{"event_name":"Golden Shrine","player_choice":"Pray","floor":44,"damage_taken":0},{"event_name":"The Moai Head","player_choice":"Ignored","floor":45,"damage_taken":0}],"boss_relics":[{"not_picked":["Runic Pyramid","Black Blood"],"picked":"Orrery"},{"not_picked":["Mark of Pain","Tiny House"],"picked":"Runic Cube"}],"potions_floor_spawned":[5,6,12,13,24,33,39,41,47,48],"seed_played":"-6648056035378179662","killed_by":"Time Eater","ascension_level":0,"is_trial":false}