{"gold_per_floor":[119,132,146,69,80,80,111,111,111,111,130,155,173,158],"floor_reached":14,"playtime":325,"items_purged":[],"score":179,"play_id":"48de2c21-f675-4535-8515-cd28cde4981b","local_time":"20181015115854","is_ascension_mode":true,"campfire_choices":[{"data":"Sunder","floor":6,"key":"SMITH"},{"data":"Barrage","floor":8,"key":"SMITH"},{"data":"Zap","floor":10,"key":"SMITH"}],"neow_cost":"NONE","seed_source_timestamp":99417149643419,"circlet_count":0,"master_deck":["Strike_B","Strike_B","Strike_B","Strike_B","Defend_B","Defend_B","Defend_B","Defend_B","Zap+1","Dualcast","AscendersBane","Glacier","Barrage+1","Sunder+1","Capacitor","Conserve Battery","Barrage","Defragment"],"relics":["Cracked Core","Pantograph","Mercury Hourglass","Cables"],"potions_floor_usage":[12],"damage_taken":[{"damage":0,"enemies":"2 Louse","floor":1,"turns":3},{"damage":0,"enemies":"Jaw Worm","floor":2,"turns":4},{"damage":0,"enemies":"Cultist","floor":3,"turns":4},{"damage":5,"enemies":"Gremlin Gang","floor":5,"turns":4},{"damage":27,"enemies":"Gremlin Nob","floor":7,"turns":4},{"damage":9,"enemies":"3 Louse","floor":11,"turns":2},{"damage":4,"enemies":"Lagavulin","floor":12,"turns":7},{"damage":13,"enemies":"Blue Slaver","floor":13,"turns":2},{"damage":6,"enemies":"Exordium Thugs","floor":14,"turns":1}],"seed_played":"-2672211507979954179","potions_obtained":[{"floor":5,"key":"FocusPotion"},{"floor":7,"key":"Energy Potion"},{"floor":13,"key":"FocusPotion"}],"is_trial":false,"path_per_floor":["M","M","M","$","M","R","E","R","T","R","M","E","M"],"character_chosen":"DEFECT","items_purchased":["Sunder"],"campfire_rested":0,"item_purchase_floors":[4],"current_hp_per_floor":[64,64,64,64,59,59,32,32,32,32,23,19,6,0],"gold":158,"neow_bonus":"THREE_CARDS","is_prod":false,"is_daily":false,"chose_seed":false,"campfire_upgraded":3,"win_rate":0,"timestamp":1539615534,"path_taken":["M","M","M","$","M","R","E","R","T","R","M","E","M","M"],"build_version":"2018-07-12","purchased_purges":0,"victory":false,"max_hp_per_floor":[71,71,71,71,71,71,71,71,71,71,71,71,71,71],"card_choices":[{"not_picked":["Rebound","Barrage"],"picked":"Glacier","floor":0},{"not_picked":["Beam Cell","Turbo","Tempest"],"picked":"SKIP","floor":1},{"not_picked":["Tempest","Steam"],"picked":"Barrage","floor":2},{"not_picked":["Lockon","Gash","Steam"],"picked":"SKIP","floor":3},{"not_picked":["Go for the Eyes","Heatsinks","Streamline"],"picked":"SKIP","floor":5},{"not_picked":["Genetic Algorithm","Amplify"],"picked":"Capacitor","floor":7},{"not_picked":["Beam Cell","Compile Driver"],"picked":"Conserve Battery","floor":11},{"not_picked":["Go for the Eyes","Machine Learning"],"picked":"Barrage","floor":12},{"not_picked":["Genetic Algorithm","Doom and Gloom"],"picked":"Defragment","floor":13}],"player_experience":962881,"relics_obtained":[{"floor":7,"key":"Pantograph"},{"floor":9,"key":"Mercury Hourglass"},{"floor":12,"key":"Cables"}],"event_choices":[],"boss_relics":[],"items_purged_floors":[],"is_endless":false,"potions_floor_spawned":[5,7,11,13],"killed_by":"Exordium Thugs","ascension_level":15}