{"gold_per_floor":[116,136,40,40,54,86,11,42,42,62,62,212,231,306,306,378,378,392,392,392,392,34,34,66,66,66,94,94,106,118,138,138,215,215,226,226,101,113,19,45,45,55,55,90,102,39,83,112,124,136,148,160,172,20,54,54],"floor_reached":57,"playtime":4488,"items_purged":["Strike_R","Doubt","Strike_R"],"score":2922,"play_id":"6c1f4b25-ac96-477f-bf81-51f646a1f644","local_time":"20190320094639","is_ascension_mode":true,"campfire_choices":[{"data":"Forethought","floor":11.0,"key":"SMITH"},{"data":"Evolve","floor":15.0,"key":"SMITH"},{"floor":23.0,"key":"REST"},{"floor":25.0,"key":"REST"},{"data":"Burning Pact","floor":32.0,"key":"SMITH"},{"data":"Dark Embrace","floor":41.0,"key":"SMITH"},{"data":"Entrench","floor":45.0,"key":"SMITH"},{"floor":49.0,"key":"RECALL"},{"floor":53.0,"key":"DIG"}],"neow_cost":"TEN_PERCENT_HP_LOSS","seed_source_timestamp":0,"circlet_count":0,"master_deck":["AscendersBane","Defend_R","Defend_R","Defend_R","Defend_R","Barricade","Body Slam","Armaments+1","Forethought+1","Evolve+1","Havoc","Fiend Fire","Entrench+1","Burning Pact+1","Thinking Ahead","Battle Trance","Body Slam+1","Dark Embrace+1","Pommel Strike+1","Seeing Red","Discovery","Warcry+1","Sentinel+1","Offering"],"special_seed":0,"relics":["Burning Blood","Prayer Wheel","Gremlin Horn","Mercury Hourglass","Runic Pyramid","Shovel","Bag of Preparation","Runic Cube","Ice Cream","Strawberry","MawBank","Magic Flower","Self Forming Clay","Kunai"],"potions_floor_usage":[56],"damage_taken":[{"damage":0.0,"enemies":"2 Louse","floor":1.0,"turns":2.0},{"damage":7.0,"enemies":"Cultist","floor":2.0,"turns":4.0},{"damage":2.0,"enemies":"Jaw Worm","floor":5.0,"turns":3.0},{"damage":10.0,"enemies":"3 Sentries","floor":6.0,"turns":8.0},{"damage":59.0,"enemies":"Gremlin Nob","floor":8.0,"turns":5.0},{"damage":0.0,"enemies":"2 Fungi Beasts","floor":10.0,"turns":3.0},{"damage":11.0,"enemies":"Blue Slaver","floor":13.0,"turns":3.0},{"damage":0.0,"enemies":"Hexaghost","floor":16.0,"turns":27.0},{"damage":30.0,"enemies":"Shell Parasite","floor":18.0,"turns":3.0},{"damage":17.0,"enemies":"Colosseum Slavers","floor":19.0,"turns":5.0},{"damage":31.0,"enemies":"Book of Stabbing","floor":24.0,"turns":6.0},{"damage":20.0,"enemies":"Slavers","floor":27.0,"turns":3.0},{"damage":12.0,"enemies":"3 Byrds","floor":29.0,"turns":3.0},{"damage":0.0,"enemies":"Snecko","floor":30.0,"turns":5.0},{"damage":6.0,"enemies":"3 Cultists","floor":31.0,"turns":5.0},{"damage":14.0,"enemies":"Automaton","floor":33.0,"turns":7.0},{"damage":10.0,"enemies":"3 Shapes","floor":35.0,"turns":5.0},{"damage":0.0,"enemies":"3 Darklings","floor":38.0,"turns":3.0},{"damage":22.0,"enemies":"Reptomancer","floor":40.0,"turns":5.0},{"damage":0.0,"enemies":"Transient","floor":42.0,"turns":6.0},{"damage":0.0,"enemies":"Giant Head","floor":44.0,"turns":10.0},{"damage":13.0,"enemies":"Reptomancer","floor":47.0,"turns":2.0},{"damage":1.0,"enemies":"Writhing Mass","floor":48.0,"turns":6.0},{"damage":8.0,"enemies":"Time Eater","floor":50.0,"turns":5.0},{"damage":9.0,"enemies":"Awakened One","floor":51.0,"turns":8.0},{"damage":13.0,"enemies":"Shield and Spear","floor":55.0,"turns":5.0},{"damage":67,"enemies":"The Heart","floor":56,"turns":7}],"seed_played":"684191460789853845","potions_obtained":[{"floor":2.0,"key":"Swift Potion"},{"floor":5.0,"key":"PowerPotion"},{"floor":16.0,"key":"SpeedPotion"},{"floor":24.0,"key":"Weak Potion"},{"floor":27.0,"key":"AttackPotion"},{"floor":31.0,"key":"Ancient Potion"},{"floor":33.0,"key":"Ancient Potion"}],"is_trial":false,"path_per_floor":["M","M","$","?","M","E","$","E","T","M","R","?","M","?","R","B",null,"M","?","?","?","$","R","E","R","T","E","$","M","M","M","R","B",null,"M","?","$","M","$","E","R","M","T","E","R","?","E","M","R","B","B",null,"R","$","E","B",null],"character_chosen":"IRONCLAD","items_purchased":["Forethought","Thinking Ahead","AttackPotion","Discovery","Offering"],"campfire_rested":2,"item_purchase_floors":[3,22,22,39,54],"current_hp_per_floor":[68,67,67,67,68,64,64,11,11,17,17,17,12,1,1,7,53,29,18,18,18,18,38,13,33,33,19,19,13,19,19,19,11,54,50,50,50,56,56,40,40,46,53,59,59,59,52,60,60,61,61,72,72,72,68,10],"gold":54,"neow_bonus":"TRANSFORM_TWO_CARDS","is_prod":false,"is_daily":false,"chose_seed":false,"campfire_upgraded":5,"win_rate":0,"timestamp":1553046399,"path_taken":["M","M","$","?","?","E","$","E","T","M","R","?","M","?","R","BOSS","M","?","?","?","$","R","E","R","T","E","?","M","?","M","R","BOSS","M","?","$","M","$","E","R","M","T","E","R","?","E","M","R","BOSS","BOSS","R","$","E","BOSS"],"build_version":"2019-01-23","purchased_purges":3,"victory":true,"max_hp_per_floor":[68,68,68,68,68,68,68,68,68,68,68,68,68,68,68,68,68,68,68,68,68,68,68,68,68,68,68,68,68,68,68,68,68,68,68,68,68,68,68,68,68,68,75,75,75,75,75,75,75,75,75,75,75,75,75,75],"card_choices":[{"not_picked":["Anger","Reckless Charge"],"picked":"Body Slam","floor":1.0},{"not_picked":["Flex","Twin Strike"],"picked":"Armaments","floor":2.0},{"not_picked":["Corruption","Sword Boomerang"],"picked":"Evolve","floor":5.0},{"not_picked":["Rage","Heavy Blade","Thunderclap"],"picked":"SKIP","floor":6.0},{"not_picked":["Shrug It Off","Sentinel"],"picked":"Havoc","floor":8.0},{"not_picked":["Anger","True Grit"],"picked":"Fiend Fire","floor":10.0},{"not_picked":["Havoc","Intimidate"],"picked":"Entrench","floor":10.0},{"not_picked":["Cleave","Corruption","Metallicize"],"picked":"SKIP","floor":13.0},{"not_picked":["Armaments","Pommel Strike","Body Slam"],"picked":"SKIP","floor":13.0},{"not_picked":["Cleave","Corruption","Metallicize"],"picked":"SKIP","floor":13.0},{"not_picked":["Armaments","Pommel Strike","Body Slam"],"picked":"SKIP","floor":13.0},{"not_picked":["Cleave","Ghostly Armor"],"picked":"Burning Pact","floor":18.0},{"not_picked":["Whirlwind","Havoc","Warcry"],"picked":"SKIP","floor":18.0},{"not_picked":["Flex","Uppercut"],"picked":"Battle Trance","floor":24.0},{"not_picked":["Corruption","Ghostly Armor+1","Cleave"],"picked":"SKIP","floor":27.0},{"not_picked":["Clash","Iron Wave","Flame Barrier"],"picked":"SKIP","floor":29.0},{"not_picked":["Headbutt","Thunderclap","Searing Blow"],"picked":"SKIP","floor":29.0},{"not_picked":["Brutality","Reckless Charge","Sword Boomerang"],"picked":"SKIP","floor":30.0},{"not_picked":["Pommel Strike","Armaments","Clash+1"],"picked":"SKIP","floor":30.0},{"not_picked":["Reckless Charge","Sentinel"],"picked":"Body Slam+1","floor":31.0},{"not_picked":["Perfected Strike","Iron Wave","Warcry"],"picked":"SKIP","floor":31.0},{"not_picked":["Feed","Demon Form"],"picked":"Dark Embrace","floor":33.0},{"not_picked":["Shrug It Off+1","Iron Wave"],"picked":"Pommel Strike+1","floor":35.0},{"not_picked":["Searing Blow","Body Slam","Burning Pact"],"picked":"SKIP","floor":35.0},{"not_picked":["Pommel Strike","Battle Trance"],"picked":"Seeing Red","floor":38.0},{"not_picked":["Rampage","Anger","Perfected Strike"],"picked":"SKIP","floor":38.0},{"not_picked":["Body Slam","Flex","Warcry+1"],"picked":"SKIP","floor":40.0},{"not_picked":["Body Slam","Flex"],"picked":"Warcry+1","floor":40.0},{"not_picked":["Seeing Red","Heavy Blade","Blood for Blood"],"picked":"SKIP","floor":42.0},{"not_picked":["Shockwave","Iron Wave","Rage"],"picked":"SKIP","floor":42.0},{"not_picked":["Battle Trance+1","Sword Boomerang","Infernal Blade"],"picked":"SKIP","floor":44.0},{"not_picked":["Twin Strike","Bludgeon","Fiend Fire"],"picked":"SKIP","floor":47.0},{"not_picked":["Clash","Heavy Blade"],"picked":"Sentinel+1","floor":48.0},{"not_picked":["Anger","Cleave+1","Iron Wave"],"picked":"SKIP","floor":48.0},{"not_picked":["Cleave","Perfected Strike+1","Combust"],"picked":"SKIP","floor":55.0}],"player_experience":1287621,"relics_obtained":[{"floor":6.0,"key":"Prayer Wheel"},{"floor":8.0,"key":"Gremlin Horn"},{"floor":9.0,"key":"Mercury Hourglass"},{"floor":24.0,"key":"Shovel"},{"floor":27.0,"key":"Bag of Preparation"},{"floor":40.0,"key":"Ice Cream"},{"floor":43.0,"key":"Strawberry"},{"floor":44.0,"key":"MawBank"},{"floor":47.0,"key":"Magic Flower"},{"floor":53.0,"key":"Self Forming Clay"},{"floor":55.0,"key":"Kunai"}],"event_choices":[{"damage_healed":0.0,"max_hp_gain":0.0,"max_hp_loss":0.0,"gold_gain":0.0,"event_name":"Upgrade Shrine","player_choice":"Upgraded","floor":4.0,"gold_loss":0.0,"damage_taken":0.0,"cards_upgraded":["Armaments"]},{"damage_healed":0.0,"max_hp_gain":0.0,"max_hp_loss":0.0,"gold_gain":150.0,"event_name":"Liars Game","player_choice":"AGREE","floor":12.0,"gold_loss":0.0,"damage_taken":0.0,"cards_obtained":["Doubt"]},{"damage_healed":0.0,"max_hp_gain":0.0,"max_hp_loss":0.0,"gold_gain":75.0,"event_name":"World of Goop","player_choice":"Gather Gold","floor":14.0,"gold_loss":0.0,"damage_taken":11.0},{"damage_healed":0.0,"max_hp_gain":0.0,"max_hp_loss":0.0,"gold_gain":0.0,"event_name":"Colosseum","player_choice":"Fight","floor":19.0,"gold_loss":0.0,"damage_taken":0.0},{"damage_healed":0.0,"max_hp_gain":0.0,"max_hp_loss":0.0,"gold_gain":0.0,"event_name":"Colosseum","player_choice":"Fled From Nobs","floor":19.0,"gold_loss":0.0,"damage_taken":0.0},{"cards_removed":["Strike_R"],"damage_healed":0.0,"max_hp_gain":0.0,"max_hp_loss":0.0,"gold_gain":0.0,"event_name":"Back to Basics","player_choice":"Elegance","floor":20.0,"gold_loss":0.0,"damage_taken":0.0},{"damage_healed":0.0,"max_hp_gain":0.0,"max_hp_loss":0.0,"gold_gain":0.0,"event_name":"The Mausoleum","player_choice":"Ignored","floor":21.0,"gold_loss":0.0,"damage_taken":0.0},{"cards_removed":["Whirlwind"],"damage_healed":0.0,"max_hp_gain":0.0,"max_hp_loss":0.0,"gold_gain":0.0,"event_name":"Falling","player_choice":"Removed Attack","floor":36.0,"gold_loss":0.0,"damage_taken":0.0},{"cards_removed":["Bash"],"damage_healed":0.0,"max_hp_gain":0.0,"max_hp_loss":0.0,"gold_gain":0.0,"event_name":"Designer","player_choice":"Single Remove","floor":46.0,"gold_loss":75.0,"damage_taken":0.0}],"is_beta":false,"boss_relics":[{"not_picked":["Velvet Choker","Fusion Hammer"],"picked":"Runic Pyramid"},{"not_picked":["White Beast Statue","Black Blood"],"picked":"Runic Cube"}],"items_purged_floors":[7,22,37],"is_endless":false,"potions_floor_spawned":[2,5,16,24,27,31,33,35,38,47,48],"ascension_level":20}