{"gold_per_floor":[113,128,128,139,155,155,180,193,193,227,243,243,243,262,262,357,357,370,99,112,112],"floor_reached":21,"playtime":1022,"items_purged":["Defend_R"],"score":203,"play_id":"644dc100-64d6-4add-9cf4-b8cc81cbfdd4","local_time":"20190425164031","is_ascension_mode":true,"campfire_choices":[{"data":"Shrug It Off","floor":6,"key":"SMITH"},{"data":"Bash","floor":13,"key":"SMITH"},{"data":"Iron Wave","floor":15,"key":"SMITH"}],"neow_cost":"NONE","seed_source_timestamp":199421098749273,"circlet_count":0,"master_deck":["Strike_R","Strike_R","Strike_R","Strike_R","Strike_R","Defend_R","Defend_R","Defend_R","Bash+1","Iron Wave+1","Shrug It Off+1","Inflame","Rupture","Exhume","Iron Wave+1","Exhume","Second Wind","Havoc","Shrug It Off","Havoc"],"relics":["Burning Blood","Pen Nib","Blue Candle","Gremlin Horn","Bottled Flame","Orrery","Sling"],"potions_floor_usage":[5,16,16,18],"damage_taken":[{"damage":0,"enemies":"Small Slimes","floor":1,"turns":3},{"damage":6,"enemies":"Cultist","floor":2,"turns":3},{"damage":0,"enemies":"2 Louse","floor":4,"turns":3},{"damage":6,"enemies":"Lots of Slimes","floor":5,"turns":6},{"damage":21,"enemies":"Gremlin Nob","floor":7,"turns":4},{"damage":3,"enemies":"Large Slime","floor":8,"turns":7},{"damage":21,"enemies":"3 Sentries","floor":10,"turns":11},{"damage":10,"enemies":"Looter","floor":11,"turns":3},{"damage":3,"enemies":"Red Slaver","floor":14,"turns":4},{"damage":30,"enemies":"Slime Boss","floor":16,"turns":9},{"damage":31,"enemies":"3 Byrds","floor":18,"turns":9},{"damage":28,"enemies":"Spheric Guardian","floor":20,"turns":8},{"damage":15,"enemies":"Cultist and Chosen","floor":21,"turns":6}],"seed_played":"-3964466740233580710","potions_obtained":[{"floor":4,"key":"Block Potion"},{"floor":7,"key":"Weak Potion"},{"floor":8,"key":"Swift Potion"},{"floor":10,"key":"SteroidPotion"},{"floor":14,"key":"Energy Potion"},{"floor":18,"key":"Swift Potion"},{"floor":20,"key":"Explosive Potion"}],"is_trial":false,"path_per_floor":["M","M","?","M","M","R","E","M","T","E","M","?","R","M","R","B",null,"M","$","M","M"],"character_chosen":"IRONCLAD","items_purchased":["Sling"],"campfire_rested":0,"item_purchase_floors":[19],"current_hp_per_floor":[80,80,80,80,80,80,65,68,68,53,49,49,49,52,52,28,80,55,55,33,18],"gold":112,"neow_bonus":"RANDOM_COMMON_RELIC","is_prod":false,"is_daily":false,"chose_seed":false,"campfire_upgraded":3,"win_rate":0,"timestamp":1556228431,"path_taken":["M","M","?","?","M","R","E","M","T","E","M","?","R","M","R","BOSS","M","$","M","?"],"build_version":"2019-01-23","purchased_purges":1,"victory":false,"max_hp_per_floor":[80,80,80,80,80,80,80,80,80,80,80,80,80,80,80,80,80,80,80,80,80],"card_choices":[{"not_picked":["Cleave","Corruption","Thunderclap"],"picked":"SKIP","floor":1},{"not_picked":["Twin Strike","Rage"],"picked":"Iron Wave","floor":2},{"not_picked":["Body Slam","Fire Breathing"],"picked":"Shrug It Off","floor":4},{"not_picked":["Warcry","Sentinel","Havoc"],"picked":"SKIP","floor":5},{"not_picked":["Dark Embrace","Entrench"],"picked":"Inflame","floor":7},{"not_picked":["Seeing Red","Twin Strike"],"picked":"Rupture","floor":8},{"not_picked":["Seeing Red","Twin Strike","Cleave"],"picked":"SKIP","floor":10},{"not_picked":["Sword Boomerang","Pommel Strike","Havoc"],"picked":"SKIP","floor":11},{"not_picked":["Fire Breathing","Reaper"],"picked":"Iron Wave","floor":14},{"not_picked":["Bludgeon","Brutality"],"picked":"Exhume","floor":16},{"not_picked":["Body Slam","Anger"],"picked":"Second Wind","floor":17},{"not_picked":["Feel No Pain","Heavy Blade"],"picked":"Havoc","floor":17},{"not_picked":["Armaments","Sword Boomerang"],"picked":"Shrug It Off","floor":17},{"not_picked":["Rage","Anger","Whirlwind"],"picked":"SKIP","floor":18},{"not_picked":["Shrug It Off","Perfected Strike"],"picked":"Havoc","floor":20}],"player_experience":100059,"relics_obtained":[{"floor":7,"key":"Blue Candle"},{"floor":9,"key":"Gremlin Horn"},{"floor":10,"key":"Bottled Flame"}],"event_choices":[{"damage_healed":0,"gold_gain":0,"player_choice":"Upgraded","damage_taken":0,"max_hp_gain":0,"max_hp_loss":0,"event_name":"Upgrade Shrine","floor":3,"gold_loss":0,"cards_upgraded":["Iron Wave"]},{"damage_healed":0,"gold_gain":0,"player_choice":"1 cards matched","damage_taken":0,"max_hp_gain":0,"max_hp_loss":0,"event_name":"Match and Keep!","floor":12,"gold_loss":0,"cards_obtained":["Exhume"]}],"is_beta":false,"boss_relics":[{"not_picked":["White Beast Statue","Ectoplasm"],"picked":"Orrery"}],"items_purged_floors":[19],"is_endless":false,"potions_floor_spawned":[4,7,8,10,14,18,20],"killed_by":"Cultist and Chosen","ascension_level":1}