{"gold_per_floor":[212,229,229,154,167,17,17,36,36,55,55,68,68,80,80,80],"floor_reached":16,"playtime":475,"items_purged":[],"score":188,"play_id":"512e1c0f-b753-4ba8-9825-5661bb2648d8","local_time":"20190514121530","is_ascension_mode":true,"campfire_choices":[{"data":"True Grit","floor":7.0,"key":"SMITH"},{"data":"Bash","floor":11.0,"key":"SMITH"},{"data":"Inflame","floor":13,"key":"SMITH"},{"data":"Barricade","floor":15,"key":"SMITH"}],"neow_cost":"NONE","seed_source_timestamp":1651820523186526,"circlet_count":0,"master_deck":["AscendersBane","Strike_R","Strike_R","Strike_R","Strike_R","Defend_R","Defend_R","Defend_R","Defend_R","Bash+1","True Grit+1","Inflame+1","Barricade+1","Bloodletting","Disarm","Rampage+1"],"special_seed":0,"relics":["Burning Blood","Molten Egg 2"],"potions_floor_usage":[16],"damage_taken":[{"damage":14.0,"enemies":"Jaw Worm","floor":1.0,"turns":5.0},{"damage":2.0,"enemies":"2 Louse","floor":2.0,"turns":3.0},{"damage":1.0,"enemies":"Small Slimes","floor":5.0,"turns":8.0},{"damage":20.0,"enemies":"Gremlin Gang","floor":8.0,"turns":7.0},{"damage":35.0,"enemies":"Exordium Thugs","floor":10.0,"turns":7.0},{"damage":11,"enemies":"Blue Slaver","floor":12,"turns":6},{"damage":1,"enemies":"Exordium Wildlife","floor":14,"turns":4},{"damage":31,"enemies":"Hexaghost","floor":16,"turns":7}],"seed_played":"7017661150713292709","potions_obtained":[{"floor":2.0,"key":"SteroidPotion"},{"floor":12,"key":"LiquidBronze"},{"floor":14,"key":"Energy Potion"}],"is_trial":false,"path_per_floor":["M","M","?","?","M","$","R","M","T","M","R","M","R","M","R","B"],"character_chosen":"IRONCLAD","items_purchased":["Barricade"],"campfire_rested":0,"item_purchase_floors":[6],"current_hp_per_floor":[60,64,69,69,74,74,74,60,60,31,31,26,26,31,31,0],"gold":80,"neow_bonus":"HUNDRED_GOLD","is_prod":false,"is_daily":false,"chose_seed":false,"campfire_upgraded":4,"win_rate":0,"timestamp":1557807330,"path_taken":["M","M","?","?","M","$","R","M","T","M","R","M","R","M","R","BOSS"],"build_version":"2019-01-23","purchased_purges":0,"victory":false,"max_hp_per_floor":[75,75,80,80,80,80,80,80,80,80,80,80,80,80,80,80],"card_choices":[{"not_picked":["Havoc","Clothesline"],"picked":"True Grit","floor":1.0},{"not_picked":["Pommel Strike","Corruption"],"picked":"Inflame","floor":2.0},{"not_picked":["Anger","Iron Wave","Reckless Charge"],"picked":"SKIP","floor":5.0},{"not_picked":["Infernal Blade","Flex"],"picked":"Bloodletting","floor":8.0},{"not_picked":["Twin Strike+1","Shrug It Off"],"picked":"Disarm","floor":10.0},{"not_picked":["Perfected Strike+1","Iron Wave+1"],"picked":"Rampage+1","floor":12},{"not_picked":["Uppercut+1","Flex","Metallicize"],"picked":"SKIP","floor":14}],"player_experience":1964509,"relics_obtained":[{"floor":9.0,"key":"Molten Egg 2"}],"event_choices":[{"damage_healed":0.0,"max_hp_gain":5.0,"max_hp_loss":0.0,"gold_gain":0.0,"event_name":"Big Fish","player_choice":"Donut","floor":3.0,"gold_loss":0.0,"damage_taken":0.0},{"cards_removed":["Strike_R"],"damage_healed":0.0,"max_hp_gain":0.0,"max_hp_loss":0.0,"gold_gain":0.0,"event_name":"The Cleric","player_choice":"Card Removal","floor":4.0,"gold_loss":75.0,"damage_taken":0.0}],"is_beta":false,"boss_relics":[],"items_purged_floors":[],"is_endless":false,"potions_floor_spawned":[2,12,14],"killed_by":"Hexaghost","ascension_level":20}