{"gold_per_floor":[112,130,141,29,44,44,77,77,77,103,103,3,78,97,97,170,170,182,182,0,46,58,58,58,58,132,192,192,203,217,227,227,300,300,320,1319,595,606,606],"floor_reached":39,"playtime":1530,"items_purged":["Strike_B","Strike_B","Normality"],"score":893,"play_id":"7c5983e1-53e6-4a2b-9aa6-aae832dd8c05","local_time":"20190513105857","is_ascension_mode":true,"campfire_choices":[{"data":"Zap","floor":6,"key":"SMITH"},{"floor":8,"key":"REST"},{"data":"Defragment","floor":11,"key":"SMITH"},{"data":"Hologram","floor":15,"key":"SMITH"},{"floor":23,"key":"REST"},{"data":"Fission","floor":25,"key":"SMITH"},{"data":"Defragment","floor":28,"key":"SMITH"},{"data":"Loop","floor":32,"key":"SMITH"}],"neow_cost":"TEN_PERCENT_HP_LOSS","seed_source_timestamp":81466726046825,"circlet_count":0,"master_deck":["AscendersBane","Strike_B","Strike_B","Defend_B","Defend_B","Defend_B","Defend_B","Zap+1","Dualcast","Buffer","Chill","Coolheaded","Streamline","Doom and Gloom","Ball Lightning","Hologram+1","Defragment+1","Reinforced Body","Fission+1","Self Repair","Conserve Battery","Defragment+1","Creative AI","Loop+1","FTL+1","Echo Form","Normality","Dark Shackles","Loop","Go for the Eyes+1"],"relics":["Cracked Core","Pocketwatch","Molten Egg 2","Matryoshka","Philosopher\u0027s Stone","Nilry\u0027s Codex","Symbiotic Virus","Strawberry","Smiling Mask","Kunai","Tiny Chest","Inserter","Anchor","Incense Burner"],"potions_floor_usage":[7,7,27,30],"damage_taken":[{"damage":0,"enemies":"Cultist","floor":1,"turns":4},{"damage":2,"enemies":"Jaw Worm","floor":2,"turns":4},{"damage":0,"enemies":"2 Louse","floor":3,"turns":1},{"damage":4,"enemies":"Blue Slaver","floor":5,"turns":4},{"damage":33,"enemies":"Gremlin Nob","floor":7,"turns":4},{"damage":3,"enemies":"Lagavulin","floor":10,"turns":6},{"damage":6,"enemies":"Exordium Thugs","floor":14,"turns":3},{"damage":7,"enemies":"The Guardian","floor":16,"turns":10},{"damage":21,"enemies":"2 Thieves","floor":18,"turns":4},{"damage":6,"enemies":"3 Byrds","floor":22,"turns":6},{"damage":9,"enemies":"Slavers","floor":27,"turns":7},{"damage":15,"enemies":"Snecko","floor":29,"turns":7},{"damage":5,"enemies":"Centurion and Healer","floor":30,"turns":7},{"damage":0,"enemies":"Cultist and Chosen","floor":31,"turns":8},{"damage":46,"enemies":"Automaton","floor":33,"turns":9},{"damage":27,"enemies":"3 Darklings","floor":35,"turns":5},{"damage":22,"enemies":"Orb Walker","floor":38,"turns":5},{"damage":23,"enemies":"Transient","floor":39,"turns":3}],"seed_played":"-927340112108766118","potions_obtained":[{"floor":1,"key":"FearPotion"},{"floor":3,"key":"SneckoOil"},{"floor":7,"key":"LiquidBronze"},{"floor":10,"key":"Energy Potion"},{"floor":27,"key":"GamblersBrew"},{"floor":29,"key":"Regen Potion"},{"floor":35,"key":"PowerPotion"}],"is_trial":false,"path_per_floor":["M","M","M","$","M","R","E","R","T","E","R","$","?","M","R","B",null,"M","?","?","T","M","R","?","R","T","E","R","M","M","M","R","B",null,"M","?","$","M","M"],"character_chosen":"DEFECT","items_purchased":["Doom and Gloom","Anchor","Incense Burner","Dark Shackles","Loop"],"campfire_rested":2,"item_purchase_floors":[4,37,37,37,37],"current_hp_per_floor":[64,62,62,62,58,58,25,44,44,41,41,41,30,24,24,17,52,31,10,10,17,18,39,39,39,39,37,37,29,46,53,53,14,57,37,37,37,22,0],"gold":606,"neow_bonus":"THREE_RARE_CARDS","is_prod":false,"is_daily":false,"chose_seed":false,"campfire_upgraded":6,"win_rate":0,"timestamp":1557755937,"path_taken":["M","M","M","$","M","R","E","R","T","E","R","?","?","M","R","BOSS","M","?","?","?","?","R","?","R","T","E","R","M","M","M","R","BOSS","M","?","$","M","M"],"build_version":"2019-01-23","purchased_purges":3,"victory":false,"max_hp_per_floor":[64,64,64,64,64,64,64,64,64,64,64,64,64,64,64,64,64,64,64,64,71,71,71,71,71,71,71,71,71,71,71,71,71,71,71,71,71,71,71],"card_choices":[{"not_picked":["Amplify","Thunder Strike"],"picked":"Buffer","floor":0},{"not_picked":["White Noise","Fusion"],"picked":"Chill","floor":1},{"not_picked":["Redo","Lockon"],"picked":"Coolheaded","floor":2},{"not_picked":["Coolheaded","Consume"],"picked":"Streamline","floor":3},{"not_picked":["Reinforced Body","Steam Power"],"picked":"Ball Lightning","floor":5},{"not_picked":["Lockon","Force Field"],"picked":"Hologram","floor":7},{"not_picked":["Auto Shields","Streamline+1"],"picked":"Defragment","floor":10},{"not_picked":["Streamline+1","Reinforced Body","Buffer"],"picked":"SKIP","floor":14},{"not_picked":["Streamline+1","Buffer"],"picked":"Reinforced Body","floor":14},{"not_picked":["Amplify","Thunder Strike+1"],"picked":"Fission","floor":16},{"not_picked":["Barrage+1","Stack"],"picked":"Self Repair","floor":18},{"not_picked":["Gash+1","Beam Cell+1"],"picked":"Conserve Battery","floor":22},{"not_picked":["Sweeping Beam+1","Streamline+1"],"picked":"Defragment","floor":27},{"not_picked":["Force Field","Hello World"],"picked":"Creative AI","floor":29},{"not_picked":["Darkness","Defragment"],"picked":"Loop","floor":30},{"not_picked":["Conserve Battery","Hologram"],"picked":"FTL+1","floor":31},{"not_picked":["Hyperbeam+1","Buffer"],"picked":"Echo Form","floor":33},{"not_picked":["Sunder+1","Ball Lightning+1","Streamline+1"],"picked":"SKIP","floor":35},{"not_picked":["Reinforced Body","Sunder+1"],"picked":"Go for the Eyes+1","floor":38}],"player_experience":2316720,"relics_obtained":[{"floor":7,"key":"Pocketwatch"},{"floor":9,"key":"Molten Egg 2"},{"floor":10,"key":"Matryoshka"},{"floor":19,"key":"Nilry\u0027s Codex"},{"floor":21,"key":"Symbiotic Virus"},{"floor":21,"key":"Strawberry"},{"floor":26,"key":"Smiling Mask"},{"floor":26,"key":"Kunai"},{"floor":27,"key":"Tiny Chest"}],"event_choices":[{"damage_healed":0,"gold_gain":75,"player_choice":"Gather Gold","damage_taken":11,"max_hp_gain":0,"max_hp_loss":0,"event_name":"World of Goop","floor":13,"gold_loss":0},{"damage_healed":0,"gold_gain":0,"player_choice":"Obtained Book","damage_taken":21,"max_hp_gain":0,"max_hp_loss":0,"event_name":"Cursed Tome","floor":19,"gold_loss":0},{"damage_healed":0,"gold_gain":0,"player_choice":"Paid Fearfully","damage_taken":0,"max_hp_gain":0,"max_hp_loss":0,"event_name":"Masked Bandits","floor":20,"gold_loss":182},{"damage_healed":0,"gold_gain":0,"player_choice":"Ignored","damage_taken":0,"max_hp_gain":0,"max_hp_loss":0,"event_name":"The Mausoleum","floor":24,"gold_loss":0},{"damage_healed":0,"gold_gain":999,"player_choice":"Gold","damage_taken":0,"max_hp_gain":0,"max_hp_loss":0,"event_name":"MindBloom","floor":36,"gold_loss":0,"cards_obtained":["Normality","Normality"]}],"is_beta":false,"boss_relics":[{"not_picked":["Astrolabe","Runic Dome"],"picked":"Philosopher\u0027s Stone"},{"not_picked":["FrozenCore","Snecko Eye"],"picked":"Inserter"}],"items_purged_floors":[4,12,37],"is_endless":false,"potions_floor_spawned":[1,3,7,10,27,29,35],"killed_by":"Transient","ascension_level":20}