{"gold_per_floor":[115,115,136,159,178,212,212,253,307,307,341,356,356,321,321,449,449,462,4,4,19,19,19,44,44,44,44,69,85,7,26,26,125,125,136,151,151,162,162,162,177,177,177,177,188,207,207,207,207,207],"floor_reached":51,"playtime":1799,"items_purged":[],"score":959,"play_id":"c107b370-9095-42f0-8aae-8280b5b8f453","local_time":"20180804183304","is_ascension_mode":true,"campfire_choices":[{"data":"Zap","floor":7,"key":"SMITH"},{"floor":10,"key":"REST"},{"data":"Streamline","floor":13,"key":"SMITH"},{"data":"Dualcast","floor":15,"key":"SMITH"},{"data":"1","floor":23,"key":"LIFT"},{"floor":25,"key":"REST"},{"data":"Sunder","floor":27,"key":"SMITH"},{"data":"Machine Learning","floor":32,"key":"SMITH"},{"data":"2","floor":40,"key":"LIFT"},{"data":"3","floor":42,"key":"LIFT"},{"data":"Biased Cognition","floor":44,"key":"SMITH"},{"data":"Reinforced Body","floor":47,"key":"SMITH"},{"data":"Thinking Ahead","floor":49,"key":"SMITH"}],"neow_cost":"TEN_PERCENT_HP_LOSS","seed_source_timestamp":924140074240,"circlet_count":0,"master_deck":["Strike_B","Strike_B","Strike_B","Strike_B","Defend_B","Defend_B","Defend_B","Defend_B","Zap+1","Dualcast+1","Cold Snap","Streamline+1","Cold Snap","Sunder+1","Conserve Battery","Reinforced Body+1","Rip and Tear+1","Steam","Biased Cognition+1","Ball Lightning+1","Leap","Gash+1","Leap","BootSequence","Glacier","Machine Learning+1","Core Surge+1","Go for the Eyes+1","Gash+1","Stack","Auto Shields","Scrape+1","Sweeping Beam+1","Jack Of All Trades","Flash of Steel+1","Thinking Ahead+1"],"relics":["Cracked Core","Girya","Bloody Idol","Dream Catcher","Molten Egg 2","Vajra","DataDisk","Runic Dome","Sling","Shuriken","Incense Burner","Singing Bowl","Art of War","Orrery","Unceasing Top"],"potions_floor_usage":[8,16,24,24,50,50],"damage_taken":[{"damage":0,"enemies":"Small Slimes","floor":1,"turns":3},{"damage":2,"enemies":"Jaw Worm","floor":3,"turns":3},{"damage":0,"enemies":"2 Louse","floor":4,"turns":3},{"damage":1,"enemies":"Large Slime","floor":5,"turns":6},{"damage":5,"enemies":"3 Sentries","floor":6,"turns":6},{"damage":24,"enemies":"Lagavulin","floor":8,"turns":6},{"damage":14,"enemies":"Gremlin Nob","floor":11,"turns":3},{"damage":0,"enemies":"Blue Slaver","floor":12,"turns":3},{"damage":19,"enemies":"Hexaghost","floor":16,"turns":12},{"damage":0,"enemies":"Spheric Guardian","floor":18,"turns":3},{"damage":0,"enemies":"Shell Parasite","floor":21,"turns":4},{"damage":39,"enemies":"Slavers","floor":24,"turns":5},{"damage":14,"enemies":"Book of Stabbing","floor":28,"turns":5},{"damage":0,"enemies":"Cultist and Chosen","floor":29,"turns":3},{"damage":0,"enemies":"Centurion and Healer","floor":31,"turns":5},{"damage":36,"enemies":"Automaton","floor":33,"turns":10},{"damage":0,"enemies":"Orb Walker","floor":35,"turns":3},{"damage":36,"enemies":"3 Darklings","floor":36,"turns":7},{"damage":6,"enemies":"Maw","floor":38,"turns":9},{"damage":2,"enemies":"Sphere and 2 Shapes","floor":41,"turns":5},{"damage":0,"enemies":"Spire Growth","floor":45,"turns":5},{"damage":0,"enemies":"Maw","floor":46,"turns":7},{"damage":25,"enemies":"Awakened One","floor":50,"turns":12}],"seed_played":"8465118729119692572","potions_obtained":[{"floor":4,"key":"PowerPotion"},{"floor":5,"key":"SkillPotion"},{"floor":6,"key":"FocusPotion"},{"floor":11,"key":"FairyPotion"},{"floor":16,"key":"SkillPotion"},{"floor":29,"key":"Explosive Potion"},{"floor":33,"key":"Weak Potion"},{"floor":35,"key":"EssenceOfSteel"}],"is_trial":false,"path_per_floor":["M","?","M","M","M","E","R","E","T","R","E","M","R","?","R","B",null,"M","$","?","M","?","R","E","R","T","R","E","M","$","M","R","B",null,"M","M","?","M","?","R","M","R","T","R","M","M","R","?","R","B"],"character_chosen":"DEFECT","items_purchased":["Sling","Shuriken","Glacier"],"campfire_rested":2,"item_purchase_floors":[19,19,30],"current_hp_per_floor":[68,63,61,61,60,55,55,31,31,49,35,35,35,50,50,31,55,55,55,55,60,60,60,26,44,44,44,35,42,42,47,47,16,55,62,33,62,61,61,61,64,64,64,64,66,66,66,56,56,31],"gold":207,"neow_bonus":"ONE_RARE_RELIC","is_prod":false,"is_daily":false,"chose_seed":false,"campfire_upgraded":8,"win_rate":0,"timestamp":1533418384,"path_taken":["M","?","M","M","M","E","R","E","T","R","E","M","R","?","R","BOSS","M","$","?","M","?","R","E","R","T","R","E","M","$","M","R","BOSS","M","M","?","M","?","R","M","R","T","R","?","M","R","?","R","BOSS"],"build_version":"2018-07-12","purchased_purges":0,"victory":true,"max_hp_per_floor":[68,63,63,63,63,63,63,63,63,63,63,63,63,63,63,63,63,63,63,63,63,63,63,63,63,63,63,63,65,65,65,65,65,67,69,71,62,62,62,62,64,64,64,64,66,66,66,66,66,66],"card_choices":[{"not_picked":["Hello World","Fusion"],"picked":"Cold Snap","floor":1},{"not_picked":["Leap","Rip and Tear"],"picked":"Streamline","floor":3},{"not_picked":["Cold Snap","Coolheaded","Double Energy"],"picked":"SKIP","floor":4},{"not_picked":["Coolheaded","Double Energy"],"picked":"Cold Snap","floor":4},{"not_picked":["Compile Driver","Coolheaded"],"picked":"Sunder","floor":5},{"not_picked":["Lockon","Double Energy"],"picked":"Conserve Battery","floor":6},{"not_picked":["Rebound","Cold Snap"],"picked":"Reinforced Body","floor":8},{"not_picked":["Turbo","Hologram"],"picked":"Rip and Tear+1","floor":10},{"not_picked":["Multi-Cast","Aggregate"],"picked":"Steam","floor":11},{"not_picked":["Hologram","Streamline+1","Skim"],"picked":"SKIP","floor":12},{"not_picked":["Buffer","Rainbow"],"picked":"Biased Cognition","floor":16},{"not_picked":["Cold Snap+1","Conserve Battery"],"picked":"Ball Lightning+1","floor":18},{"not_picked":["Genetic Algorithm","Force Field"],"picked":"Leap","floor":21},{"not_picked":["Sweeping Beam+1","Loop"],"picked":"Gash+1","floor":24},{"not_picked":["Heatsinks+1","Streamline+1"],"picked":"Leap","floor":25},{"not_picked":["Genetic Algorithm","Chaos"],"picked":"BootSequence","floor":28},{"not_picked":["Rebound+1","Redo+1","Conserve Battery"],"picked":"Singing Bowl","floor":29},{"not_picked":["Blizzard+1","Sweeping Beam+1"],"picked":"Machine Learning","floor":31},{"not_picked":["Meteor Strike+1","Creative AI"],"picked":"Core Surge+1","floor":33},{"not_picked":["Heatsinks","Scrape+1"],"picked":"Go for the Eyes+1","floor":34},{"not_picked":["Coolheaded","Conserve Battery","Steam"],"picked":"Singing Bowl","floor":34},{"not_picked":["Rebound+1","Go for the Eyes+1"],"picked":"Gash+1","floor":34},{"not_picked":["Leap","Storm"],"picked":"Stack","floor":34},{"not_picked":["Cold Snap+1","Static Discharge+1"],"picked":"Auto Shields","floor":34},{"not_picked":["Ball Lightning+1","Conserve Battery","Force Field+1"],"picked":"Singing Bowl","floor":35},{"not_picked":["Turbo+1","Redo+1","Leap"],"picked":"Singing Bowl","floor":36},{"not_picked":["Meteor Strike+1","Rebound+1"],"picked":"Scrape+1","floor":38},{"not_picked":["Go for the Eyes+1","Steam","Ball Lightning+1"],"picked":"Singing Bowl","floor":41},{"not_picked":["Go for the Eyes+1","Hello World+1","Genetic Algorithm"],"picked":"Singing Bowl","floor":45},{"not_picked":["Turbo+1","Consume+1"],"picked":"Sweeping Beam+1","floor":46},{"not_picked":["Purity","Good Instincts"],"picked":"Jack Of All Trades","floor":48},{"not_picked":["Thinking Ahead","Swift Strike+1"],"picked":"Flash of Steel+1","floor":48},{"not_picked":["Secret Technique","Dramatic Entrance+1"],"picked":"Thinking Ahead","floor":48}],"player_experience":452436,"relics_obtained":[{"floor":6,"key":"Dream Catcher"},{"floor":8,"key":"Molten Egg 2"},{"floor":9,"key":"Vajra"},{"floor":11,"key":"DataDisk"},{"floor":24,"key":"Incense Burner"},{"floor":26,"key":"Singing Bowl"},{"floor":28,"key":"Art of War"},{"floor":43,"key":"Unceasing Top"}],"event_choices":[{"event_name":"Golden Idol","player_choice":"Lose Max HP","floor":2,"damage_taken":0},{"event_name":"The Cleric","player_choice":"Healed","floor":14,"damage_taken":0},{"event_name":"Forgotten Altar","player_choice":"Gave Idol","floor":20,"damage_taken":0},{"event_name":"Addict","player_choice":"Ignored","floor":22,"damage_taken":0},{"event_name":"The Moai Head","player_choice":"Heal","floor":37,"damage_taken":0},{"event_name":"The Lab","player_choice":"Got Potions","floor":39,"damage_taken":0},{"event_name":"SensoryStone","player_choice":"Memory 3","floor":48,"damage_taken":0}],"boss_relics":[{"not_picked":["Nuclear Battery","Tiny House"],"picked":"Runic Dome"},{"not_picked":["White Beast Statue","Pandora\u0027s Box"],"picked":"Orrery"}],"items_purged_floors":[],"is_endless":false,"potions_floor_spawned":[4,5,6,11,16,18,29,33,35,36,38],"ascension_level":7}