{"gold_per_floor":[117,135,135,152,152,152,180,180,180,215,225,225,235,252,252,324,324,338,368,368,368,368,402,427,439,451,463,500,201,217,228,228,303,303,322,332,38,48,60,60,88,106,106,136,136,136,30,50,50,50,50],"floor_reached":51,"playtime":2011,"items_purged":["Searing Blow"],"score":1439,"play_id":"88d7147c-9144-4e33-8b5a-61957c66fe78","local_time":"20190513114628","is_ascension_mode":true,"campfire_choices":[{"data":"Inflame","floor":6.0,"key":"SMITH"},{"data":"Bash","floor":8.0,"key":"SMITH"},{"data":"Battle Trance","floor":12.0,"key":"SMITH"},{"data":"Demon Form","floor":15.0,"key":"SMITH"},{"data":"Feed","floor":25.0,"key":"SMITH"},{"floor":27.0,"key":"REST"},{"data":"Shrug It Off","floor":32.0,"key":"SMITH"},{"floor":40.0,"key":"RECALL"},{"floor":46.0,"key":"REST"},{"data":"True Grit","floor":49.0,"key":"SMITH"}],"neow_cost":"NONE","seed_source_timestamp":83610943809163,"circlet_count":0,"master_deck":["AscendersBane","Bash+1","Inflame+1","Anger","Thunderclap","Battle Trance+1","Iron Wave","Demon Form+1","Flame Barrier","Shrug It Off+1","Feed+1","Battle Trance","Bite","Bite","Bite","Bite","Bite","Armaments+1","Corruption+1","Battle Trance+1","Disarm+1","Dark Embrace+1","Uppercut","Feel No Pain+1","Shrug It Off","Headbutt","True Grit+1","Impervious","Sword Boomerang+1","Dark Embrace+1","Shrug It Off","True Grit+1","Parasite","Sentinel"],"special_seed":0,"relics":["Burning Blood","Lantern","Turnip","Potion Belt","Cursed Key","Red Mask","MutagenicStrength","MawBank","Unceasing Top","Frozen Egg 2","Pandora\u0027s Box","Bag of Preparation","Molten Egg 2","Orichalcum"],"potions_floor_usage":[51],"damage_taken":[{"damage":7.0,"enemies":"Jaw Worm","floor":1.0,"turns":3.0},{"damage":4.0,"enemies":"2 Louse","floor":2.0,"turns":4.0},{"damage":0.0,"enemies":"Cultist","floor":4.0,"turns":3.0},{"damage":22.0,"enemies":"Lagavulin","floor":7.0,"turns":6.0},{"damage":8.0,"enemies":"Gremlin Nob","floor":10.0,"turns":3.0},{"damage":9.0,"enemies":"Red Slaver","floor":11.0,"turns":2.0},{"damage":16.0,"enemies":"Exordium Wildlife","floor":13.0,"turns":4.0},{"damage":14.0,"enemies":"Exordium Thugs","floor":14.0,"turns":4.0},{"damage":4.0,"enemies":"Hexaghost","floor":16.0,"turns":7.0},{"damage":6.0,"enemies":"Spheric Guardian","floor":18.0,"turns":4.0},{"damage":35.0,"enemies":"Masked Bandits","floor":19.0,"turns":5.0},{"damage":38.0,"enemies":"Slavers","floor":23.0,"turns":6.0},{"damage":9.0,"enemies":"2 Thieves","floor":24.0,"turns":4.0},{"damage":13.0,"enemies":"Gremlin Leader","floor":28.0,"turns":6.0},{"damage":0.0,"enemies":"Snake Plant","floor":30.0,"turns":4.0},{"damage":0.0,"enemies":"Centurion and Healer","floor":31.0,"turns":5.0},{"damage":70.0,"enemies":"Collector","floor":33.0,"turns":9.0},{"damage":19.0,"enemies":"3 Shapes","floor":35.0,"turns":9.0},{"damage":2.0,"enemies":"Orb Walker","floor":36.0,"turns":4.0},{"damage":21.0,"enemies":"Transient","floor":38.0,"turns":6.0},{"damage":0.0,"enemies":"Jaw Worm Horde","floor":39.0,"turns":4.0},{"damage":80.0,"enemies":"Reptomancer","floor":41.0,"turns":5.0},{"damage":7.0,"enemies":"4 Shapes","floor":42.0,"turns":6.0},{"damage":29.0,"enemies":"Giant Head","floor":44.0,"turns":6.0},{"damage":8.0,"enemies":"Writhing Mass","floor":48.0,"turns":8.0},{"damage":65.0,"enemies":"Time Eater","floor":50.0,"turns":12.0},{"damage":48,"enemies":"Awakened One","floor":51,"turns":4}],"seed_played":"4270713823261260781","potions_obtained":[{"floor":1.0,"key":"SteroidPotion"},{"floor":2.0,"key":"Swift Potion"},{"floor":14.0,"key":"FearPotion"},{"floor":16.0,"key":"SkillPotion"},{"floor":19.0,"key":"FearPotion"},{"floor":28.0,"key":"FearPotion"},{"floor":33.0,"key":"Poison Potion"},{"floor":36.0,"key":"SteroidPotion"},{"floor":39.0,"key":"PowerPotion"},{"floor":41.0,"key":"PowerPotion"},{"floor":48.0,"key":"SpeedPotion"}],"is_trial":false,"path_per_floor":["M","M","?","M","?","R","E","R","T","E","M","R","M","M","R","B",null,"M","?","?","?","T","E","M","R","T","R","E","$","M","M","R","B",null,"M","M","$","M","M","R","E","M","T","E","?","R","$","M","R","B","B"],"character_chosen":"IRONCLAD","items_purchased":["Frozen Egg 2","Corruption+1","Bag of Preparation","Shrug It Off","Shrug It Off","True Grit"],"campfire_rested":2,"item_purchase_floors":[29,29,37,37,47,47],"current_hp_per_floor":[67,69,46,52,52,52,36,36,36,34,31,31,21,13,13,15,60,63,37,37,37,37,22,30,30,30,48,55,55,66,66,66,24,56,58,68,68,69,74,74,10,31,31,24,24,47,47,66,66,21,0],"gold":50,"neow_bonus":"RANDOM_COMMON_RELIC","is_prod":false,"is_daily":false,"chose_seed":false,"campfire_upgraded":7,"win_rate":0,"timestamp":1557758788,"path_taken":["M","M","?","M","?","R","E","R","T","E","M","R","M","M","R","BOSS","M","?","?","?","?","E","M","R","T","R","E","$","M","?","R","BOSS","M","M","$","M","M","R","E","M","T","E","?","R","$","M","R","BOSS","BOSS"],"build_version":"2019-01-23","purchased_purges":1,"victory":false,"max_hp_per_floor":[75,75,75,75,75,75,75,75,75,75,75,75,75,75,75,75,75,78,81,81,56,56,59,62,62,62,62,62,62,66,66,66,66,66,70,70,70,70,74,74,74,78,78,78,78,78,78,82,82,82,82],"card_choices":[{"not_picked":["Blood for Blood","Bloodletting"],"picked":"Inflame","floor":1.0},{"not_picked":["Wild Strike","Body Slam"],"picked":"Anger","floor":2.0},{"not_picked":["Second Wind","Fire Breathing"],"picked":"Thunderclap","floor":4.0},{"not_picked":["Iron Wave","Sword Boomerang"],"picked":"Battle Trance","floor":7.0},{"not_picked":["Uppercut","Clash"],"picked":"Iron Wave","floor":10.0},{"not_picked":["Dual Wield","Blood for Blood"],"picked":"Demon Form","floor":11.0},{"not_picked":["Power Through","Perfected Strike"],"picked":"Flame Barrier","floor":13.0},{"not_picked":["Intimidate","Clash"],"picked":"Shrug It Off","floor":14.0},{"not_picked":["Fiend Fire","Juggernaut"],"picked":"Feed","floor":16.0},{"not_picked":["Warcry","Thunderclap+1"],"picked":"Battle Trance","floor":18.0},{"not_picked":["Headbutt","Anger"],"picked":"Armaments+1","floor":23.0},{"not_picked":["Anger","Bludgeon","Havoc+1"],"picked":"SKIP","floor":24.0},{"not_picked":["Searing Blow","Sentinel","Seeing Red"],"picked":"SKIP","floor":28.0},{"not_picked":["Iron Wave","Rage"],"picked":"Battle Trance+1","floor":30.0},{"not_picked":["Infernal Blade+1","Power Through"],"picked":"Disarm+1","floor":31.0},{"not_picked":["Fiend Fire","Demon Form+1"],"picked":"Dark Embrace+1","floor":33.0},{"not_picked":["Rage","Rupture+1","Thunderclap"],"picked":"SKIP","floor":35.0},{"not_picked":["Rage","Cleave","Iron Wave"],"picked":"SKIP","floor":36.0},{"not_picked":["Iron Wave+1","Headbutt","Armaments"],"picked":"SKIP","floor":38.0},{"not_picked":["Iron Wave+1","Armaments"],"picked":"Headbutt","floor":38.0},{"not_picked":["Anger","Pommel Strike"],"picked":"True Grit+1","floor":39.0},{"not_picked":["Pommel Strike","Shrug It Off+1"],"picked":"Impervious","floor":41.0},{"not_picked":["Wild Strike+1","Pommel Strike+1"],"picked":"Sword Boomerang+1","floor":42.0},{"not_picked":["Hemokinesis+1","Anger+1"],"picked":"Dark Embrace+1","floor":44.0},{"not_picked":["Sentinel","Thunderclap+1","Body Slam+1"],"picked":"SKIP","floor":48.0},{"not_picked":["Thunderclap+1","Body Slam+1"],"picked":"Sentinel","floor":48.0}],"player_experience":2318250,"relics_obtained":[{"floor":7.0,"key":"Turnip"},{"floor":10.0,"key":"Potion Belt"},{"floor":19.0,"key":"Red Mask"},{"floor":23.0,"key":"MawBank"},{"floor":28.0,"key":"Unceasing Top"},{"floor":41.0,"key":"Molten Egg 2"},{"floor":44.0,"key":"Orichalcum"}],"event_choices":[{"damage_healed":0.0,"max_hp_gain":0.0,"max_hp_loss":0.0,"gold_gain":0.0,"event_name":"Shining Light","player_choice":"Entered Light","floor":3.0,"gold_loss":0.0,"damage_taken":23.0,"cards_upgraded":["Defend_R","Strike_R"]},{"damage_healed":0.0,"max_hp_gain":0.0,"max_hp_loss":0.0,"gold_gain":0.0,"event_name":"Liars Game","player_choice":"Ignored","floor":5.0,"gold_loss":0.0,"damage_taken":0.0},{"damage_healed":0.0,"max_hp_gain":0.0,"max_hp_loss":0.0,"gold_gain":0.0,"event_name":"Masked Bandits","player_choice":"Fought Bandits","floor":19.0,"gold_loss":0.0,"damage_taken":0.0},{"damage_healed":0.0,"max_hp_gain":0.0,"max_hp_loss":0.0,"gold_gain":0.0,"event_name":"Drug Dealer","player_choice":"Inject Mutagens","floor":20.0,"gold_loss":0.0,"damage_taken":0.0,"relics_obtained":["MutagenicStrength"]},{"damage_healed":0.0,"max_hp_gain":0.0,"max_hp_loss":25.0,"gold_gain":0.0,"event_name":"Vampires","player_choice":"Became a vampire","floor":21.0,"gold_loss":0.0,"damage_taken":0.0,"cards_obtained":["Bite","Bite","Bite","Bite","Bite"]},{"cards_removed":["Searing Blow"],"damage_healed":0.0,"max_hp_gain":0.0,"max_hp_loss":0.0,"gold_gain":0.0,"event_name":"Purifier","player_choice":"Purged","floor":45.0,"gold_loss":0.0,"damage_taken":0.0}],"is_beta":false,"boss_relics":[{"not_picked":["Calling Bell","Black Blood"],"picked":"Cursed Key"},{"not_picked":["Snecko Eye","Philosopher\u0027s Stone"],"picked":"Pandora\u0027s Box"}],"items_purged_floors":[37],"is_endless":false,"potions_floor_spawned":[1,2,4,14,16,19,28,33,36,39,41,48],"killed_by":"Awakened One","ascension_level":20}