{"gold_per_floor":[369,387,107,117,130,130,155,167,205,217,229,265,277,289,301,418,430,452,374,401,413,453,493,505,545,557,177,177,177,177,188,188,188],"floor_reached":33,"playtime":794,"items_purged":["Shame","Pain"],"score":332,"play_id":"5031d3be-1654-4db9-a4e8-49dfffd821b3","local_time":"20190426112211","is_ascension_mode":true,"campfire_choices":[{"data":"Perfected Strike","floor":6,"key":"SMITH"},{"data":"Perfected Strike","floor":8,"key":"SMITH"},{"data":"Perfected Strike","floor":10,"key":"SMITH"},{"data":"Bash","floor":13,"key":"SMITH"},{"data":"Strike_R","floor":15,"key":"SMITH"},{"data":"Perfected Strike","floor":24,"key":"SMITH"},{"data":"Apotheosis","floor":28,"key":"SMITH"},{"floor":32,"key":"REST"}],"neow_cost":"CURSE","seed_source_timestamp":266985769300847,"circlet_count":0,"master_deck":["Strike_R+1","Strike_R","Strike_R","Strike_R+1","Strike_R","Defend_R+1","Defend_R+1","Defend_R","Bash+1","Perfected Strike+1","Perfected Strike+1","Perfected Strike+1","Twin Strike","Perfected Strike+1","Apotheosis+1","Perfected Strike+1","Warcry+1"],"relics":["Burning Blood","Membership Card","MawBank","PreservedInsect","Odd Mushroom","Cursed Key","Red Mask","War Paint","Gambling Chip","Matryoshka","DollysMirror","Girya","MutagenicStrength","Nilry\u0027s Codex"],"potions_floor_usage":[5,12,22,23,33],"damage_taken":[{"damage":21,"enemies":"Jaw Worm","floor":1,"turns":4},{"damage":9,"enemies":"2 Louse","floor":2,"turns":3},{"damage":0,"enemies":"Small Slimes","floor":4,"turns":3},{"damage":0,"enemies":"2 Fungi Beasts","floor":5,"turns":2},{"damage":26,"enemies":"Lagavulin","floor":7,"turns":7},{"damage":4,"enemies":"The Mushroom Lair","floor":12,"turns":3},{"damage":45,"enemies":"The Guardian","floor":16,"turns":8},{"damage":12,"enemies":"Chosen","floor":18,"turns":2},{"damage":12,"enemies":"3 Byrds","floor":20,"turns":4},{"damage":21,"enemies":"Masked Bandits","floor":22,"turns":3},{"damage":23,"enemies":"Gremlin Leader","floor":23,"turns":3},{"damage":3,"enemies":"Slavers","floor":25,"turns":3},{"damage":0,"enemies":"3 Cultists","floor":31,"turns":3},{"damage":64,"enemies":"Champ","floor":33,"turns":5}],"seed_played":"311322370774343034","potions_obtained":[{"floor":1,"key":"SteroidPotion"},{"floor":4,"key":"Energy Potion"},{"floor":5,"key":"SkillPotion"},{"floor":16,"key":"Fire Potion"},{"floor":18,"key":"LiquidBronze"},{"floor":20,"key":"Ancient Potion"}],"is_trial":false,"path_per_floor":["M","M","$","M","M","R","E","R","T","R","?","?","R","?","R","B",null,"M","?","M","?","?","E","R","E","T","$","R","?","?","M","R","B"],"character_chosen":"IRONCLAD","items_purchased":["Membership Card","Apotheosis","DollysMirror","Girya"],"campfire_rested":1,"item_purchase_floors":[3,27,27,27],"current_hp_per_floor":[65,62,62,68,74,74,54,54,54,54,80,80,80,80,80,41,80,74,74,68,68,53,36,36,39,39,39,39,39,23,29,53,0],"gold":188,"neow_bonus":"TWO_FIFTY_GOLD","is_prod":false,"is_daily":false,"chose_seed":false,"campfire_upgraded":7,"win_rate":0,"timestamp":1556295731,"path_taken":["M","M","$","M","M","R","E","R","T","R","?","?","R","?","R","BOSS","M","?","?","?","?","E","R","E","T","$","R","?","?","?","R","BOSS"],"build_version":"2019-01-23","purchased_purges":2,"victory":false,"max_hp_per_floor":[80,80,80,80,80,80,80,80,80,80,80,80,80,80,80,80,80,80,80,80,80,80,80,80,80,80,80,80,80,80,80,80,80],"card_choices":[{"not_picked":["Pommel Strike","True Grit"],"picked":"Perfected Strike","floor":1},{"not_picked":["Rampage","Clash"],"picked":"Perfected Strike","floor":2},{"not_picked":["Rupture","Heavy Blade"],"picked":"Perfected Strike","floor":4},{"not_picked":["Anger","Heavy Blade","Iron Wave"],"picked":"SKIP","floor":5},{"not_picked":["Body Slam","Barricade","Anger"],"picked":"SKIP","floor":7},{"not_picked":["Sever Soul","Headbutt"],"picked":"Twin Strike","floor":18},{"not_picked":["Hemokinesis","Body Slam"],"picked":"Perfected Strike","floor":20},{"not_picked":["Clothesline+1","Body Slam","Rupture+1"],"picked":"SKIP","floor":23},{"not_picked":["Havoc","Clothesline+1","Bludgeon"],"picked":"SKIP","floor":25},{"not_picked":["Headbutt","Fire Breathing+1"],"picked":"Warcry+1","floor":31}],"player_experience":105679,"relics_obtained":[{"floor":7,"key":"MawBank"},{"floor":9,"key":"PreservedInsect"},{"floor":12,"key":"Odd Mushroom"},{"floor":22,"key":"Red Mask"},{"floor":23,"key":"War Paint"},{"floor":25,"key":"Gambling Chip"},{"floor":26,"key":"Matryoshka"},{"floor":30,"key":"Nilry\u0027s Codex"}],"event_choices":[{"damage_healed":26,"gold_gain":0,"player_choice":"Banana","damage_taken":0,"max_hp_gain":0,"max_hp_loss":0,"event_name":"Big Fish","floor":11,"gold_loss":0},{"damage_healed":0,"gold_gain":0,"player_choice":"Fought Mushrooms","damage_taken":0,"max_hp_gain":0,"max_hp_loss":0,"event_name":"Mushrooms","floor":12,"gold_loss":0},{"damage_healed":0,"gold_gain":0,"player_choice":"Ignored","damage_taken":0,"max_hp_gain":0,"max_hp_loss":0,"event_name":"Liars Game","floor":14,"gold_loss":0},{"cards_removed":["Defend_R"],"damage_healed":0,"gold_gain":0,"player_choice":"Upgrade and Remove","damage_taken":0,"max_hp_gain":0,"max_hp_loss":0,"event_name":"Designer","floor":19,"gold_loss":90,"cards_upgraded":["Strike_R"]},{"damage_healed":0,"gold_gain":0,"player_choice":"Ignored","damage_taken":0,"max_hp_gain":0,"max_hp_loss":0,"event_name":"Ghosts","floor":21,"gold_loss":0},{"damage_healed":0,"gold_gain":0,"player_choice":"Fought Bandits","damage_taken":0,"max_hp_gain":0,"max_hp_loss":0,"event_name":"Masked Bandits","floor":22,"gold_loss":0},{"damage_healed":0,"gold_gain":0,"player_choice":"Inject Mutagens","damage_taken":0,"relics_obtained":["MutagenicStrength"],"max_hp_gain":0,"max_hp_loss":0,"event_name":"Drug Dealer","floor":29,"gold_loss":0},{"damage_healed":0,"gold_gain":0,"player_choice":"Obtained Book","damage_taken":16,"max_hp_gain":0,"max_hp_loss":0,"event_name":"Cursed Tome","floor":30,"gold_loss":0}],"is_beta":false,"boss_relics":[{"not_picked":["Calling Bell","Black Blood"],"picked":"Cursed Key"}],"items_purged_floors":[3,27],"is_endless":false,"potions_floor_spawned":[1,4,5,16,18,20],"killed_by":"Champ","ascension_level":2}