{"gold_per_floor":[112,112,44,62,81,81,91,91,118,146,146,5,0,26,26,99,99,110,32,32,32,32,60,60,75,75,75,86,96,96,124,124,201,201,221,221,30,42,60,60,87,87,158,183,183,196,196,210,210,210],"floor_reached":51,"playtime":1770,"items_purged":[],"score":1327,"play_id":"e5fb9fef-b593-4c51-b712-095d605416fa","local_time":"20180830114243","is_ascension_mode":true,"campfire_choices":[{"data":"Zap","floor":6,"key":"SMITH"},{"data":"Consume","floor":8,"key":"SMITH"},{"data":"Defragment","floor":11,"key":"SMITH"},{"data":"Capacitor","floor":15,"key":"SMITH"},{"floor":24,"key":"REST"},{"data":"Defragment","floor":27,"key":"SMITH"},{"floor":30,"key":"REST"},{"floor":32,"key":"REST"},{"floor":40,"key":"REST"},{"floor":42,"key":"REST"},{"floor":45,"key":"REST"},{"floor":49,"key":"REST"}],"neow_cost":"NONE","seed_source_timestamp":170500479148871,"circlet_count":0,"master_deck":["Strike_B","Strike_B","Strike_B","Defend_B","Defend_B","Defend_B","Defend_B","Zap+1","Dualcast","AscendersBane","Sunder+1","Capacitor+1","Steam","Cold Snap","Consume+1","Defragment+1","Ball Lightning","Conserve Battery","Loop","Hologram","Seek","Compile Driver","Defragment+1","Cold Snap","Barrage","Echo Form+1","Auto Shields+1","Creative AI+1","Double Energy","Hologram","Cold Snap","Stack","Storm+1","Core Surge","Cold Snap","Skim"],"relics":["Cracked Core","NeowsBlessing","Vajra","DataDisk","Happy Flower","Cursed Key","Frozen Egg 2","Regal Pillow","Inserter","Du-Vu Doll","Mummified Hand","Oddly Smooth Stone"],"potions_floor_usage":[14,31,33,33,38,46,50,50],"damage_taken":[{"damage":0,"enemies":"Jaw Worm","floor":1,"turns":1},{"damage":0,"enemies":"Cultist","floor":4,"turns":1},{"damage":0,"enemies":"Small Slimes","floor":5,"turns":1},{"damage":1,"enemies":"2 Fungi Beasts","floor":7,"turns":3},{"damage":9,"enemies":"Lagavulin","floor":10,"turns":7},{"damage":13,"enemies":"Gremlin Nob","floor":14,"turns":3},{"damage":26,"enemies":"Hexaghost","floor":16,"turns":8},{"damage":6,"enemies":"Shell Parasite","floor":18,"turns":5},{"damage":12,"enemies":"Book of Stabbing","floor":23,"turns":6},{"damage":22,"enemies":"2 Thieves","floor":25,"turns":3},{"damage":16,"enemies":"Centurion and Healer","floor":28,"turns":6},{"damage":8,"enemies":"Snecko","floor":29,"turns":5},{"damage":30,"enemies":"Slavers","floor":31,"turns":6},{"damage":17,"enemies":"Collector","floor":33,"turns":9},{"damage":9,"enemies":"Flame Bruiser 1 Orb","floor":35,"turns":6},{"damage":8,"enemies":"3 Darklings","floor":38,"turns":5},{"damage":10,"enemies":"Maw","floor":39,"turns":8},{"damage":27,"enemies":"Nemesis","floor":41,"turns":7},{"damage":28,"enemies":"Giant Head","floor":44,"turns":6},{"damage":15,"enemies":"4 Shapes","floor":46,"turns":5},{"damage":14,"enemies":"Sphere and 2 Shapes","floor":48,"turns":4},{"damage":42,"enemies":"Time Eater","floor":50,"turns":8}],"seed_played":"-7016906472901291332","potions_obtained":[{"floor":1,"key":"FocusPotion"},{"floor":7,"key":"FearPotion"},{"floor":14,"key":"SmokeBomb"},{"floor":23,"key":"EssenceOfSteel"},{"floor":31,"key":"Block Potion"},{"floor":35,"key":"GamblersBrew"},{"floor":44,"key":"Dexterity Potion"},{"floor":48,"key":"Dexterity Potion"}],"is_trial":false,"path_per_floor":["M","?","$","M","M","R","M","R","T","E","R","$","?","E","R","B",null,"M","$","?","?","?","E","R","M","T","R","M","M","R","E","R","B",null,"M","$","$","M","M","R","E","R","T","E","R","M","?","M","R","B"],"character_chosen":"DEFECT","items_purchased":["Capacitor","Ball Lightning","Conserve Battery","Loop","Defragment","Double Energy","Hologram","GamblersBrew"],"campfire_rested":7,"item_purchase_floors":[3,12,12,12,19,37,37,37],"current_hp_per_floor":[64,64,64,64,64,64,63,63,63,54,54,54,54,41,41,15,57,51,51,51,51,51,39,60,38,38,38,22,14,35,5,41,24,59,50,50,50,42,32,68,41,71,71,43,71,56,56,42,71,29],"gold":210,"neow_bonus":"THREE_ENEMY_KILL","is_prod":false,"is_daily":false,"chose_seed":false,"campfire_upgraded":5,"win_rate":0,"timestamp":1535640163,"path_taken":["M","?","$","M","?","R","?","R","T","E","R","$","?","E","R","BOSS","M","$","?","?","?","E","R","M","T","R","?","M","R","E","R","BOSS","M","?","$","M","M","R","E","R","T","E","R","M","?","M","R","BOSS"],"build_version":"2018-07-12","purchased_purges":0,"victory":true,"max_hp_per_floor":[71,71,71,71,71,71,71,71,71,71,71,71,71,71,71,71,71,71,71,71,71,71,71,71,71,71,71,71,71,71,71,71,71,71,71,71,71,71,71,71,71,71,71,71,71,71,71,71,71,71],"card_choices":[{"not_picked":["Cold Snap","Hello World"],"picked":"Sunder","floor":1},{"not_picked":["Heatsinks","Aggregate"],"picked":"Steam","floor":4},{"not_picked":["Leap","Sweeping Beam"],"picked":"Cold Snap","floor":5},{"not_picked":["Leap","Sunder"],"picked":"Consume","floor":7},{"not_picked":["Sweeping Beam","Hologram"],"picked":"Defragment","floor":10},{"not_picked":["Reinforced Body","White Noise"],"picked":"Hologram","floor":14},{"not_picked":["Machine Learning","Buffer"],"picked":"Seek","floor":16},{"not_picked":["Turbo","Go for the Eyes"],"picked":"Compile Driver","floor":18},{"not_picked":["Sweeping Beam","Go for the Eyes"],"picked":"Cold Snap","floor":23},{"not_picked":["Force Field+1","Beam Cell","Chaos"],"picked":"SKIP","floor":25},{"not_picked":["BootSequence","Coolheaded"],"picked":"Barrage","floor":28},{"not_picked":["Scrape","Leap"],"picked":"Echo Form+1","floor":29},{"not_picked":["Aggregate","Storm+1"],"picked":"Auto Shields+1","floor":31},{"not_picked":["Rainbow","Thunder Strike"],"picked":"Creative AI+1","floor":33},{"not_picked":["Beam Cell","Streamline","Rebound+1"],"picked":"SKIP","floor":35},{"not_picked":["Heatsinks+1","Sweeping Beam"],"picked":"Cold Snap","floor":38},{"not_picked":["Cold Snap","Capacitor+1"],"picked":"Stack","floor":39},{"not_picked":["Genetic Algorithm","Cold Snap"],"picked":"Storm+1","floor":41},{"not_picked":["White Noise","Hologram"],"picked":"Core Surge","floor":44},{"not_picked":["Beam Cell","Gash+1"],"picked":"Cold Snap","floor":46},{"not_picked":["Redo+1","Turbo"],"picked":"Skim","floor":48}],"player_experience":761859,"relics_obtained":[{"floor":9,"key":"Vajra"},{"floor":10,"key":"DataDisk"},{"floor":14,"key":"Happy Flower"},{"floor":23,"key":"Frozen Egg 2"},{"floor":31,"key":"Regal Pillow"},{"floor":41,"key":"Du-Vu Doll"},{"floor":43,"key":"Mummified Hand"},{"floor":44,"key":"Oddly Smooth Stone"}],"event_choices":[{"event_name":"Living Wall","player_choice":"Grow","floor":2,"damage_taken":0},{"event_name":"World of Goop","player_choice":"Left","floor":13,"damage_taken":0},{"event_name":"Vampires","player_choice":"Ignored","floor":20,"damage_taken":0},{"event_name":"Purifier","player_choice":"One Purge","floor":21,"damage_taken":0},{"event_name":"Cursed Tome","player_choice":"Ignored","floor":22,"damage_taken":0},{"event_name":"Wheel of Change","player_choice":"Card Removal","floor":47,"damage_taken":0}],"boss_relics":[{"not_picked":["Eternal Feather","Philosopher\u0027s Stone"],"picked":"Cursed Key"},{"not_picked":["Snecko Eye","Sozu"],"picked":"Inserter"}],"items_purged_floors":[],"is_endless":false,"potions_floor_spawned":[1,7,14,16,23,25,29,31,35,44,48],"ascension_level":15}