{"gold_per_floor":[118,118,118,134,152,152,184,184,184,17,17,17,17,31,31,110,110,122,122,139,139,153,153,153],"floor_reached":24,"playtime":929,"items_purged":[],"score":378,"play_id":"a23b3723-8fa3-429b-b090-7c8974e7d7ea","local_time":"20190508234316","is_ascension_mode":true,"campfire_choices":[{"data":"Neutralize","floor":6,"key":"SMITH"},{"data":"After Image","floor":8,"key":"SMITH"},{"floor":13,"key":"REST"},{"data":"Burst","floor":15,"key":"SMITH"},{"floor":23,"key":"REST"}],"neow_cost":"TEN_PERCENT_HP_LOSS","seed_source_timestamp":350622796531400,"circlet_count":0,"master_deck":["AscendersBane","Defend_G","Defend_G","Defend_G","Defend_G","Defend_G+1","Strike_G","Strike_G","Strike_G","Strike_G","Survivor+1","Neutralize+1","Corpse Explosion+1","Footwork+1","After Image+1","Deadly Poison","Footwork","Burst+1","Burst","PiercingWail"],"relics":["Ring of the Snake","Pocketwatch","Bottled Lightning","Happy Flower","Runic Dome"],"potions_floor_usage":[7,24],"damage_taken":[{"damage":0,"enemies":"Small Slimes","floor":1,"turns":3},{"damage":0,"enemies":"Cultist","floor":4,"turns":4},{"damage":0,"enemies":"2 Louse","floor":5,"turns":4},{"damage":3,"enemies":"Lagavulin","floor":7,"turns":11},{"damage":8,"enemies":"Gremlin Gang","floor":14,"turns":2},{"damage":12,"enemies":"The Guardian","floor":16,"turns":8},{"damage":15,"enemies":"2 Thieves","floor":18,"turns":4},{"damage":15,"enemies":"Chosen","floor":20,"turns":6},{"damage":3,"enemies":"Snake Plant","floor":22,"turns":4},{"damage":56,"enemies":"Gremlin Leader","floor":24,"turns":4}],"seed_played":"8684632734924554500","potions_obtained":[{"floor":1,"key":"Dexterity Potion"},{"floor":5,"key":"Ancient Potion"},{"floor":18,"key":"Regen Potion"}],"is_trial":false,"path_per_floor":["M","?","?","M","M","R","E","R","T","$","?","?","R","M","R","B",null,"M","?","M","$","M","R","E"],"character_chosen":"THE_SILENT","items_purchased":["Happy Flower"],"campfire_rested":2,"item_purchase_floors":[10],"current_hp_per_floor":[59,41,41,41,41,41,38,38,38,38,38,38,56,48,48,36,54,39,39,24,24,21,39,0],"gold":153,"neow_bonus":"THREE_RARE_CARDS","is_prod":false,"is_daily":false,"chose_seed":false,"campfire_upgraded":3,"win_rate":0,"timestamp":1557355396,"path_taken":["M","?","?","?","M","R","E","R","T","$","?","?","R","?","R","BOSS","M","?","M","$","M","R","E"],"build_version":"2019-01-23","purchased_purges":0,"victory":false,"max_hp_per_floor":[60,60,60,60,60,60,60,60,60,60,60,60,60,60,60,60,60,60,60,60,60,60,60,60],"card_choices":[{"not_picked":["Die Die Die","Grand Finale"],"picked":"Corpse Explosion","floor":0},{"not_picked":["Caltrops","Deflect"],"picked":"Footwork","floor":1},{"not_picked":["Concentrate","Slice","Tactician"],"picked":"SKIP","floor":4},{"not_picked":["Outmaneuver","Sucker Punch"],"picked":"Deadly Poison","floor":5},{"not_picked":["Calculated Gamble","Expertise"],"picked":"Footwork","floor":7},{"not_picked":["Underhanded Strike","Dagger Spray"],"picked":"Burst","floor":14},{"not_picked":["Storm of Steel","Phantasmal Killer"],"picked":"Burst","floor":16},{"not_picked":["Endless Agony+1","Sucker Punch","Infinite Blades"],"picked":"SKIP","floor":18},{"not_picked":["Prepared","Underhanded Strike","Finisher"],"picked":"SKIP","floor":20},{"not_picked":["Terror","Cloak And Dagger"],"picked":"PiercingWail","floor":22}],"player_experience":491912,"relics_obtained":[{"floor":7,"key":"Pocketwatch"},{"floor":9,"key":"Bottled Lightning"}],"event_choices":[{"damage_healed":0,"gold_gain":0,"player_choice":"Entered Light","damage_taken":18,"max_hp_gain":0,"max_hp_loss":0,"event_name":"Shining Light","floor":2,"gold_loss":0,"cards_upgraded":["Survivor","Defend_G"]},{"damage_healed":0,"gold_gain":0,"cards_transformed":["Strike_G"],"player_choice":"Transformed","damage_taken":0,"max_hp_gain":0,"max_hp_loss":0,"event_name":"Transmorgrifier","floor":3,"gold_loss":0,"cards_obtained":["After Image"]},{"damage_healed":0,"gold_gain":0,"player_choice":"Grow","damage_taken":0,"max_hp_gain":0,"max_hp_loss":0,"event_name":"Living Wall","floor":11,"gold_loss":0,"cards_upgraded":["Corpse Explosion"]},{"damage_healed":0,"gold_gain":0,"player_choice":"Upgraded","damage_taken":0,"max_hp_gain":0,"max_hp_loss":0,"event_name":"Upgrade Shrine","floor":12,"gold_loss":0,"cards_upgraded":["Footwork"]},{"damage_healed":0,"gold_gain":0,"player_choice":"Ignored","damage_taken":0,"max_hp_gain":0,"max_hp_loss":0,"event_name":"Cursed Tome","floor":19,"gold_loss":0}],"is_beta":false,"boss_relics":[{"not_picked":["Pandora\u0027s Box","Tiny House"],"picked":"Runic Dome"}],"items_purged_floors":[],"is_endless":false,"potions_floor_spawned":[1,5,18],"killed_by":"Gremlin Leader","ascension_level":19}