{"gold_per_floor":[119,119,134,184,4,4,39,55,55,55,71,102,114,128,128,128],"floor_reached":16,"playtime":431,"items_purged":["Strike_R"],"score":274,"play_id":"524067be-655b-4412-9376-7f7d77c5f767","local_time":"20190322174517","is_ascension_mode":true,"campfire_choices":[{"data":"Panacea","floor":6.0,"key":"SMITH"},{"data":"Armaments","floor":10.0,"key":"SMITH"},{"data":"Barricade","floor":15,"key":"SMITH"}],"neow_cost":"NONE","seed_source_timestamp":629856062505978,"circlet_count":0,"master_deck":["AscendersBane","Strike_R","Strike_R","Strike_R","Strike_R","Defend_R","Defend_R","Defend_R","Defend_R","Bash+1","Pummel","Evolve","Panacea+1","Armaments+1","Shrug It Off","Shockwave","Feel No Pain","Barricade+1"],"special_seed":0,"relics":["Burning Blood","NeowsBlessing","Bottled Tornado","Blood Vial","Gremlin Horn"],"potions_floor_usage":[16],"damage_taken":[{"damage":0.0,"enemies":"2 Louse","floor":1.0,"turns":1.0},{"damage":0.0,"enemies":"Cultist","floor":3.0,"turns":1.0},{"damage":0.0,"enemies":"3 Sentries","floor":7.0,"turns":2.0},{"damage":0.0,"enemies":"Small Slimes","floor":8.0,"turns":4.0},{"damage":16.0,"enemies":"Exordium Thugs","floor":11.0,"turns":8.0},{"damage":7.0,"enemies":"Lagavulin","floor":12.0,"turns":8.0},{"damage":16,"enemies":"3 Louse","floor":13,"turns":5},{"damage":13,"enemies":"Blue Slaver","floor":14,"turns":6},{"damage":25,"enemies":"Hexaghost","floor":16,"turns":8}],"seed_played":"8377254583246923560","potions_obtained":[{"floor":1.0,"key":"SpeedPotion"},{"floor":8.0,"key":"PowerPotion"},{"floor":13,"key":"Strength Potion"}],"is_trial":false,"path_per_floor":["M","?","M","?","$","R","E","M","T","R","M","E","M","M","R","B"],"character_chosen":"IRONCLAD","items_purchased":["Panacea"],"campfire_rested":0,"item_purchase_floors":[5],"current_hp_per_floor":[74,74,75,68,68,68,74,75,75,75,65,66,58,53,53,30],"gold":128,"neow_bonus":"THREE_ENEMY_KILL","is_prod":false,"is_daily":false,"chose_seed":false,"campfire_upgraded":3,"win_rate":0,"timestamp":1553247917,"path_taken":["M","?","?","?","?","R","E","M","T","R","M","E","M","M","R","BOSS"],"build_version":"2019-01-23","purchased_purges":1,"victory":false,"max_hp_per_floor":[75,75,75,75,75,75,75,75,75,75,75,75,75,75,75,75],"card_choices":[{"not_picked":["Ghostly Armor","Thunderclap"],"picked":"Pummel","floor":1.0},{"not_picked":["Body Slam","Burning Pact"],"picked":"Evolve","floor":3.0},{"not_picked":["Thunderclap","Heavy Blade"],"picked":"Armaments","floor":7.0},{"not_picked":["Whirlwind","Twin Strike"],"picked":"Shrug It Off","floor":8.0},{"not_picked":["Uppercut","Wild Strike","Twin Strike"],"picked":"SKIP","floor":11.0},{"not_picked":["Armaments","Clothesline"],"picked":"Shockwave","floor":12.0},{"not_picked":["Perfected Strike","Iron Wave"],"picked":"Feel No Pain","floor":13},{"not_picked":["Flame Barrier","Infernal Blade"],"picked":"Barricade","floor":14}],"player_experience":1340793,"relics_obtained":[{"floor":7.0,"key":"Bottled Tornado"},{"floor":9.0,"key":"Blood Vial"},{"floor":12.0,"key":"Gremlin Horn"}],"event_choices":[{"damage_healed":0.0,"max_hp_gain":0.0,"max_hp_loss":0.0,"gold_gain":0.0,"event_name":"Upgrade Shrine","player_choice":"Upgraded","floor":2.0,"gold_loss":0.0,"damage_taken":0.0,"cards_upgraded":["Bash"]},{"damage_healed":0.0,"max_hp_gain":0.0,"max_hp_loss":0.0,"gold_gain":50.0,"event_name":"FaceTrader","player_choice":"Touch","floor":4.0,"gold_loss":0.0,"damage_taken":7.0}],"is_beta":false,"boss_relics":[],"items_purged_floors":[5],"is_endless":false,"potions_floor_spawned":[1,8,11,13],"killed_by":"Hexaghost","ascension_level":20}