{"gold_per_floor":[116,116,126,126,150,184,184,199,199,199,199,234,234,248,248,248],"floor_reached":16,"playtime":378,"items_purged":[],"score":220,"play_id":"923aea87-a013-44f3-99ec-a998b4eab370","local_time":"20190212191019","is_ascension_mode":true,"campfire_choices":[{"data":"Regret","floor":7.0,"key":"PURGE"},{"data":"Strike_R","floor":10.0,"key":"PURGE"},{"data":"Strike_R","floor":13.0,"key":"PURGE"},{"data":"Strike_R","floor":15.0,"key":"PURGE"}],"neow_cost":"NONE","seed_source_timestamp":2432823417958114,"circlet_count":0,"master_deck":["AscendersBane","Strike_R","Defend_R","Defend_R","Defend_R","Defend_R","Bash","Immolate","Flex","Spot Weakness","Ghostly Armor","Shockwave","Sword Boomerang"],"special_seed":0,"relics":["Burning Blood","Peace Pipe","Golden Idol","Pear","Bottled Lightning","Ginger"],"potions_floor_usage":[16],"damage_taken":[{"damage":9.0,"enemies":"Jaw Worm","floor":1.0,"turns":3.0},{"damage":4.0,"enemies":"2 Louse","floor":3.0,"turns":2.0},{"damage":3.0,"enemies":"Cultist","floor":5.0,"turns":2.0},{"damage":33.0,"enemies":"Lagavulin","floor":6.0,"turns":7.0},{"damage":16.0,"enemies":"Blue Slaver","floor":8.0,"turns":4.0},{"damage":24.0,"enemies":"Gremlin Nob","floor":12.0,"turns":4.0},{"damage":1.0,"enemies":"Exordium Thugs","floor":14.0,"turns":3.0},{"damage":28,"enemies":"Hexaghost","floor":16,"turns":8}],"seed_played":"2578792303861064717","potions_obtained":[{"floor":5.0,"key":"Energy Potion"},{"floor":12.0,"key":"Dexterity Potion"}],"is_trial":false,"path_per_floor":["M","?","M","?","M","E","R","M","T","R","?","E","R","M","R","B"],"character_chosen":"IRONCLAD","items_purchased":[],"campfire_rested":0,"item_purchase_floors":[],"current_hp_per_floor":[65,65,67,67,68,51,51,41,41,41,41,23,23,28,28,0],"gold":248,"neow_bonus":"ONE_RANDOM_RARE_CARD","is_prod":false,"is_daily":false,"chose_seed":false,"campfire_upgraded":0,"win_rate":0,"timestamp":1549969819,"path_taken":["M","?","M","?","M","E","R","M","T","R","?","E","R","?","R","BOSS"],"build_version":"2019-01-23","purchased_purges":0,"victory":false,"max_hp_per_floor":[75,75,75,68,68,78,78,78,78,78,78,78,78,78,78,78],"card_choices":[{"not_picked":["Perfected Strike","Corruption","Iron Wave"],"picked":"SKIP","floor":1.0},{"not_picked":["Dropkick","Intimidate"],"picked":"Flex","floor":3.0},{"not_picked":["Pommel Strike","Warcry"],"picked":"Spot Weakness","floor":5.0},{"not_picked":["Pummel","Pommel Strike"],"picked":"Ghostly Armor","floor":6.0},{"not_picked":["Pummel","Blood for Blood"],"picked":"Shockwave","floor":8.0},{"not_picked":["Feel No Pain","Shockwave"],"picked":"Sword Boomerang","floor":12.0},{"not_picked":["Seeing Red","Hemokinesis","Clothesline"],"picked":"SKIP","floor":14.0}],"player_experience":888775,"relics_obtained":[{"floor":6.0,"key":"Pear"},{"floor":9.0,"key":"Bottled Lightning"},{"floor":12.0,"key":"Ginger"}],"event_choices":[{"damage_healed":0.0,"max_hp_gain":0.0,"max_hp_loss":0.0,"gold_gain":0.0,"event_name":"Big Fish","player_choice":"Box","floor":2.0,"gold_loss":0.0,"damage_taken":0.0,"relics_obtained":["Peace Pipe"],"cards_obtained":["Regret"]},{"damage_healed":0.0,"max_hp_gain":0.0,"max_hp_loss":7.0,"gold_gain":0.0,"event_name":"Golden Idol","player_choice":"Lose Max HP","floor":4.0,"gold_loss":0.0,"damage_taken":0.0,"relics_obtained":["Golden Idol"]},{"cards_removed":["Strike_R"],"damage_healed":0.0,"max_hp_gain":0.0,"max_hp_loss":0.0,"gold_gain":0.0,"event_name":"Purifier","player_choice":"Purged","floor":11.0,"gold_loss":0.0,"damage_taken":0.0}],"is_beta":false,"boss_relics":[],"items_purged_floors":[],"is_endless":false,"potions_floor_spawned":[5,12],"killed_by":"Hexaghost","ascension_level":20}