{"gold_per_floor":[119,69,39,52,64,64,93,93,93,67,79,89,101,120,120,120],"floor_reached":16,"playtime":801,"items_purged":[],"score":151,"play_id":"f141efa8-e626-4662-bf88-131fd6c9de5c","local_time":"20181221221457","is_ascension_mode":true,"campfire_choices":[{"data":"Bash","floor":6.0,"key":"SMITH"},{"data":"Flame Barrier","floor":8.0,"key":"SMITH"},{"floor":15,"key":"REST"}],"neow_cost":"NONE","seed_source_timestamp":38271594314137,"circlet_count":0,"master_deck":["Strike_R","Strike_R","Strike_R","Strike_R","Defend_R","Defend_R","Defend_R","Defend_R","Bash+1","Power Through","Flame Barrier+1","True Grit","Limit Break","Disarm","Clothesline","Carnage","Body Slam","Flex"],"special_seed":0,"relics":["Burning Blood","Bottled Flame","Bottled Lightning"],"potions_floor_usage":[16,16],"damage_taken":[{"damage":10.0,"enemies":"Small Slimes","floor":1.0,"turns":4.0},{"damage":2.0,"enemies":"Jaw Worm","floor":4.0,"turns":4.0},{"damage":1.0,"enemies":"Cultist","floor":5.0,"turns":4.0},{"damage":45.0,"enemies":"Gremlin Nob","floor":7.0,"turns":6.0},{"damage":13,"enemies":"Exordium Thugs","floor":11,"turns":7},{"damage":8,"enemies":"2 Fungi Beasts","floor":12,"turns":4},{"damage":7,"enemies":"3 Louse","floor":13,"turns":3},{"damage":9,"enemies":"Blue Slaver","floor":14,"turns":5},{"damage":69,"enemies":"Slime Boss","floor":16,"turns":13}],"seed_played":"-6140299073077250974","potions_obtained":[{"floor":1.0,"key":"BloodPotion"},{"floor":3.0,"key":"GamblersBrew"},{"floor":3.0,"key":"EntropicBrew"},{"floor":11,"key":"SkillPotion"},{"floor":13,"key":"AttackPotion"}],"is_trial":false,"path_per_floor":["M","?","?","M","M","R","E","R","T","$","M","M","M","M","R","B"],"character_chosen":"IRONCLAD","items_purchased":["Clothesline"],"campfire_rested":1,"item_purchase_floors":[10],"current_hp_per_floor":[68,68,68,72,77,77,54,54,54,54,47,45,44,41,65,0],"gold":120,"neow_bonus":"THREE_CARDS","is_prod":false,"is_daily":false,"chose_seed":false,"campfire_upgraded":2,"win_rate":0,"timestamp":1545448497,"path_taken":["M","?","?","M","M","R","E","R","T","$","M","M","?","M","R","BOSS"],"build_version":"2018-12-20","purchased_purges":0,"victory":false,"max_hp_per_floor":[80,80,80,80,80,80,80,80,80,80,80,80,80,80,80,80],"card_choices":[{"not_picked":["Havoc","Sword Boomerang"],"picked":"Power Through","floor":0.0},{"not_picked":["Evolve","Sword Boomerang"],"picked":"Flame Barrier","floor":1.0},{"not_picked":["Sword Boomerang","Anger"],"picked":"True Grit","floor":4.0},{"not_picked":["Pommel Strike","Headbutt"],"picked":"Limit Break","floor":5.0},{"not_picked":["Twin Strike","Body Slam"],"picked":"Disarm","floor":7.0},{"not_picked":["Intimidate","Perfected Strike"],"picked":"Carnage","floor":11},{"not_picked":["Hemokinesis","Reckless Charge","Fire Breathing"],"picked":"SKIP","floor":12},{"not_picked":["Wild Strike","Heavy Blade"],"picked":"Body Slam","floor":13},{"not_picked":["Pommel Strike","Entrench"],"picked":"Flex","floor":14}],"player_experience":174373,"relics_obtained":[{"floor":7.0,"key":"Bottled Flame"},{"floor":9.0,"key":"Bottled Lightning"}],"event_choices":[{"cards_removed":["Strike_R"],"damage_healed":0.0,"max_hp_gain":0.0,"max_hp_loss":0.0,"gold_gain":0.0,"event_name":"The Cleric","player_choice":"Card Removal","floor":2.0,"gold_loss":50.0,"damage_taken":0.0},{"damage_healed":0.0,"max_hp_gain":0.0,"max_hp_loss":0.0,"gold_gain":0.0,"event_name":"The Woman in Blue","player_choice":"Bought 2 Potions","floor":3.0,"gold_loss":0.0,"damage_taken":0.0}],"is_beta":false,"boss_relics":[],"items_purged_floors":[],"is_endless":false,"potions_floor_spawned":[1,11,13],"killed_by":"Slime Boss","ascension_level":9}