{"gold_per_floor":[215,229,208,308,326,326,351,351,376,376,376,386,386,114,114,188,188,202,222,222,222,247,247,263,263,345,363,363,396,396,10,10,86,86,96,96,116,116,136,136,156,156,207,241,94,94,110,128,128,128],"floor_reached":51,"playtime":2066,"items_purged":["Strike_B"],"score":1186,"play_id":"1e433ac3-c621-4172-a174-b5e860fb96f3","local_time":"20180830105410","is_ascension_mode":true,"campfire_choices":[{"data":"Defragment","floor":6,"key":"SMITH"},{"floor":8,"key":"REST"},{"data":"Zap","floor":10,"key":"SMITH"},{"floor":13,"key":"REST"},{"data":"Streamline","floor":15,"key":"SMITH"},{"floor":23,"key":"REST"},{"floor":25,"key":"REST"},{"floor":28,"key":"REST"},{"floor":30,"key":"REST"},{"data":"Defragment","floor":32,"key":"SMITH"},{"data":"Capacitor","floor":40,"key":"SMITH"},{"floor":46,"key":"REST"},{"floor":49,"key":"REST"}],"neow_cost":"NONE","seed_source_timestamp":167295003729393,"circlet_count":0,"master_deck":["Zap+1","Dualcast","AscendersBane","Hologram","Defragment+1","Compile Driver+1","Reinforced Body","Streamline+1","Reboot","Undo","Darkness","Leap","Biased Cognition","Cold Snap","Defragment+1","All For One","Fusion","Gash","Steam","Cold Snap","Beam Cell","Capacitor+1","Compile Driver+1","Conserve Battery+1","Writhe","Chill+1","Coolheaded+1","Conserve Battery","Seek"],"relics":["Cracked Core","Anchor","Juzu Bracelet","Orichalcum","Velvet Choker","Whetstone","Tiny Chest","Dodecahedron","Bird Faced Urn","Pandora\u0027s Box","Bag of Marbles","Meat on the Bone"],"potions_floor_usage":[16,29,44,44,50,50],"damage_taken":[{"damage":12,"enemies":"Small Slimes","floor":1,"turns":3},{"damage":1,"enemies":"2 Louse","floor":2,"turns":3},{"damage":1,"enemies":"Cultist","floor":5,"turns":3},{"damage":41,"enemies":"Gremlin Nob","floor":7,"turns":5},{"damage":0,"enemies":"Looter","floor":12,"turns":2},{"damage":32,"enemies":"Slime Boss","floor":16,"turns":7},{"damage":13,"enemies":"2 Thieves","floor":18,"turns":4},{"damage":20,"enemies":"Shell Parasite","floor":19,"turns":7},{"damage":28,"enemies":"3 Cultists","floor":24,"turns":5},{"damage":2,"enemies":"Chosen and Byrds","floor":27,"turns":6},{"damage":20,"enemies":"Gremlin Leader","floor":29,"turns":4},{"damage":23,"enemies":"Champ","floor":33,"turns":14},{"damage":4,"enemies":"Flame Bruiser 1 Orb","floor":35,"turns":5},{"damage":32,"enemies":"3 Darklings","floor":37,"turns":8},{"damage":1,"enemies":"Sphere and 2 Shapes","floor":39,"turns":6},{"damage":28,"enemies":"Transient","floor":41,"turns":5},{"damage":48,"enemies":"Giant Head","floor":44,"turns":10},{"damage":0,"enemies":"3 Darklings","floor":47,"turns":7},{"damage":0,"enemies":"Spire Growth","floor":48,"turns":6},{"damage":29,"enemies":"Awakened One","floor":50,"turns":23}],"seed_played":"-4349054848457872618","potions_obtained":[{"floor":12,"key":"PowerPotion"},{"floor":19,"key":"SkillPotion"},{"floor":37,"key":"Explosive Potion"},{"floor":39,"key":"Block Potion"},{"floor":47,"key":"EssenceOfSteel"},{"floor":48,"key":"FocusPotion"}],"is_trial":false,"path_per_floor":["M","M","?","?","M","R","E","R","T","R","?","M","R","$","R","B",null,"M","M","?","?","T","R","M","R","T","M","R","E","R","$","R","B",null,"M","$","M","?","M","R","M","?","T","E","$","R","M","M","R","B"],"character_chosen":"DEFECT","items_purchased":["Orichalcum","Strength Potion","Bird Faced Urn","Cold Snap","Defragment","Strength Potion","Conserve Battery","SpeedPotion"],"campfire_rested":8,"item_purchase_floors":[14,14,31,31,31,45,45,45],"current_hp_per_floor":[52,51,51,51,50,50,9,30,30,30,23,23,44,44,44,12,56,43,23,10,10,10,32,4,26,26,24,46,26,48,48,48,29,64,68,68,44,63,70,70,50,50,50,10,10,32,40,48,70,49],"gold":128,"neow_bonus":"HUNDRED_GOLD","is_prod":false,"is_daily":false,"chose_seed":false,"campfire_upgraded":5,"win_rate":0,"timestamp":1535637250,"path_taken":["M","M","?","?","M","R","E","R","T","R","?","M","R","$","R","BOSS","M","M","?","?","?","R","M","R","T","M","R","E","R","$","R","BOSS","M","$","M","?","M","R","M","?","T","E","$","R","M","M","R","BOSS"],"build_version":"2018-07-12","purchased_purges":1,"victory":true,"max_hp_per_floor":[71,71,71,71,71,71,71,71,71,71,71,71,71,71,71,71,71,71,71,76,76,76,76,76,76,76,76,76,76,76,76,76,76,76,76,76,76,76,76,76,76,76,76,76,76,76,76,76,76,76],"card_choices":[{"not_picked":["Gash","Hello World"],"picked":"Hologram","floor":1},{"not_picked":["Lockon","Genetic Algorithm"],"picked":"Defragment","floor":2},{"not_picked":["Beam Cell","Undo"],"picked":"Compile Driver","floor":5},{"not_picked":["Streamline","Scrape"],"picked":"Reinforced Body","floor":7},{"not_picked":["Redo","Reinforced Body"],"picked":"Streamline","floor":12},{"not_picked":["Multi-Cast","Amplify"],"picked":"Reboot","floor":16},{"not_picked":["Sweeping Beam","Recycle"],"picked":"Undo","floor":18},{"not_picked":["Darkness","Barrage","Reprogram"],"picked":"SKIP","floor":19},{"not_picked":["Barrage","Reprogram"],"picked":"Darkness","floor":19},{"not_picked":["Go for the Eyes","Skim","Force Field"],"picked":"SKIP","floor":24},{"not_picked":["Recycle+1","Undo+1"],"picked":"Leap","floor":27},{"not_picked":["Double Energy","Tempest"],"picked":"Biased Cognition","floor":29},{"not_picked":["Reboot","Meteor Strike"],"picked":"All For One","floor":33},{"not_picked":["Redo","Sweeping Beam"],"picked":"Compile Driver+1","floor":35},{"not_picked":["Turbo+1","Cold Snap"],"picked":"Conserve Battery+1","floor":37},{"not_picked":["Barrage","Streamline","Go for the Eyes"],"picked":"SKIP","floor":39},{"not_picked":["Barrage","Streamline","Go for the Eyes"],"picked":"SKIP","floor":39},{"not_picked":["Gash","Go for the Eyes"],"picked":"Chill+1","floor":41},{"not_picked":["Genetic Algorithm","BootSequence"],"picked":"Coolheaded+1","floor":44},{"not_picked":["Turbo+1","BootSequence","Beam Cell"],"picked":"SKIP","floor":47},{"not_picked":["FTL","Ball Lightning"],"picked":"Seek","floor":48}],"player_experience":758696,"relics_obtained":[{"floor":7,"key":"Anchor"},{"floor":9,"key":"Juzu Bracelet"},{"floor":22,"key":"Whetstone"},{"floor":26,"key":"Tiny Chest"},{"floor":29,"key":"Dodecahedron"},{"floor":43,"key":"Bag of Marbles"},{"floor":44,"key":"Meat on the Bone"}],"event_choices":[{"event_name":"World of Goop","player_choice":"Left","floor":3,"damage_taken":0},{"event_name":"Golden Shrine","player_choice":"Pray","floor":4,"damage_taken":0},{"event_name":"Wheel of Change","player_choice":"Damage","floor":11,"damage_taken":0},{"event_name":"Forgotten Altar","player_choice":"Shed Blood","floor":20,"damage_taken":0},{"event_name":"Drug Dealer","player_choice":"Ignored","floor":21,"damage_taken":0},{"event_name":"Winding Halls","player_choice":"Writhe","floor":38,"damage_taken":0},{"event_name":"Purifier","player_choice":"One Purge","floor":42,"damage_taken":0}],"boss_relics":[{"not_picked":["Lizard Tail","White Beast Statue"],"picked":"Velvet Choker"},{"not_picked":["Tiny House","Busted Crown"],"picked":"Pandora\u0027s Box"}],"items_purged_floors":[14],"is_endless":false,"potions_floor_spawned":[12,19,27,37,39,47,48],"ascension_level":14}