{"gold_per_floor":[118,88,104,121,138,168,243,243,243,243,271,271,271,271,271,368,368,368,293,56,0,0,0,0,0,0,0,0,0,0,0,0,0],"floor_reached":33,"playtime":1942,"items_purged":[],"score":366,"play_id":"14256b5a-3514-49c0-8245-d98bdbbfbc36","local_time":"20190514191346","is_ascension_mode":true,"campfire_choices":[{"floor":8,"key":"REST"},{"data":"Distraction","floor":10,"key":"SMITH"},{"data":"After Image","floor":12,"key":"SMITH"},{"floor":15,"key":"REST"},{"data":"A Thousand Cuts","floor":23,"key":"SMITH"},{"data":"Cloak And Dagger","floor":25,"key":"SMITH"},{"data":"Noxious Fumes","floor":30,"key":"SMITH"},{"data":"Catalyst","floor":32,"key":"SMITH"}],"neow_cost":"PERCENT_DAMAGE","seed_source_timestamp":1413821972406152,"circlet_count":0,"master_deck":["Defend_G","Defend_G","Defend_G","Defend_G","Strike_G","Strike_G","Strike_G","Strike_G","Survivor","Neutralize","After Image+1","Deflect","Blade Dance","Distraction+1","Leg Sweep","Dash","Calculated Gamble","All Out Attack","A Thousand Cuts+1","Expertise+1","Caltrops","Bandage Up","Backflip","PiercingWail","Cloak And Dagger+1","Footwork+1","Noxious Fumes+1","Deadly Poison+1","Catalyst+1"],"relics":["Ring of the Snake","Question Card","Ninja Scroll","Regal Pillow","Nunchaku","Ectoplasm","MutagenicStrength","Bronze Scales","Bag of Marbles","The Courier"],"potions_floor_usage":[2,6,6,11,16,18,27,29,33],"damage_taken":[{"damage":0,"enemies":"Jaw Worm","floor":1,"turns":8},{"damage":1,"enemies":"Cultist","floor":3,"turns":6},{"damage":9,"enemies":"2 Louse","floor":4,"turns":3},{"damage":2,"enemies":"Blue Slaver","floor":5,"turns":6},{"damage":19,"enemies":"3 Sentries","floor":6,"turns":21},{"damage":35,"enemies":"Gremlin Nob","floor":11,"turns":6},{"damage":41,"enemies":"The Guardian","floor":16,"turns":23},{"damage":0,"enemies":"3 Byrds","floor":18,"turns":5},{"damage":7,"enemies":"2 Thieves","floor":21,"turns":5},{"damage":16,"enemies":"Book of Stabbing","floor":24,"turns":6},{"damage":0,"enemies":"Snecko","floor":27,"turns":4},{"damage":9,"enemies":"Slavers","floor":28,"turns":5},{"damage":7,"enemies":"Chosen and Byrds","floor":29,"turns":6},{"damage":6,"enemies":"Cultist and Chosen","floor":31,"turns":5},{"damage":42,"enemies":"Automaton","floor":33,"turns":8}],"seed_played":"1784445149424035585","potions_obtained":[{"floor":1,"key":"Energy Potion"},{"floor":2,"key":"GamblersBrew"},{"floor":2,"key":"Fruit Juice"},{"floor":5,"key":"Regen Potion"},{"floor":11,"key":"Explosive Potion"},{"floor":16,"key":"LiquidBronze"},{"floor":24,"key":"Fire Potion"},{"floor":27,"key":"GhostInAJar"},{"floor":29,"key":"EssenceOfSteel"}],"is_trial":false,"path_per_floor":["M","?","M","M","M","E","?","R","T","R","E","R","?","T","R","B",null,"M","?","$","M","?","R","E","R","T","M","E","M","R","M","R","B"],"character_chosen":"THE_SILENT","items_purchased":["Caltrops","Bandage Up","Backflip","PiercingWail"],"campfire_rested":2,"item_purchase_floors":[20,20,20,20],"current_hp_per_floor":[49,54,53,44,42,38,27,49,49,49,14,14,14,14,51,10,59,59,59,59,56,56,56,44,44,44,44,39,36,36,30,30,0],"gold":0,"neow_bonus":"THREE_RARE_CARDS","is_prod":false,"is_daily":false,"chose_seed":false,"campfire_upgraded":6,"win_rate":0,"timestamp":1557875626,"path_taken":["M","?","?","M","M","E","?","R","T","R","E","R","?","?","R","BOSS","M","?","$","M","?","R","E","R","T","M","E","M","R","?","R","BOSS"],"build_version":"2019-01-23","purchased_purges":0,"victory":false,"max_hp_per_floor":[70,75,75,75,75,75,75,75,75,75,75,75,75,75,75,75,75,75,75,75,75,75,75,75,75,75,75,75,75,75,75,75,75],"card_choices":[{"not_picked":["Grand Finale","A Thousand Cuts"],"picked":"After Image","floor":0},{"not_picked":["Accuracy","Infinite Blades"],"picked":"Deflect","floor":1},{"not_picked":["Eviscerate","Expertise"],"picked":"Blade Dance","floor":3},{"not_picked":["PiercingWail","Dodge and Roll"],"picked":"Distraction","floor":4},{"not_picked":["Quick Slash","Blade Dance"],"picked":"Leg Sweep","floor":5},{"not_picked":["Blade Dance","Dagger Spray"],"picked":"Dash","floor":6},{"not_picked":["Dash","Catalyst","Outmaneuver"],"picked":"Calculated Gamble","floor":11},{"not_picked":["Phantasmal Killer","Burst","Malaise"],"picked":"A Thousand Cuts","floor":16},{"not_picked":["Infinite Blades+1","Prepared","Underhanded Strike"],"picked":"Expertise+1","floor":18},{"not_picked":["Deadly Poison","Endless Agony","Quick Slash"],"picked":"Cloak And Dagger","floor":21},{"not_picked":["Riddle With Holes","Outmaneuver","Cloak And Dagger"],"picked":"Footwork+1","floor":24},{"not_picked":["Bane","Quick Slash","Flying Knee"],"picked":"Noxious Fumes","floor":27},{"not_picked":["Endless Agony+1","Noxious Fumes","Bane"],"picked":"Deadly Poison+1","floor":28},{"not_picked":["Underhanded Strike+1","Acrobatics","Deflect+1","Backflip"],"picked":"SKIP","floor":29},{"not_picked":["Bane","Corpse Explosion","Prepared+1"],"picked":"Catalyst","floor":31}],"player_experience":245660,"relics_obtained":[{"floor":6,"key":"Question Card"},{"floor":9,"key":"Ninja Scroll"},{"floor":11,"key":"Regal Pillow"},{"floor":14,"key":"Nunchaku"},{"floor":24,"key":"Bronze Scales"},{"floor":26,"key":"Bag of Marbles"},{"floor":28,"key":"The Courier"}],"event_choices":[{"damage_healed":0,"gold_gain":0,"player_choice":"Bought 2 Potions","damage_taken":0,"max_hp_gain":0,"max_hp_loss":0,"event_name":"The Woman in Blue","floor":2,"gold_loss":0},{"damage_healed":0,"gold_gain":75,"player_choice":"Gather Gold","damage_taken":11,"max_hp_gain":0,"max_hp_loss":0,"event_name":"World of Goop","floor":7,"gold_loss":0},{"damage_healed":0,"gold_gain":0,"cards_transformed":["Defend_G"],"player_choice":"Change","damage_taken":0,"max_hp_gain":0,"max_hp_loss":0,"event_name":"Living Wall","floor":13,"gold_loss":0,"cards_obtained":["All Out Attack"]},{"cards_removed":["Strike_G"],"damage_healed":0,"gold_gain":0,"player_choice":"Gave Gold","damage_taken":0,"max_hp_gain":0,"max_hp_loss":0,"event_name":"Beggar","floor":19,"gold_loss":75},{"damage_healed":0,"gold_gain":0,"player_choice":"Inject Mutagens","damage_taken":0,"relics_obtained":["MutagenicStrength"],"max_hp_gain":0,"max_hp_loss":0,"event_name":"Drug Dealer","floor":22,"gold_loss":0}],"is_beta":false,"boss_relics":[{"not_picked":["HoveringKite","Calling Bell"],"picked":"Ectoplasm"}],"items_purged_floors":[],"is_endless":false,"potions_floor_spawned":[1,5,11,16,24,27,29],"killed_by":"Automaton","ascension_level":5}