{"gold_per_floor":[10,27,39,51,66,93,104,104,130,155,168,183,148,164,164,267,267,267,192,192,192,192,192,192,192,192,166,166,166,166],"floor_reached":30,"playtime":1163,"items_purged":[],"score":285,"play_id":"f33b78b0-8006-4d48-9027-743530c5c0af","local_time":"20180701074853","is_ascension_mode":true,"campfire_choices":[{"floor":15,"key":"REST"},{"data":"Seek","floor":23,"key":"SMITH"},{"floor":25,"key":"REST"},{"floor":29,"key":"REST"}],"neow_cost":"NO_GOLD","seed_source_timestamp":370331075278192,"circlet_count":0,"master_deck":["Strike_B","Strike_B","Strike_B","Defend_B","Defend_B","Zap","Dualcast","Double Energy","Leap","Gash","Gash","All For One","Turbo","Reinforced Body","Rebound","Gash","Seek+1","Beam Cell","Rebound","Echo Form","Fusion+1","Turbo","Hologram"],"relics":["Cracked Core","Boot","Bronze Scales","Anchor","Ectoplasm","Sundial","Nilry\u0027s Codex"],"potions_floor_usage":[7,11,21],"damage_taken":[{"damage":1,"enemies":"Cultist","floor":1,"turns":3},{"damage":0,"enemies":"2 Louse","floor":2,"turns":1},{"damage":2,"enemies":"Jaw Worm","floor":3,"turns":3},{"damage":17,"enemies":"Large Slime","floor":4,"turns":7},{"damage":11,"enemies":"Looter","floor":5,"turns":3},{"damage":33,"enemies":"Lagavulin","floor":6,"turns":6},{"damage":5,"enemies":"Lots of Slimes","floor":7,"turns":2},{"damage":1,"enemies":"Gremlin Nob","floor":10,"turns":3},{"damage":0,"enemies":"3 Louse","floor":11,"turns":2},{"damage":0,"enemies":"2 Fungi Beasts","floor":12,"turns":3},{"damage":5,"enemies":"Gremlin Gang","floor":14,"turns":2},{"damage":10,"enemies":"Slime Boss","floor":16,"turns":8},{"damage":28,"enemies":"Spheric Guardian","floor":18,"turns":3},{"damage":21,"enemies":"2 Thieves","floor":19,"turns":4},{"damage":6,"enemies":"Snake Plant","floor":21,"turns":3},{"damage":6,"enemies":"Centurion and Healer","floor":22,"turns":4},{"damage":30,"enemies":"Cultist and Chosen","floor":24,"turns":4},{"damage":36,"enemies":"Slaver and Parasite","floor":30,"turns":2}],"seed_played":"-3929428498688751070","potions_obtained":[{"floor":4,"key":"AttackPotion"},{"floor":5,"key":"Poison Potion"},{"floor":7,"key":"Ancient Potion"},{"floor":10,"key":"FairyPotion"},{"floor":11,"key":"SkillPotion"},{"floor":12,"key":"LiquidBronze"},{"floor":22,"key":"Strength Potion"}],"is_trial":false,"path_per_floor":["M","M","M","M","M","E","M","?","T","E","M","M","?","M","R","B",null,"M","M","?","M","M","R","M","R","T","$","?","R"],"character_chosen":"DEFECT","items_purchased":["Hologram"],"campfire_rested":3,"item_purchase_floors":[27],"current_hp_per_floor":[74,74,72,55,44,11,6,6,6,5,5,5,23,18,40,30,75,47,26,26,20,14,14,7,29,29,29,13,35,0],"gold":166,"neow_bonus":"REMOVE_TWO","is_prod":false,"is_daily":false,"chose_seed":false,"campfire_upgraded":1,"win_rate":0,"timestamp":1530449333,"path_taken":["M","?","M","M","M","E","M","?","T","E","M","M","?","M","R","BOSS","M","M","?","?","?","R","M","R","T","?","?","R","M"],"build_version":"2018-06-29","purchased_purges":0,"victory":false,"max_hp_per_floor":[75,75,75,75,75,75,75,75,75,75,75,75,75,75,75,75,75,75,75,75,75,75,75,75,75,75,75,75,75,75],"card_choices":[{"not_picked":["Leap","Turbo"],"picked":"Double Energy","floor":1},{"not_picked":["Chill","Cold Snap"],"picked":"Leap","floor":2},{"not_picked":["Leap","Conserve Battery"],"picked":"Gash","floor":3},{"not_picked":["Chaos","Streamline"],"picked":"Gash","floor":4},{"not_picked":["Barrage","Compile Driver","Stack"],"picked":"SKIP","floor":5},{"not_picked":["Aggregate","Cold Snap"],"picked":"All For One","floor":6},{"not_picked":["Sweeping Beam","Rebound"],"picked":"Turbo","floor":7},{"not_picked":["Reprogram","Capacitor"],"picked":"Reinforced Body","floor":10},{"not_picked":["Ball Lightning","Streamline"],"picked":"Rebound","floor":11},{"not_picked":["Blizzard","Ball Lightning"],"picked":"Gash","floor":12},{"not_picked":["Redo","Stack","Melter"],"picked":"SKIP","floor":14},{"not_picked":["Thunder Strike","Machine Learning"],"picked":"Seek","floor":16},{"not_picked":["Sweeping Beam+1","Tempest"],"picked":"Beam Cell","floor":18},{"not_picked":["Genetic Algorithm","Sweeping Beam"],"picked":"Rebound","floor":19},{"not_picked":["Rip and Tear","Gash"],"picked":"Echo Form","floor":21},{"not_picked":["Streamline","Steam"],"picked":"Fusion+1","floor":22},{"not_picked":["Coolheaded","Undo"],"picked":"Turbo","floor":24}],"player_experience":227537,"relics_obtained":[{"floor":6,"key":"Boot"},{"floor":9,"key":"Bronze Scales"},{"floor":10,"key":"Anchor"},{"floor":26,"key":"Sundial"},{"floor":28,"key":"Nilry\u0027s Codex"}],"event_choices":[{"event_name":"Dead Adventurer","player_choice":"Searched \u00271\u0027 times","floor":8,"damage_taken":0},{"event_name":"The Cleric","player_choice":"Healed","floor":13,"damage_taken":0},{"event_name":"Back to Basics","player_choice":"Elegance","floor":20,"damage_taken":0},{"event_name":"Cursed Tome","player_choice":"Obtained Book","floor":28,"damage_taken":0}],"boss_relics":[{"not_picked":["Runic Dome","Coffee Dripper"],"picked":"Ectoplasm"}],"items_purged_floors":[],"is_endless":false,"potions_floor_spawned":[4,5,7,10,11,12,16,18,22],"killed_by":"Slaver and Parasite","ascension_level":3}