{"gold_per_floor":[109,59,75,75,29,29,29,29,29,29,59,75,94,104,104,200,200,219,219,232,232,249,283,283,297,297,297,297],"floor_reached":28,"playtime":1560,"items_purged":[],"score":369,"play_id":"324599c6-1d60-42a3-abb3-0e99afe94928","local_time":"20190319184254","is_ascension_mode":true,"campfire_choices":[{"data":"After Image","floor":6.0,"key":"SMITH"},{"data":"Neutralize","floor":8.0,"key":"SMITH"},{"data":"Survivor","floor":10.0,"key":"SMITH"},{"floor":15.0,"key":"REST"},{"floor":24,"key":"REST"},{"floor":27,"key":"REST"}],"neow_cost":"NONE","seed_source_timestamp":585449761659686,"circlet_count":0,"master_deck":["AscendersBane","Defend_G","Defend_G","Defend_G","Strike_G","Survivor+1","Neutralize+1","After Image+1","Flying Knee","Deadly Poison","Glass Knife","Deadly Poison","Slice","Caltrops","Backstab","Envenom","Corpse Explosion","Cloak And Dagger+1","Bane+1","Deadly Poison+1","Tools of the Trade"],"special_seed":0,"relics":["Ring of the Snake","Pantograph","Blue Candle","Nloth\u0027s Gift","Matryoshka","Snake Skull","Girya"],"potions_floor_usage":[22,23,25],"damage_taken":[{"damage":0.0,"enemies":"Small Slimes","floor":1.0,"turns":5.0},{"damage":0.0,"enemies":"2 Louse","floor":3.0,"turns":5.0},{"damage":28.0,"enemies":"3 Sentries","floor":11.0,"turns":10.0},{"damage":0.0,"enemies":"Cultist","floor":12.0,"turns":3.0},{"damage":16.0,"enemies":"3 Louse","floor":13.0,"turns":4.0},{"damage":4.0,"enemies":"Blue Slaver","floor":14.0,"turns":4.0},{"damage":41.0,"enemies":"Slime Boss","floor":16.0,"turns":10.0},{"damage":8.0,"enemies":"3 Byrds","floor":18.0,"turns":3.0},{"damage":3.0,"enemies":"Shell Parasite","floor":20.0,"turns":5.0},{"damage":5,"enemies":"Cultist and Chosen","floor":22,"turns":6},{"damage":15,"enemies":"Slavers","floor":23,"turns":3},{"damage":28,"enemies":"Shelled Parasite and Fungi","floor":25,"turns":4},{"damage":32,"enemies":"Gremlin Leader","floor":28,"turns":3}],"seed_played":"-457994284582876004","potions_obtained":[{"floor":3.0,"key":"Energy Potion"},{"floor":14.0,"key":"Explosive Potion"},{"floor":16.0,"key":"PowerPotion"},{"floor":18.0,"key":"Energy Potion"},{"floor":23,"key":"Energy Potion"}],"is_trial":false,"path_per_floor":["M","?","M","?","$","R","?","R","T","R","E","M","M","M","R","B",null,"M","?","M","?","M","E","R","M","T","R","E"],"character_chosen":"THE_SILENT","items_purchased":["Deadly Poison"],"campfire_rested":3,"item_purchase_floors":[5],"current_hp_per_floor":[63,63,63,63,63,63,63,63,63,63,35,35,19,15,36,20,58,50,37,34,34,29,14,36,8,8,30,0],"gold":297,"neow_bonus":"TRANSFORM_CARD","is_prod":false,"is_daily":false,"chose_seed":false,"campfire_upgraded":3,"win_rate":0,"timestamp":1553046174,"path_taken":["M","?","M","?","$","R","?","R","T","R","E","M","M","?","R","BOSS","M","?","M","?","M","E","R","?","T","R","E"],"build_version":"2019-01-23","purchased_purges":0,"victory":false,"max_hp_per_floor":[70,70,70,70,70,70,70,70,70,70,70,70,70,70,70,70,70,70,75,75,75,75,75,75,75,75,75,75],"card_choices":[{"not_picked":["Quick Slash","Accuracy"],"picked":"Flying Knee","floor":1.0},{"not_picked":["Sucker Punch","Poisoned Stab"],"picked":"Deadly Poison","floor":3.0},{"not_picked":["Outmaneuver","Bane"],"picked":"Slice","floor":11.0},{"not_picked":["Accuracy","Bane"],"picked":"Caltrops","floor":12.0},{"not_picked":["Predator","Distraction"],"picked":"Backstab","floor":13.0},{"not_picked":["Outmaneuver","Deadly Poison"],"picked":"Envenom","floor":14.0},{"not_picked":["Venomology","Unload"],"picked":"Corpse Explosion","floor":16.0},{"not_picked":["Dagger Throw","Backflip"],"picked":"Cloak And Dagger+1","floor":18.0},{"not_picked":["Calculated Gamble+1","Masterful Stab"],"picked":"Bane+1","floor":20.0},{"not_picked":["Dagger Throw","PiercingWail","Grand Finale"],"picked":"SKIP","floor":22},{"not_picked":["Sucker Punch","Deflect"],"picked":"Deadly Poison+1","floor":23},{"not_picked":["Backflip","Poisoned Stab"],"picked":"Tools of the Trade","floor":25}],"player_experience":506506,"relics_obtained":[{"floor":9.0,"key":"Pantograph"},{"floor":11.0,"key":"Blue Candle"},{"floor":23,"key":"Matryoshka"},{"floor":26,"key":"Snake Skull"},{"floor":26,"key":"Girya"}],"event_choices":[{"cards_removed":["Strike_G"],"damage_healed":0.0,"max_hp_gain":0.0,"max_hp_loss":0.0,"gold_gain":0.0,"event_name":"The Cleric","player_choice":"Card Removal","floor":2.0,"gold_loss":50.0,"damage_taken":0.0},{"damage_healed":0.0,"max_hp_gain":0.0,"max_hp_loss":0.0,"gold_gain":0.0,"cards_transformed":["Defend_G"],"event_name":"Living Wall","player_choice":"Change","floor":4.0,"gold_loss":0.0,"damage_taken":0.0,"cards_obtained":["Glass Knife"]},{"cards_removed":["Strike_G"],"damage_healed":0.0,"max_hp_gain":0.0,"max_hp_loss":0.0,"gold_gain":0.0,"event_name":"Wheel of Change","player_choice":"Card Removal","floor":7.0,"gold_loss":0.0,"damage_taken":0.0},{"damage_healed":0.0,"max_hp_gain":5.0,"max_hp_loss":0.0,"gold_gain":0.0,"event_name":"Forgotten Altar","player_choice":"Shed Blood","floor":19.0,"gold_loss":0.0,"damage_taken":18.0},{"damage_healed":0.0,"max_hp_gain":0.0,"max_hp_loss":0.0,"gold_gain":0.0,"event_name":"N\u0027loth","player_choice":"Traded Relic","floor":21.0,"relics_lost":["Empty Cage"],"gold_loss":0.0,"damage_taken":0.0,"relics_obtained":["Nloth\u0027s Gift"]}],"is_beta":false,"boss_relics":[{"not_picked":["Coffee Dripper","Black Star"],"picked":"Empty Cage"}],"items_purged_floors":[],"is_endless":false,"potions_floor_spawned":[3,14,16,18,23],"killed_by":"Gremlin Leader","ascension_level":11}