{"gold_per_floor":[118,131,145,74,86,86,99,128,154,168,168,188,208,208,208,312,312,332,58,58,38,38,38,49,49,49,76,76,104,24,41,41,41],"floor_reached":33,"playtime":1618,"items_purged":["Strike_B"],"score":431,"play_id":"9ec41420-e9dc-48b4-a288-19b1d78dbc47","local_time":"20180829113945","is_ascension_mode":true,"campfire_choices":[{"data":"Sunder","floor":6,"key":"SMITH"},{"floor":11,"key":"REST"},{"data":"Dualcast","floor":15,"key":"SMITH"},{"floor":23,"key":"REST"},{"data":"Blizzard","floor":25,"key":"SMITH"},{"floor":28,"key":"REST"},{"data":"Streamline","floor":32,"key":"SMITH"}],"neow_cost":"NONE","seed_source_timestamp":84086157380156,"circlet_count":0,"master_deck":["Strike_B","Strike_B","Strike_B","Defend_B","Defend_B","Defend_B","Defend_B","Zap+1","Dualcast+1","AscendersBane","Leap","Sunder+1","Auto Shields","Chill","Glacier","Streamline+1","Undo","Cold Snap","Hyperbeam","Ball Lightning","Chill","Blizzard+1","Conserve Battery","Ball Lightning","Go for the Eyes+1","Cold Snap","Go for the Eyes+1"],"relics":["Cracked Core","Oddly Smooth Stone","Centennial Puzzle","Orrery","Bag of Preparation","Shuriken","The Courier","Art of War","Happy Flower"],"potions_floor_usage":[8,8,8,8,16,16,27,29,33,33,33],"damage_taken":[{"damage":12,"enemies":"Jaw Worm","floor":1,"turns":4},{"damage":1,"enemies":"Cultist","floor":2,"turns":3},{"damage":7,"enemies":"2 Louse","floor":3,"turns":2},{"damage":0,"enemies":"Large Slime","floor":5,"turns":4},{"damage":8,"enemies":"Looter","floor":7,"turns":4},{"damage":13,"enemies":"Lagavulin","floor":8,"turns":6},{"damage":0,"enemies":"2 Fungi Beasts","floor":10,"turns":5},{"damage":14,"enemies":"Red Slaver","floor":12,"turns":2},{"damage":0,"enemies":"Large Slime","floor":13,"turns":6},{"damage":23,"enemies":"Hexaghost","floor":16,"turns":16},{"damage":17,"enemies":"3 Byrds","floor":18,"turns":6},{"damage":0,"enemies":"Spheric Guardian","floor":24,"turns":4},{"damage":36,"enemies":"Gremlin Leader","floor":27,"turns":8},{"damage":2,"enemies":"Slavers","floor":29,"turns":6},{"damage":0,"enemies":"Centurion and Healer","floor":31,"turns":8},{"damage":87,"enemies":"Collector","floor":33,"turns":12}],"seed_played":"-6262414199804083052","potions_obtained":[{"floor":2,"key":"Dexterity Potion"},{"floor":8,"key":"Fire Potion"},{"floor":13,"key":"EssenceOfSteel"},{"floor":16,"key":"FearPotion"},{"floor":18,"key":"Ancient Potion"},{"floor":21,"key":"Swift Potion"},{"floor":31,"key":"Regen Potion"}],"is_trial":false,"path_per_floor":["M","M","M","$","M","R","M","E","T","M","R","M","M","?","R","B",null,"M","$","?","?","T","R","M","R","T","E","R","E","$","M","R"],"character_chosen":"DEFECT","items_purchased":["Auto Shields","Bag of Preparation","Ball Lightning","Strength Potion","Strength Potion"],"campfire_rested":3,"item_purchase_floors":[4,19,19,30,30],"current_hp_per_floor":[56,55,48,48,48,48,40,27,27,27,49,35,35,35,35,12,59,42,42,42,42,42,64,64,64,64,28,50,48,48,48,48,0],"gold":41,"neow_bonus":"THREE_SMALL_POTIONS","is_prod":false,"is_daily":false,"chose_seed":false,"campfire_upgraded":4,"win_rate":0,"timestamp":1535553585,"path_taken":["M","M","M","$","M","R","M","E","T","M","R","M","M","?","R","BOSS","M","$","?","?","?","R","M","R","T","E","R","E","?","M","R","BOSS"],"build_version":"2018-07-12","purchased_purges":1,"victory":false,"max_hp_per_floor":[75,75,75,75,75,75,75,75,75,75,75,75,75,75,75,75,75,75,75,75,75,75,75,75,75,75,75,75,75,75,75,75,75],"card_choices":[{"not_picked":["Rip and Tear","Coolheaded"],"picked":"Leap","floor":1},{"not_picked":["Chaos","Leap","Static Discharge"],"picked":"SKIP","floor":2},{"not_picked":["Rebound","Scrape"],"picked":"Sunder","floor":3},{"not_picked":["Barrage","Gash"],"picked":"Chill","floor":5},{"not_picked":["Rebound","Double Energy","Scrape"],"picked":"SKIP","floor":7},{"not_picked":["Stack","Gash"],"picked":"Glacier","floor":8},{"not_picked":["Redo","Go for the Eyes"],"picked":"Streamline","floor":10},{"not_picked":["Coolheaded","Redo"],"picked":"Undo","floor":12},{"not_picked":["Reboot","Gash"],"picked":"Cold Snap","floor":13},{"not_picked":["Fission","Meteor Strike"],"picked":"Hyperbeam","floor":16},{"not_picked":["Barrage","Recycle"],"picked":"Ball Lightning","floor":17},{"not_picked":["Aggregate","Gash"],"picked":"Chill","floor":17},{"not_picked":["Beam Cell","Loop"],"picked":"Blizzard","floor":17},{"not_picked":["Gash","Blizzard"],"picked":"Conserve Battery","floor":18},{"not_picked":["Redo","Compile Driver"],"picked":"Go for the Eyes+1","floor":24},{"not_picked":["Reinforced Body","Multi-Cast","Fusion"],"picked":"SKIP","floor":27},{"not_picked":["Conserve Battery","Machine Learning"],"picked":"Cold Snap","floor":29},{"not_picked":["Rip and Tear","Hologram"],"picked":"Go for the Eyes+1","floor":31}],"player_experience":732467,"relics_obtained":[{"floor":8,"key":"Oddly Smooth Stone"},{"floor":9,"key":"Centennial Puzzle"},{"floor":22,"key":"Shuriken"},{"floor":26,"key":"The Courier"},{"floor":27,"key":"Art of War"},{"floor":29,"key":"Happy Flower"}],"event_choices":[{"event_name":"Upgrade Shrine","player_choice":"Upgraded","floor":14,"damage_taken":0},{"event_name":"Cursed Tome","player_choice":"Ignored","floor":20,"damage_taken":0},{"event_name":"The Woman in Blue","player_choice":"Bought 1 Potion","floor":21,"damage_taken":0}],"boss_relics":[{"not_picked":["Empty Cage","White Beast Statue"],"picked":"Orrery"}],"items_purged_floors":[19],"is_endless":false,"potions_floor_spawned":[2,5,8,10,13,16,18,31],"killed_by":"Collector","ascension_level":10}