{"gold_per_floor":[17,29,47,60,60,60,99,99,122,122,142,175,187,199,211,351,363,399,435,461,494,54,93,93,133,181,181,206,135,135,159,159,159],"floor_reached":33,"playtime":1335,"items_purged":["Strike_B"],"score":399,"play_id":"9f3be3e4-fbea-4864-88d9-431f79d5650e","local_time":"20190516155657","is_ascension_mode":true,"campfire_choices":[{"data":"Static Discharge","floor":6.0,"key":"SMITH"},{"data":"Zap","floor":10.0,"key":"SMITH"},{"data":"Seek","floor":13,"key":"SMITH"},{"floor":15,"key":"REST"},{"floor":24,"key":"DIG"},{"data":"Self Repair","floor":30,"key":"SMITH"},{"data":"Loop","floor":32,"key":"SMITH"}],"neow_cost":"NO_GOLD","seed_source_timestamp":21685853240933,"circlet_count":0,"master_deck":["Strike_B","Strike_B","Strike_B","Defend_B","Defend_B","Defend_B","Defend_B","Zap+1","Dualcast","Electrodynamics","Lockon","Rebound","Static Discharge+1","Seek+1","Ball Lightning","Multi-Cast+1","Buffer","Cold Snap","Chill+1","Conserve Battery","Loop+1","Go for the Eyes","Self Repair+1","Seek+1","Capacitor","Reinforced Body"],"special_seed":0,"relics":["Cracked Core","Golden Idol","Omamori","FaceOfCleric","Lantern","MawBank","Coffee Dripper","Shovel","DataDisk","Torii","StoneCalendar","Centennial Puzzle"],"potions_floor_usage":[12,23,23,33],"damage_taken":[{"damage":4.0,"enemies":"Jaw Worm","floor":1.0,"turns":4.0},{"damage":0.0,"enemies":"Small Slimes","floor":2.0,"turns":2.0},{"damage":1.0,"enemies":"Cultist","floor":3.0,"turns":3.0},{"damage":16.0,"enemies":"2 Fungi Beasts","floor":4.0,"turns":3.0},{"damage":18.0,"enemies":"Lagavulin","floor":7.0,"turns":6.0},{"damage":0.0,"enemies":"Gremlin Gang","floor":11.0,"turns":3.0},{"damage":20,"enemies":"Gremlin Nob","floor":12,"turns":2},{"damage":0,"enemies":"Slime Boss","floor":16,"turns":6},{"damage":6,"enemies":"Spheric Guardian","floor":18,"turns":3},{"damage":0,"enemies":"Chosen","floor":19,"turns":4},{"damage":22,"enemies":"Snake Plant","floor":20,"turns":2},{"damage":7,"enemies":"Centurion and Healer","floor":21,"turns":2},{"damage":7,"enemies":"Slavers","floor":23,"turns":2},{"damage":14,"enemies":"Gremlin Leader","floor":25,"turns":4},{"damage":9,"enemies":"Sentry and Sphere","floor":28,"turns":3},{"damage":12,"enemies":"Snecko","floor":31,"turns":5},{"damage":15,"enemies":"Automaton","floor":33,"turns":2}],"seed_played":"-2782571068657355846","potions_obtained":[{"floor":4.0,"key":"SkillPotion"},{"floor":7.0,"key":"Strength Potion"},{"floor":16,"key":"Explosive Potion"},{"floor":18,"key":"Poison Potion"},{"floor":19,"key":"Regen Potion"},{"floor":23,"key":"FearPotion"},{"floor":25,"key":"FocusPotion"}],"is_trial":false,"path_per_floor":["M","M","M","M","?","R","E","?","T","R","M","E","R","?","R","B",null,"M","M","M","M","$","E","R","E","T","?","M","$","R","M","R","B"],"character_chosen":"DEFECT","items_purchased":["Loop","Shovel","Capacitor"],"campfire_rested":1,"item_purchase_floors":[22,22,29],"current_hp_per_floor":[71,71,70,54,54,54,36,36,36,36,37,18,18,18,39,40,72,67,68,47,41,41,40,40,27,27,27,26,26,26,15,15,0],"gold":159,"neow_bonus":"THREE_RARE_CARDS","is_prod":false,"is_daily":false,"chose_seed":false,"campfire_upgraded":5,"win_rate":0,"timestamp":1558036617,"path_taken":["M","M","M","M","?","R","E","?","T","R","?","E","R","?","R","BOSS","M","?","M","M","$","E","R","E","T","?","?","?","R","M","R","BOSS"],"build_version":"2019-01-23","purchased_purges":1,"victory":false,"max_hp_per_floor":[75,75,75,75,69,69,69,69,69,69,70,71,71,71,71,72,72,73,74,75,76,76,77,77,78,78,78,79,79,79,80,80,80],"card_choices":[{"not_picked":["All For One","Creative AI"],"picked":"Electrodynamics","floor":0.0},{"not_picked":["Beam Cell","Streamline","Hello World"],"picked":"SKIP","floor":1.0},{"not_picked":["Rebound","Leap"],"picked":"Lockon","floor":2.0},{"not_picked":["Compile Driver","Barrage"],"picked":"Rebound","floor":3.0},{"not_picked":["Turbo","Hologram"],"picked":"Static Discharge","floor":4.0},{"not_picked":["Chill","Compile Driver"],"picked":"Seek","floor":7.0},{"not_picked":["Reinforced Body","Compile Driver"],"picked":"Ball Lightning","floor":11.0},{"not_picked":["Barrage","Turbo"],"picked":"Multi-Cast","floor":12},{"not_picked":["Amplify","Electrodynamics"],"picked":"Buffer","floor":16},{"not_picked":["Ball Lightning","Static Discharge+1"],"picked":"Cold Snap","floor":18},{"not_picked":["Leap","Turbo","Rebound+1"],"picked":"SKIP","floor":19},{"not_picked":["Tempest","Hologram"],"picked":"Chill+1","floor":20},{"not_picked":["Leap+1","Static Discharge"],"picked":"Conserve Battery","floor":21},{"not_picked":["Chaos","Redo"],"picked":"Go for the Eyes","floor":23},{"not_picked":["Core Surge","Defragment"],"picked":"Self Repair","floor":25},{"not_picked":["Beam Cell","Leap","Redo"],"picked":"SKIP","floor":28},{"not_picked":["Double Energy","Barrage"],"picked":"Reinforced Body","floor":31}],"player_experience":253355,"relics_obtained":[{"floor":7.0,"key":"Omamori"},{"floor":9.0,"key":"Lantern"},{"floor":12,"key":"MawBank"},{"floor":23,"key":"DataDisk"},{"floor":24,"key":"Torii"},{"floor":25,"key":"StoneCalendar"},{"floor":26,"key":"Centennial Puzzle"}],"event_choices":[{"damage_healed":0.0,"max_hp_gain":0.0,"max_hp_loss":6.0,"gold_gain":0.0,"event_name":"Golden Idol","player_choice":"Lose Max HP","floor":5.0,"gold_loss":0.0,"damage_taken":0.0,"relics_obtained":["Golden Idol"]},{"damage_healed":0.0,"max_hp_gain":0.0,"max_hp_loss":0.0,"gold_gain":0.0,"event_name":"FaceTrader","player_choice":"Trade","floor":8.0,"gold_loss":0.0,"damage_taken":0.0,"relics_obtained":["FaceOfCleric"]},{"damage_healed":0,"gold_gain":0,"player_choice":"Forge","damage_taken":0,"max_hp_gain":0,"max_hp_loss":0,"event_name":"Accursed Blacksmith","floor":14,"gold_loss":0,"cards_upgraded":["Multi-Cast"]},{"damage_healed":0,"gold_gain":0,"player_choice":"Copied","damage_taken":0,"max_hp_gain":0,"max_hp_loss":0,"event_name":"Duplicator","floor":27,"gold_loss":0,"cards_obtained":["Seek"]}],"is_beta":false,"boss_relics":[{"not_picked":["Calling Bell","Pandora\u0027s Box"],"picked":"Coffee Dripper"}],"items_purged_floors":[22],"is_endless":false,"potions_floor_spawned":[4,7,16,18,19,23,25],"killed_by":"Automaton","ascension_level":3}