{"gold_per_floor":[113,113,136,136,61,61,100,113,113,134,34,34,49,90,90,179,179,198,198,222,247,172,172,192,67,90,102,138,164,216,228,240,346,358,385,418,195,216,230,264,264,264,264,280,298,317,317,332,332,332,332],"floor_reached":51,"playtime":3061,"items_purged":["Strike_R","Strike_R","Strike_R","Strike_R"],"score":1376,"play_id":"bb9d2d59-9c0f-4e94-a1c2-eae0dbf3ce9e","local_time":"20190402221039","is_ascension_mode":true,"campfire_choices":[{"data":"True Grit","floor":6.0,"key":"SMITH"},{"data":"Juggernaut","floor":12.0,"key":"SMITH"},{"data":"Fiend Fire","floor":15.0,"key":"SMITH"},{"data":"Body Slam","floor":23.0,"key":"SMITH"},{"data":"Pommel Strike","floor":27.0,"key":"SMITH"},{"data":"Flex","floor":32.0,"key":"SMITH"},{"floor":41.0,"key":"REST"},{"floor":49,"key":"RECALL"}],"neow_cost":"NONE","seed_source_timestamp":40382764529636,"circlet_count":0,"master_deck":["AscendersBane","Defend_R","Defend_R","Defend_R","Defend_R","Bash","True Grit+1","Evolve","Juggernaut+1","Second Wind","Battle Trance","Flex+1","Disarm","Fiend Fire+1","Body Slam+1","Pommel Strike+1","Shrug It Off","Entrench","Impervious","Armaments+1","Exhume","Burning Pact","Demon Form","Reckless Charge","Feel No Pain+1"],"special_seed":0,"relics":["Burning Blood","NeowsBlessing","Golden Idol","Pocketwatch","Prayer Wheel","Gremlin Horn","Velvet Choker","MawBank","Mercury Hourglass","Runic Dome","Boot"],"potions_floor_usage":[51],"damage_taken":[{"damage":0.0,"enemies":"Small Slimes","floor":1.0,"turns":1.0},{"damage":0.0,"enemies":"2 Louse","floor":3.0,"turns":2.0},{"damage":0.0,"enemies":"Lagavulin","floor":7.0,"turns":1.0},{"damage":2.0,"enemies":"Jaw Worm","floor":8.0,"turns":5.0},{"damage":1.0,"enemies":"Exordium Wildlife","floor":10.0,"turns":4.0},{"damage":0.0,"enemies":"Blue Slaver","floor":13.0,"turns":3.0},{"damage":32.0,"enemies":"3 Sentries","floor":14.0,"turns":9.0},{"damage":29.0,"enemies":"Hexaghost","floor":16.0,"turns":9.0},{"damage":0.0,"enemies":"Chosen","floor":18.0,"turns":3.0},{"damage":0.0,"enemies":"3 Byrds","floor":20.0,"turns":5.0},{"damage":8.0,"enemies":"Sentry and Sphere","floor":21.0,"turns":6.0},{"damage":0.0,"enemies":"Centurion and Healer","floor":24.0,"turns":6.0},{"damage":0.0,"enemies":"Snecko","floor":28.0,"turns":2.0},{"damage":10.0,"enemies":"Shelled Parasite and Fungi","floor":29.0,"turns":4.0},{"damage":4.0,"enemies":"Book of Stabbing","floor":30.0,"turns":3.0},{"damage":77.0,"enemies":"Collector","floor":33.0,"turns":7.0},{"damage":0.0,"enemies":"Orb Walker","floor":35.0,"turns":3.0},{"damage":17.0,"enemies":"3 Darklings","floor":36.0,"turns":5.0},{"damage":6.0,"enemies":"Jaw Worm Horde","floor":38.0,"turns":5.0},{"damage":18.0,"enemies":"Writhing Mass","floor":39.0,"turns":6.0},{"damage":30.0,"enemies":"Nemesis","floor":40.0,"turns":5.0},{"damage":0.0,"enemies":"Sphere and 2 Shapes","floor":44.0,"turns":5.0},{"damage":2.0,"enemies":"4 Shapes","floor":45.0,"turns":6.0},{"damage":12.0,"enemies":"Writhing Mass","floor":46.0,"turns":4.0},{"damage":6,"enemies":"Jaw Worm Horde","floor":48,"turns":5},{"damage":36,"enemies":"Time Eater","floor":50,"turns":10},{"damage":29,"enemies":"Donu and Deca","floor":51,"turns":4}],"seed_played":"2846539587928380022","potions_obtained":[{"floor":7.0,"key":"AttackPotion"},{"floor":8.0,"key":"SkillPotion"},{"floor":16.0,"key":"Ancient Potion"},{"floor":18.0,"key":"Energy Potion"},{"floor":28.0,"key":"SteroidPotion"},{"floor":38.0,"key":"Weak Potion"},{"floor":40.0,"key":"GamblersBrew"}],"is_trial":false,"path_per_floor":["M","?","M","?","$","R","E","M","T","M","$","R","M","E","R","B",null,"M","?","M","M","?","R","M","$","T","R","M","M","E","$","R","B",null,"M","M","$","M","M","E","R","?","T","M","M","M","?","M","R","B","B"],"character_chosen":"IRONCLAD","items_purchased":["Burning Pact"],"campfire_rested":1,"item_purchase_floors":[37],"current_hp_per_floor":[74,48,54,59,59,59,65,69,69,74,74,74,80,54,54,31,68,74,74,80,78,78,78,80,80,80,80,80,76,78,78,78,7,62,68,57,57,57,45,21,45,45,45,51,55,49,49,49,49,19,0],"gold":332,"neow_bonus":"THREE_ENEMY_KILL","is_prod":false,"is_daily":false,"chose_seed":false,"campfire_upgraded":6,"win_rate":0,"timestamp":1554214239,"path_taken":["M","?","M","?","?","R","E","M","T","M","?","R","M","E","R","BOSS","M","?","M","M","?","R","M","$","T","R","M","M","E","?","R","BOSS","M","M","$","M","M","E","R","?","T","M","M","M","?","M","R","BOSS","BOSS"],"build_version":"2019-01-23","purchased_purges":4,"victory":false,"max_hp_per_floor":[75,75,75,80,80,80,80,80,80,80,80,80,80,80,80,80,80,80,80,80,80,80,80,80,80,80,80,80,80,80,80,80,80,80,80,80,80,80,80,80,80,80,80,80,80,80,80,80,80,80,80],"card_choices":[{"not_picked":["Shrug It Off","Iron Wave"],"picked":"True Grit","floor":1.0},{"not_picked":["Sever Soul","Fire Breathing"],"picked":"Evolve","floor":3.0},{"not_picked":["Headbutt","Shrug It Off"],"picked":"Juggernaut","floor":7.0},{"not_picked":["Sever Soul","Fire Breathing","Havoc"],"picked":"SKIP","floor":8.0},{"not_picked":["Wild Strike","Shockwave"],"picked":"Second Wind","floor":10.0},{"not_picked":["Shrug It Off","Seeing Red"],"picked":"Battle Trance","floor":10.0},{"not_picked":["Iron Wave","Pommel Strike"],"picked":"Flex","floor":13.0},{"not_picked":["Berserk","Armaments"],"picked":"Disarm","floor":13.0},{"not_picked":["Body Slam","Armaments"],"picked":"Fiend Fire","floor":14.0},{"not_picked":["Rupture","Metallicize+1"],"picked":"Body Slam","floor":18.0},{"not_picked":["Searing Blow","Whirlwind"],"picked":"Pommel Strike","floor":18.0},{"not_picked":["Cleave","Fire Breathing"],"picked":"Shrug It Off","floor":20.0},{"not_picked":["Headbutt+1","Clothesline","Metallicize"],"picked":"SKIP","floor":20.0},{"not_picked":["Flex","Rage","Perfected Strike"],"picked":"SKIP","floor":21.0},{"not_picked":["Reckless Charge","Body Slam","Cleave"],"picked":"SKIP","floor":21.0},{"not_picked":["Twin Strike","Dual Wield"],"picked":"Entrench","floor":24.0},{"not_picked":["Headbutt","Warcry","Juggernaut"],"picked":"SKIP","floor":24.0},{"not_picked":["Headbutt","Hemokinesis","True Grit"],"picked":"SKIP","floor":28.0},{"not_picked":["Armaments","Flex","Corruption"],"picked":"SKIP","floor":28.0},{"not_picked":["Headbutt","Hemokinesis","True Grit"],"picked":"SKIP","floor":28.0},{"not_picked":["Armaments","Flex","Corruption"],"picked":"SKIP","floor":28.0},{"not_picked":["Thunderclap","Disarm","Pommel Strike"],"picked":"SKIP","floor":29.0},{"not_picked":["True Grit+1","Rage","Headbutt+1"],"picked":"SKIP","floor":29.0},{"not_picked":["True Grit","Infernal Blade+1"],"picked":"Impervious","floor":30.0},{"not_picked":["Twin Strike+1","Inflame"],"picked":"Armaments+1","floor":35.0},{"not_picked":["Reckless Charge","Pommel Strike","Anger"],"picked":"SKIP","floor":35.0},{"not_picked":["Perfected Strike","Twin Strike"],"picked":"Exhume","floor":36.0},{"not_picked":["Sever Soul+1","Thunderclap+1","Wild Strike+1"],"picked":"SKIP","floor":36.0},{"not_picked":["Heavy Blade","Armaments","Spot Weakness"],"picked":"SKIP","floor":38.0},{"not_picked":["Thunderclap","Metallicize","True Grit+1"],"picked":"SKIP","floor":38.0},{"not_picked":["Burning Pact+1","Armaments","Sword Boomerang"],"picked":"SKIP","floor":39.0},{"not_picked":["Inflame","Searing Blow","Perfected Strike"],"picked":"SKIP","floor":39.0},{"not_picked":["Hemokinesis","Heavy Blade","Armaments"],"picked":"SKIP","floor":40.0},{"not_picked":["Havoc+1","Anger","True Grit"],"picked":"SKIP","floor":44.0},{"not_picked":["Thunderclap","Anger+1","Headbutt"],"picked":"SKIP","floor":44.0},{"not_picked":["Cleave","Sentinel+1"],"picked":"Demon Form","floor":45.0},{"not_picked":["Armaments","Rupture","Shockwave+1"],"picked":"SKIP","floor":45.0},{"not_picked":["Carnage","Uppercut","Body Slam+1"],"picked":"SKIP","floor":46.0},{"not_picked":["Perfected Strike","Armaments","Wild Strike"],"picked":"SKIP","floor":46.0},{"not_picked":["Rampage+1","Clash"],"picked":"Feel No Pain+1","floor":48},{"not_picked":["Wild Strike","Clash","Corruption"],"picked":"SKIP","floor":48},{"not_picked":["Wild Strike","Clash","Corruption"],"picked":"SKIP","floor":48}],"player_experience":1416318,"relics_obtained":[{"floor":7.0,"key":"Pocketwatch"},{"floor":9.0,"key":"Prayer Wheel"},{"floor":14.0,"key":"Gremlin Horn"},{"floor":26.0,"key":"MawBank"},{"floor":30.0,"key":"Mercury Hourglass"},{"floor":40.0,"key":"Boot"}],"event_choices":[{"damage_healed":0.0,"max_hp_gain":0.0,"max_hp_loss":0.0,"gold_gain":0.0,"event_name":"Golden Idol","player_choice":"Take Damage","floor":2.0,"gold_loss":0.0,"damage_taken":26.0,"relics_obtained":["Golden Idol"]},{"damage_healed":0.0,"max_hp_gain":5.0,"max_hp_loss":0.0,"gold_gain":0.0,"event_name":"Big Fish","player_choice":"Donut","floor":4.0,"gold_loss":0.0,"damage_taken":0.0},{"damage_healed":0.0,"max_hp_gain":0.0,"max_hp_loss":0.0,"gold_gain":0.0,"event_name":"Cursed Tome","player_choice":"Ignored","floor":19.0,"gold_loss":0.0,"damage_taken":0.0},{"cards_removed":["Strike_R"],"damage_healed":0.0,"max_hp_gain":0.0,"max_hp_loss":0.0,"gold_gain":0.0,"event_name":"Beggar","player_choice":"Gave Gold","floor":22.0,"gold_loss":75.0,"damage_taken":0.0},{"damage_healed":0.0,"max_hp_gain":0.0,"max_hp_loss":0.0,"gold_gain":0.0,"event_name":"Mysterious Sphere","player_choice":"Ignored","floor":42.0,"gold_loss":0.0,"damage_taken":0.0},{"damage_healed":0,"gold_gain":0,"player_choice":"1 cards matched","damage_taken":0,"max_hp_gain":0,"max_hp_loss":0,"event_name":"Match and Keep!","floor":47,"gold_loss":0,"cards_obtained":["Reckless Charge"]}],"is_beta":false,"boss_relics":[{"not_picked":["Runic Cube","Astrolabe"],"picked":"Velvet Choker"},{"not_picked":["Cursed Key","Busted Crown"],"picked":"Runic Dome"}],"items_purged_floors":[5,11,25,37],"is_endless":false,"potions_floor_spawned":[7,8,10,16,18,20,28,38,40,46],"killed_by":"Donu and Deca","ascension_level":20}