{"gold_per_floor":[110,124,124,124,41,41,76,76,148,178,197,59,59,75,75,153,153,169,169,7,7,39,39,53,82,107,107,119,119,119,132,132,203,203,214,33,33,33,53,86,86,101,101,101,115,144,144,170,170,170],"floor_reached":50,"playtime":2198,"items_purged":["Strike_G","Bite"],"score":1213,"play_id":"48a7b0ad-ca46-40bd-b782-ad19825ecda5","local_time":"20190507154920","is_ascension_mode":true,"campfire_choices":[{"floor":6,"key":"REST"},{"floor":8,"key":"REST"},{"data":"Noxious Fumes","floor":13,"key":"SMITH"},{"floor":15,"key":"REST"},{"floor":23,"key":"REST"},{"floor":27,"key":"REST"},{"data":"Catalyst","floor":29,"key":"SMITH"},{"data":"Footwork","floor":32,"key":"SMITH"},{"floor":41,"key":"RECALL"},{"data":"Well Laid Plans","floor":44,"key":"SMITH"},{"data":"Catalyst","floor":47,"key":"SMITH"},{"data":"Catalyst","floor":49,"key":"SMITH"}],"neow_cost":"NONE","seed_source_timestamp":175656050292516,"circlet_count":0,"master_deck":["AscendersBane","Defend_G+1","Defend_G+1","Defend_G+1","Defend_G+1","Defend_G+1","Survivor","Neutralize","Dagger Throw+1","Noxious Fumes+1","Dodge and Roll","Dagger Throw","Dagger Spray","Footwork+1","Dagger Spray","Adrenaline","Well Laid Plans+1","Catalyst+1","Catalyst+1","Backstab","Bouncing Flask+1","Bite+1","Bite","Bite","Bite","Dodge and Roll","Catalyst+1","Crippling Poison","Predator+1","PiercingWail"],"relics":["Ring of the Snake","Boot","Snake Skull","Pen Nib","Gremlin Horn","Ancient Tea Set","Philosopher\u0027s Stone","Enchiridion","Red Mask","Art of War","Sozu","FaceOfCleric","Strawberry","Bird Faced Urn","Question Card","Whetstone"],"potions_floor_usage":[16,18,22,25,50,50],"damage_taken":[{"damage":1,"enemies":"2 Louse","floor":1,"turns":3},{"damage":7,"enemies":"Small Slimes","floor":2,"turns":4},{"damage":34,"enemies":"3 Sentries","floor":7,"turns":8},{"damage":3,"enemies":"Jaw Worm","floor":11,"turns":5},{"damage":5,"enemies":"Looter","floor":14,"turns":3},{"damage":16,"enemies":"Slime Boss","floor":16,"turns":7},{"damage":8,"enemies":"Chosen","floor":18,"turns":5},{"damage":5,"enemies":"Masked Bandits","floor":22,"turns":3},{"damage":3,"enemies":"Spheric Guardian","floor":24,"turns":5},{"damage":37,"enemies":"Slavers","floor":25,"turns":4},{"damage":0,"enemies":"Cultist and Chosen","floor":28,"turns":6},{"damage":4,"enemies":"Snecko","floor":31,"turns":3},{"damage":22,"enemies":"Automaton","floor":33,"turns":8},{"damage":8,"enemies":"Orb Walker","floor":35,"turns":4},{"damage":0,"enemies":"3 Shapes","floor":39,"turns":3},{"damage":31,"enemies":"Giant Head","floor":40,"turns":7},{"damage":0,"enemies":"Writhing Mass","floor":42,"turns":3},{"damage":0,"enemies":"Sphere and 2 Shapes","floor":45,"turns":4},{"damage":43,"enemies":"Reptomancer","floor":46,"turns":6},{"damage":0,"enemies":"Giant Head","floor":48,"turns":4},{"damage":62,"enemies":"Donu and Deca","floor":50,"turns":6}],"seed_played":"3197284079059533654","potions_obtained":[{"floor":7,"key":"GhostInAJar"},{"floor":11,"key":"Strength Potion"},{"floor":16,"key":"Weak Potion"},{"floor":18,"key":"Strength Potion"},{"floor":24,"key":"Fruit Juice"},{"floor":25,"key":"EntropicBrew"}],"is_trial":false,"path_per_floor":["M","M","?","?","$","R","E","R","T","?","M","$","R","M","R","B",null,"M","?","$","?","?","R","M","E","T","R","M","R","?","M","R","B",null,"M","$","?","?","M","E","R","M","T","R","M","E","R","E","R","B"],"character_chosen":"THE_SILENT","items_purchased":["Noxious Fumes","Dagger Spray","Footwork","Well Laid Plans","Catalyst"],"campfire_rested":5,"item_purchase_floors":[5,12,12,20,36],"current_hp_per_floor":[58,51,40,33,33,52,18,37,37,37,34,34,34,29,48,32,58,50,29,29,29,24,43,40,8,8,29,29,29,29,29,29,25,43,41,41,41,41,48,31,31,36,36,36,51,24,24,39,39,0],"gold":170,"neow_bonus":"RANDOM_COMMON_RELIC","is_prod":false,"is_daily":false,"chose_seed":false,"campfire_upgraded":6,"win_rate":0,"timestamp":1557254960,"path_taken":["M","M","?","?","$","R","E","R","T","?","M","?","R","M","R","BOSS","M","?","$","?","?","R","M","E","T","R","M","R","?","M","R","BOSS","M","$","?","?","M","E","R","M","T","R","M","E","R","E","R","BOSS"],"build_version":"2019-01-23","purchased_purges":2,"victory":false,"max_hp_per_floor":[66,66,66,66,66,66,66,66,66,66,66,66,66,66,66,66,66,66,66,66,66,66,66,66,71,71,71,71,71,49,49,49,49,49,49,49,47,47,48,56,56,57,57,57,58,59,59,60,60,60],"card_choices":[{"not_picked":["Acrobatics","Escape Plan"],"picked":"Dagger Throw","floor":1},{"not_picked":["Flechettes","Sucker Punch","Prepared"],"picked":"SKIP","floor":2},{"not_picked":["Distraction","Grand Finale"],"picked":"Dodge and Roll","floor":7},{"not_picked":["Reflex","Setup"],"picked":"Dagger Throw","floor":11},{"not_picked":["Deadly Poison","Poisoned Stab"],"picked":"Dagger Spray","floor":14},{"not_picked":["Unload","Grand Finale"],"picked":"Adrenaline","floor":16},{"not_picked":["Outmaneuver","Slice","Prepared"],"picked":"SKIP","floor":18},{"not_picked":["Terror","Deflect"],"picked":"Catalyst","floor":22},{"not_picked":["Heel Hook","Dagger Spray"],"picked":"Catalyst","floor":24},{"not_picked":["Concentrate","Unload"],"picked":"Backstab","floor":25},{"not_picked":["Dagger Throw","Cloak And Dagger"],"picked":"Bouncing Flask+1","floor":28},{"not_picked":["Flechettes+1","Dagger Spray"],"picked":"Dodge and Roll","floor":31},{"not_picked":["Slice+1","Prepared","All Out Attack"],"picked":"SKIP","floor":35},{"not_picked":["Escape Plan","Acrobatics"],"picked":"Crippling Poison","floor":39},{"not_picked":["Infinite Blades","Sucker Punch"],"picked":"Predator+1","floor":40},{"not_picked":["Deflect","Bouncing Flask","Choke"],"picked":"SKIP","floor":42},{"not_picked":["Flechettes+1","Endless Agony","Dagger Throw"],"picked":"SKIP","floor":45},{"not_picked":["Infinite Blades","Quick Slash","Noxious Fumes"],"picked":"SKIP","floor":46},{"not_picked":["Infinite Blades","Quick Slash","Noxious Fumes"],"picked":"SKIP","floor":46},{"not_picked":["Outmaneuver","Riddle With Holes","Eviscerate+1"],"picked":"PiercingWail","floor":48}],"player_experience":2277341,"relics_obtained":[{"floor":7,"key":"Pen Nib"},{"floor":9,"key":"Gremlin Horn"},{"floor":19,"key":"Enchiridion"},{"floor":22,"key":"Red Mask"},{"floor":25,"key":"Art of War"},{"floor":40,"key":"Strawberry"},{"floor":43,"key":"Bird Faced Urn"},{"floor":46,"key":"Question Card"},{"floor":48,"key":"Whetstone"}],"event_choices":[{"damage_healed":0,"gold_gain":0,"player_choice":"Success","damage_taken":11,"relics_obtained":["Snake Skull"],"max_hp_gain":0,"max_hp_loss":0,"event_name":"Scrap Ooze","floor":3,"gold_loss":0},{"cards_removed":["Strike_G"],"damage_healed":0,"gold_gain":0,"player_choice":"Card Removal","damage_taken":7,"max_hp_gain":0,"max_hp_loss":0,"event_name":"Golden Wing","floor":4,"gold_loss":0},{"damage_healed":0,"gold_gain":30,"player_choice":"Searched \u00273\u0027 times","damage_taken":0,"relics_obtained":["Ancient Tea Set"],"max_hp_gain":0,"max_hp_loss":0,"event_name":"Dead Adventurer","floor":10,"gold_loss":0},{"damage_healed":0,"gold_gain":0,"player_choice":"Obtained Book","damage_taken":21,"max_hp_gain":0,"max_hp_loss":0,"event_name":"Cursed Tome","floor":19,"gold_loss":0},{"damage_healed":0,"gold_gain":0,"player_choice":"Simplicity","damage_taken":0,"max_hp_gain":0,"max_hp_loss":0,"event_name":"Back to Basics","floor":21,"gold_loss":0,"cards_upgraded":["Defend_G","Defend_G","Defend_G","Defend_G","Defend_G","Strike_G","Strike_G","Strike_G"]},{"damage_healed":0,"gold_gain":0,"player_choice":"Fought Bandits","damage_taken":0,"max_hp_gain":0,"max_hp_loss":0,"event_name":"Masked Bandits","floor":22,"gold_loss":0},{"damage_healed":0,"gold_gain":0,"player_choice":"Became a vampire","damage_taken":0,"max_hp_gain":0,"max_hp_loss":22,"event_name":"Vampires","floor":30,"gold_loss":0,"cards_obtained":["Bite","Bite","Bite","Bite","Bite"]},{"damage_healed":0,"gold_gain":0,"player_choice":"Max HP","damage_taken":0,"max_hp_gain":0,"max_hp_loss":2,"event_name":"Winding Halls","floor":37,"gold_loss":0},{"damage_healed":0,"gold_gain":0,"player_choice":"Trade","damage_taken":0,"relics_obtained":["FaceOfCleric"],"max_hp_gain":0,"max_hp_loss":0,"event_name":"FaceTrader","floor":38,"gold_loss":0}],"is_beta":false,"boss_relics":[{"not_picked":["Coffee Dripper","Eternal Feather"],"picked":"Philosopher\u0027s Stone"},{"not_picked":["Tiny House","Calling Bell"],"picked":"Sozu"}],"items_purged_floors":[20,36],"is_endless":false,"potions_floor_spawned":[7,11,16,18,24,25,35,40,45],"killed_by":"Donu and Deca","ascension_level":20}