{"gold_per_floor":[209,229,304,322,334,334,364,364,364,364,20,52,68,79,79,79],"floor_reached":16,"playtime":567,"items_purged":["Strike_B"],"score":224,"play_id":"d142537b-ba41-44ee-8f08-e545c71eb453","local_time":"20190510231249","is_ascension_mode":true,"campfire_choices":[{"data":"Zap","floor":6,"key":"SMITH"},{"floor":8,"key":"REST"},{"data":"Compile Driver","floor":10,"key":"SMITH"},{"floor":15,"key":"REST"}],"neow_cost":"NONE","seed_source_timestamp":463095436715443,"circlet_count":0,"master_deck":["AscendersBane","Strike_B","Strike_B","Strike_B","Defend_B","Defend_B","Defend_B","Defend_B","Zap+1","Dualcast","Undo","Compile Driver+1","FTL","Compile Driver","Cold Snap","Leap+1","White Noise+1"],"relics":["Cracked Core","The Courier","Toxic Egg 2","Anchor","Lantern","Sundial"],"potions_floor_usage":[7,7],"damage_taken":[{"damage":9,"enemies":"Jaw Worm","floor":1,"turns":4},{"damage":0,"enemies":"2 Louse","floor":2,"turns":2},{"damage":0,"enemies":"Cultist","floor":4,"turns":3},{"damage":9,"enemies":"Exordium Wildlife","floor":5,"turns":4},{"damage":15,"enemies":"3 Sentries","floor":7,"turns":8},{"damage":16,"enemies":"Lagavulin","floor":12,"turns":7},{"damage":1,"enemies":"Blue Slaver","floor":13,"turns":3},{"damage":0,"enemies":"Large Slime","floor":14,"turns":4},{"damage":70,"enemies":"The Guardian","floor":16,"turns":14}],"seed_played":"2867858564428656796","potions_obtained":[{"floor":1,"key":"Block Potion"},{"floor":2,"key":"Swift Potion"}],"is_trial":false,"path_per_floor":["M","M","?","M","M","R","E","R","T","R","$","E","M","M","R","B"],"character_chosen":"DEFECT","items_purchased":["Anchor","Cold Snap","Lantern"],"campfire_rested":2,"item_purchase_floors":[11,11,11],"current_hp_per_floor":[55,55,44,44,35,35,20,41,41,41,41,25,24,24,45,0],"gold":79,"neow_bonus":"HUNDRED_GOLD","is_prod":false,"is_daily":false,"chose_seed":false,"campfire_upgraded":2,"win_rate":0,"timestamp":1557540769,"path_taken":["M","M","?","M","M","R","E","R","T","R","$","E","M","M","R","BOSS"],"build_version":"2019-01-23","purchased_purges":1,"victory":false,"max_hp_per_floor":[71,71,71,71,71,71,71,71,71,71,71,71,71,71,71,71],"card_choices":[{"not_picked":["Redo","Force Field"],"picked":"Undo","floor":1},{"not_picked":["Fusion","Redo"],"picked":"Compile Driver","floor":2},{"not_picked":["Turbo","Go for the Eyes"],"picked":"FTL","floor":4},{"not_picked":["Redo","Reinforced Body"],"picked":"Compile Driver","floor":5},{"not_picked":["Thunder Strike","Gash","Machine Learning"],"picked":"SKIP","floor":7},{"not_picked":["Compile Driver","Go for the Eyes"],"picked":"Leap+1","floor":12},{"not_picked":["Barrage","Recycle+1"],"picked":"White Noise+1","floor":13},{"not_picked":["Go for the Eyes","Lockon","Barrage"],"picked":"SKIP","floor":14}],"player_experience":2307096,"relics_obtained":[{"floor":7,"key":"The Courier"},{"floor":9,"key":"Toxic Egg 2"},{"floor":12,"key":"Sundial"}],"event_choices":[{"damage_healed":0,"gold_gain":75,"player_choice":"Gather Gold","damage_taken":11,"max_hp_gain":0,"max_hp_loss":0,"event_name":"World of Goop","floor":3,"gold_loss":0}],"is_beta":false,"boss_relics":[],"items_purged_floors":[11],"is_endless":false,"potions_floor_spawned":[1,2,5],"killed_by":"The Guardian","ascension_level":20}