{"gold_per_floor":[119,131,148,165,165,165,178,195,195,211,211,222,222,222],"floor_reached":14,"playtime":399,"items_purged":[],"score":172,"play_id":"43c60d73-0b0d-44e8-b2f6-a923618b962e","local_time":"20190429230014","is_ascension_mode":true,"campfire_choices":[{"data":"Entrench","floor":6.0,"key":"SMITH"},{"floor":13,"key":"REST"}],"neow_cost":"TEN_PERCENT_HP_LOSS","seed_source_timestamp":394562494116434,"circlet_count":0,"master_deck":["AscendersBane","Strike_R","Strike_R","Strike_R","Defend_R","Defend_R","Defend_R","Defend_R","Bash","Spot Weakness","Entrench+1","Disarm","Carnage+1"],"special_seed":0,"relics":["Burning Blood","Gremlin Horn"],"potions_floor_usage":[],"damage_taken":[{"damage":24.0,"enemies":"Cultist","floor":1.0,"turns":6.0},{"damage":7.0,"enemies":"2 Louse","floor":2.0,"turns":4.0},{"damage":8.0,"enemies":"Small Slimes","floor":3.0,"turns":6.0},{"damage":14.0,"enemies":"2 Fungi Beasts","floor":4.0,"turns":6.0},{"damage":16.0,"enemies":"Exordium Wildlife","floor":7.0,"turns":6.0},{"damage":22.0,"enemies":"3 Louse","floor":8.0,"turns":6.0},{"damage":1.0,"enemies":"2 Fungi Beasts","floor":10.0,"turns":5.0},{"damage":16,"enemies":"Exordium Thugs","floor":12,"turns":5}],"seed_played":"4891933606191521180","potions_obtained":[{"floor":1.0,"key":"LiquidBronze"},{"floor":2.0,"key":"Energy Potion"},{"floor":7.0,"key":"SkillPotion"}],"is_trial":false,"path_per_floor":["M","M","M","M","?","R","M","M","T","M","?","M","R","?"],"character_chosen":"IRONCLAD","items_purchased":[],"campfire_rested":1,"item_purchase_floors":[],"current_hp_per_floor":[50,49,47,39,39,39,29,13,13,18,18,8,28,0],"gold":222,"neow_bonus":"REMOVE_TWO","is_prod":false,"is_daily":false,"chose_seed":false,"campfire_upgraded":1,"win_rate":0,"timestamp":1556550014,"path_taken":["M","M","?","M","?","R","M","M","T","?","?","M","R","?"],"build_version":"2019-01-23","purchased_purges":0,"victory":false,"max_hp_per_floor":[68,68,68,68,68,68,68,68,68,68,68,68,68,68],"card_choices":[{"not_picked":["Rage","Armaments"],"picked":"Spot Weakness","floor":1.0},{"not_picked":["Searing Blow","Uppercut"],"picked":"Entrench","floor":2.0},{"not_picked":["Headbutt","Clash","Wild Strike"],"picked":"SKIP","floor":3.0},{"not_picked":["Flex","Perfected Strike","Heavy Blade"],"picked":"SKIP","floor":4.0},{"not_picked":["Dual Wield","Disarm","Intimidate"],"picked":"SKIP","floor":7.0},{"not_picked":["Dual Wield","Intimidate"],"picked":"Disarm","floor":7.0},{"not_picked":["Havoc","Thunderclap","Pommel Strike"],"picked":"SKIP","floor":8.0},{"not_picked":["Uppercut","Seeing Red"],"picked":"Carnage","floor":10.0},{"not_picked":["Seeing Red","Pommel Strike","Pummel"],"picked":"SKIP","floor":12}],"player_experience":1774746,"relics_obtained":[{"floor":9.0,"key":"Gremlin Horn"}],"event_choices":[{"damage_healed":0.0,"max_hp_gain":0.0,"max_hp_loss":0.0,"gold_gain":0.0,"event_name":"Match and Keep!","player_choice":"0 cards matched","floor":5.0,"gold_loss":0.0,"damage_taken":0.0,"cards_obtained":[]},{"damage_healed":0.0,"max_hp_gain":0.0,"max_hp_loss":0.0,"gold_gain":0.0,"event_name":"Living Wall","player_choice":"Grow","floor":11.0,"gold_loss":0.0,"damage_taken":0.0,"cards_upgraded":["Carnage"]}],"is_beta":false,"boss_relics":[],"items_purged_floors":[],"is_endless":false,"potions_floor_spawned":[1,2,7,10,12],"ascension_level":20}