{"path_per_floor":["M","M","$","M","M","R","E","R","T","M","?","M","M","T","R","B",null,"M","M","?","$","M","E"],"character_chosen":"IRONCLAD","items_purchased":[],"gold_per_floor":[114,129,54,69,84,84,114,114,139,154,104,119,134,134,134,234,234,249,264,164,64,79,109,109],"floor_reached":24,"campfire_rested":0,"playtime":939,"current_hp_per_floor":[83,83,83,86,86,86,93,93,93,89,89,94,96,96,96,63,96,96,86,86,86,84,7,0],"items_purged":["Dark Embrace","Metallicize"],"gold":109,"score":270,"play_id":"3f02abcb-2ea8-415a-afcf-cad34b87da23","local_time":"20180415193442","daily_mods":["Shiny","Time Dilation","Uncertain Future"],"is_prod":false,"is_daily":true,"chose_seed":false,"is_ascension_mode":false,"campfire_upgraded":3,"timestamp":1523838882,"path_taken":["M","M","$","M","M","R","E","R","T","M","?","?","M","?","R","BOSS","M","M","?","$","M","E","M"],"build_version":"2018-04-13","seed_source_timestamp":0,"purchased_purges":2,"victory":false,"master_deck":["Double Tap+1","Demon Form","Berserk","Bludgeon","Impervious","Feed","Brutality","Limit Break","Reaper","Exhume","Barricade","Offering+1","Fiend Fire","Immolate+1","Limit Break","Intimidate","J.A.X."],"max_hp_per_floor":[83,83,83,86,86,86,93,93,93,93,93,96,96,96,96,96,96,96,96,96,96,99,99,102],"relics":["Burning Blood","Strawberry","Oddly Smooth Stone","Mercury Hourglass","Black Star","Molten Egg 2","Frozen Egg 2"],"card_choices":[{"not_picked":["Cleave","Blood for Blood"],"picked":"Metallicize","floor":2},{"not_picked":["Demon Form","Impervious"],"picked":"Limit Break","floor":16},{"not_picked":["Pommel Strike","Ghostly Armor"],"picked":"Intimidate","floor":19}],"player_experience":165401,"potions_floor_usage":[4,12,19,22],"damage_taken":[{"damage":4,"enemies":"Cultist","floor":1,"turns":2},{"damage":0,"enemies":"Small Slimes","floor":2,"turns":1},{"damage":0,"enemies":"Jaw Worm","floor":4,"turns":1},{"damage":6,"enemies":"2 Fungi Beasts","floor":5,"turns":2},{"damage":4,"enemies":"3 Sentries","floor":7,"turns":1},{"damage":10,"enemies":"Looter","floor":10,"turns":2},{"damage":4,"enemies":"Blue Slaver","floor":12,"turns":4},{"damage":3,"enemies":"3 Louse","floor":13,"turns":2},{"damage":39,"enemies":"The Guardian","floor":16,"turns":7},{"damage":4,"enemies":"Spheric Guardian","floor":18,"turns":1},{"damage":16,"enemies":"Shell Parasite","floor":19,"turns":3},{"damage":19,"enemies":"Centurion and Healer","floor":22,"turns":4},{"damage":83,"enemies":"Book of Stabbing","floor":23,"turns":6},{"damage":27,"enemies":"Chosen and Byrds","floor":24,"turns":2}],"event_choices":[{"event_name":"The Cleric","player_choice":"Card Removal","floor":11,"damage_taken":0},{"event_name":"Drug Dealer","player_choice":"Got JAXXED","floor":20,"damage_taken":0}],"boss_relics":[{"not_picked":["Tiny House","White Beast Statue"],"picked":"Black Star"}],"potions_floor_spawned":[1,2,7,12,13,18,19],"seed_played":"-1844585125611022648","killed_by":"Chosen and Byrds","ascension_level":0,"is_trial":false}