{"gold_per_floor":[10,10,28,28,42,42,54,73,97,97,112,125,50,82,82,161,161,174,74,124,138,188,188,200,200,200,200],"floor_reached":27,"playtime":688,"items_purged":["Strike_R","Strike_R"],"score":430,"play_id":"47b46a4a-ffb4-419a-bb37-9140afabdca5","local_time":"20190429203638","is_ascension_mode":true,"campfire_choices":[{"data":"Flex","floor":6.0,"key":"SMITH"},{"data":"Bash","floor":10.0,"key":"SMITH"},{"data":"Limit Break","floor":15.0,"key":"SMITH"},{"data":"Evolve","floor":23,"key":"SMITH"}],"neow_cost":"NO_GOLD","seed_source_timestamp":385577815710691,"circlet_count":0,"master_deck":["AscendersBane","Strike_R","Strike_R","Strike_R","Defend_R","Defend_R","Defend_R","Defend_R+1","Bash+1","Limit Break+1","Flex+1","Sword Boomerang","Shrug It Off","True Grit+1","Evolve+1","Exhume","Shockwave","Whirlwind"],"special_seed":0,"relics":["Burning Blood","Centennial Puzzle","Strawberry","War Paint","Mark of Pain","Potion Belt"],"potions_floor_usage":[],"damage_taken":[{"damage":5.0,"enemies":"2 Louse","floor":1.0,"turns":3.0},{"damage":4.0,"enemies":"Jaw Worm","floor":3.0,"turns":4.0},{"damage":5.0,"enemies":"Small Slimes","floor":5.0,"turns":3.0},{"damage":13.0,"enemies":"Exordium Thugs","floor":7.0,"turns":4.0},{"damage":12.0,"enemies":"Exordium Wildlife","floor":8.0,"turns":4.0},{"damage":6.0,"enemies":"Looter","floor":11.0,"turns":3.0},{"damage":22.0,"enemies":"Exordium Thugs","floor":12.0,"turns":5.0},{"damage":22.0,"enemies":"3 Sentries","floor":14.0,"turns":7.0},{"damage":12.0,"enemies":"Slime Boss","floor":16.0,"turns":7.0},{"damage":47.0,"enemies":"3 Byrds","floor":18.0,"turns":7.0},{"damage":11.0,"enemies":"2 Thieves","floor":21.0,"turns":5.0},{"damage":13,"enemies":"Cultist and Chosen","floor":24,"turns":6},{"damage":12,"enemies":"Snake Plant","floor":27,"turns":2}],"seed_played":"-207691796251448011","potions_obtained":[{"floor":3.0,"key":"BloodPotion"},{"floor":8.0,"key":"Block Potion"},{"floor":16.0,"key":"GamblersBrew"},{"floor":24,"key":"Poison Potion"}],"is_trial":false,"path_per_floor":["M","?","M","?","M","R","M","M","T","R","M","M","$","E","R","B",null,"M","$","?","M","?","R","M","?","T","M"],"character_chosen":"IRONCLAD","items_purchased":[],"campfire_rested":0,"item_purchase_floors":[],"current_hp_per_floor":[69,43,45,70,71,71,64,58,65,65,65,49,49,41,41,35,70,29,29,29,24,16,16,9,9,9,0],"gold":200,"neow_bonus":"THREE_RARE_CARDS","is_prod":false,"is_daily":false,"chose_seed":false,"campfire_upgraded":4,"win_rate":0,"timestamp":1556541398,"path_taken":["M","?","M","?","M","R","M","M","T","R","M","M","$","E","R","BOSS","M","$","?","M","?","R","?","?","T","M"],"build_version":"2019-01-23","purchased_purges":2,"victory":false,"max_hp_per_floor":[75,75,75,75,75,75,75,75,82,82,82,82,82,82,82,82,82,82,82,82,82,82,82,82,82,82,82],"card_choices":[{"not_picked":["Exhume","Double Tap"],"picked":"Limit Break","floor":0.0},{"not_picked":["Pommel Strike","Wild Strike","Rage"],"picked":"SKIP","floor":1.0},{"not_picked":["Armaments","Sword Boomerang"],"picked":"Flex","floor":3.0},{"not_picked":["Power Through","Pommel Strike"],"picked":"Sword Boomerang","floor":5.0},{"not_picked":["Cleave","Clothesline","Iron Wave"],"picked":"SKIP","floor":7.0},{"not_picked":["Twin Strike","Infernal Blade"],"picked":"Shrug It Off","floor":8.0},{"not_picked":["Thunderclap","Carnage"],"picked":"True Grit","floor":11.0},{"not_picked":["Feed","Perfected Strike"],"picked":"Evolve","floor":12.0},{"not_picked":["Wild Strike","Ghostly Armor","Clash"],"picked":"SKIP","floor":14.0},{"not_picked":["Brutality","Bludgeon"],"picked":"Exhume","floor":16.0},{"not_picked":["Rupture","Flex","Infernal Blade"],"picked":"SKIP","floor":18.0},{"not_picked":["Warcry","Wild Strike"],"picked":"Shockwave","floor":21.0},{"not_picked":["Clash","Ghostly Armor"],"picked":"Whirlwind","floor":24}],"player_experience":1768155,"relics_obtained":[{"floor":9.0,"key":"Strawberry"},{"floor":14.0,"key":"War Paint"},{"floor":26,"key":"Potion Belt"}],"event_choices":[{"damage_healed":0.0,"max_hp_gain":0.0,"max_hp_loss":0.0,"gold_gain":0.0,"event_name":"Scrap Ooze","player_choice":"Success","floor":2.0,"gold_loss":0.0,"damage_taken":26.0,"relics_obtained":["Centennial Puzzle"]},{"damage_healed":25.0,"max_hp_gain":0.0,"max_hp_loss":0.0,"gold_gain":0.0,"event_name":"Big Fish","player_choice":"Banana","floor":4.0,"gold_loss":0.0,"damage_taken":0.0},{"damage_healed":0.0,"max_hp_gain":0.0,"max_hp_loss":0.0,"gold_gain":50.0,"event_name":"Nest","player_choice":"Stole From Cult","floor":20.0,"gold_loss":0.0,"damage_taken":0.0},{"damage_healed":0,"gold_gain":50,"player_choice":"Touch","damage_taken":8,"max_hp_gain":0,"max_hp_loss":0,"event_name":"FaceTrader","floor":22,"gold_loss":0},{"damage_healed":0,"gold_gain":0,"player_choice":"Ignored","damage_taken":0,"max_hp_gain":0,"max_hp_loss":0,"event_name":"Vampires","floor":25,"gold_loss":0}],"is_beta":false,"boss_relics":[{"not_picked":["Snecko Eye","Empty Cage"],"picked":"Mark of Pain"}],"items_purged_floors":[13,19],"is_endless":false,"potions_floor_spawned":[3,8,12,16,24],"killed_by":"Snake Plant","ascension_level":20}