{"gold_per_floor":[363,379,379,393,393,393,428,428,428,37,101,101,116,133,133,230,230,245,271,186,204,204,204,231,30,82,82,107,107,127,145,145,145],"floor_reached":33,"playtime":971,"items_purged":[],"score":425,"play_id":"0196fddd-1218-4b3a-b431-3b9ae80edfcd","local_time":"20180829115714","is_ascension_mode":true,"campfire_choices":[{"data":"Go for the Eyes","floor":6.0,"key":"SMITH"},{"data":"Dualcast","floor":8.0,"key":"SMITH"},{"data":"Streamline","floor":12.0,"key":"SMITH"},{"data":"Hologram","floor":15.0,"key":"SMITH"},{"floor":23.0,"key":"REST"},{"floor":27,"key":"REST"},{"floor":29,"key":"REST"},{"floor":32,"key":"REST"}],"neow_cost":"TEN_PERCENT_HP_LOSS","seed_source_timestamp":85729760038730,"circlet_count":0,"master_deck":["Strike_B","Strike_B","Strike_B","Strike_B","Defend_B+1","Defend_B","Defend_B","Defend_B","Zap+1","Dualcast+1","AscendersBane","Go for the Eyes+1","Streamline+1","Electrodynamics","Ball Lightning","Hologram+1","Echo Form","Leap","Conserve Battery+1","FTL","Barrage+1","Undo","Compile Driver+1"],"special_seed":0,"relics":["Cracked Core","Darkstone Periapt","Bottled Lightning","Kunai","Runic Dome","Red Mask","Cables","Shovel","War Paint","Runic Capacitor","Bronze Scales","Shuriken"],"potions_floor_usage":[24,28,31,33,33],"damage_taken":[{"damage":7.0,"enemies":"Jaw Worm","floor":1.0,"turns":4.0},{"damage":1.0,"enemies":"Cultist","floor":2.0,"turns":3.0},{"damage":0.0,"enemies":"2 Louse","floor":4.0,"turns":2.0},{"damage":20.0,"enemies":"Gremlin Nob","floor":7.0,"turns":4.0},{"damage":0.0,"enemies":"Exordium Wildlife","floor":13.0,"turns":2.0},{"damage":0.0,"enemies":"3 Louse","floor":14.0,"turns":3.0},{"damage":8.0,"enemies":"The Guardian","floor":16.0,"turns":13.0},{"damage":36.0,"enemies":"Shell Parasite","floor":18.0,"turns":5.0},{"damage":8.0,"floor":19.0,"turns":2.0},{"damage":0.0,"enemies":"3 Byrds","floor":21.0,"turns":2.0},{"damage":24,"enemies":"Gremlin Leader","floor":24,"turns":6},{"damage":29,"enemies":"Slavers","floor":28,"turns":3},{"damage":14,"enemies":"Centurion and Healer","floor":30,"turns":3},{"damage":1,"enemies":"Cultist and Chosen","floor":31,"turns":3},{"damage":31,"enemies":"Collector","floor":33,"turns":3}],"seed_played":"492173069310945469","potions_obtained":[{"floor":1.0,"key":"Regen Potion"},{"floor":7.0,"key":"LiquidBronze"},{"floor":13.0,"key":"GamblersBrew"},{"floor":21.0,"key":"FearPotion"},{"floor":24,"key":"EssenceOfSteel"},{"floor":30,"key":"Ancient Potion"},{"floor":31,"key":"FearPotion"}],"is_trial":false,"path_per_floor":["M","M","?","M","?","R","E","R","T","$","?","R","M","M","R","B",null,"M","?","?","M","T","R","E","$","T","R","E","R","M","M","R"],"character_chosen":"DEFECT","items_purchased":["Kunai","Electrodynamics","Runic Capacitor"],"campfire_rested":4,"item_purchase_floors":[10,10,25],"current_hp_per_floor":[61,60,60,60,60,60,49,49,49,49,49,49,49,49,49,41,61,25,17,17,17,17,37,13,13,13,33,4,24,10,9,29,0],"gold":145,"neow_bonus":"TWO_FIFTY_GOLD","is_prod":false,"is_daily":false,"chose_seed":false,"campfire_upgraded":4,"win_rate":0,"timestamp":1535554634,"path_taken":["M","M","?","M","?","R","E","R","T","$","?","R","M","M","R","BOSS","M","?","?","M","?","R","E","$","T","R","E","R","M","M","R","BOSS"],"build_version":"2018-07-12","purchased_purges":0,"victory":false,"max_hp_per_floor":[68,68,68,68,68,68,68,68,68,68,68,68,68,68,68,68,68,68,68,68,68,68,68,68,68,68,68,68,68,68,68,68,68],"card_choices":[{"not_picked":["Heatsinks","Turbo","Sweeping Beam"],"picked":"SKIP","floor":1.0},{"not_picked":["Hello World","Hologram"],"picked":"Go for the Eyes","floor":2.0},{"not_picked":["Coolheaded","Gash"],"picked":"Streamline","floor":4.0},{"not_picked":["Streamline","Coolheaded","Force Field"],"picked":"SKIP","floor":7.0},{"not_picked":["Barrage","Leap"],"picked":"Ball Lightning","floor":13.0},{"not_picked":["Force Field","Genetic Algorithm"],"picked":"Hologram","floor":14.0},{"not_picked":["Fission","Hyperbeam"],"picked":"Echo Form","floor":16.0},{"not_picked":["Redo","Chaos","Beam Cell"],"picked":"SKIP","floor":18.0},{"not_picked":["Static Discharge","Redo"],"picked":"Leap","floor":19.0},{"not_picked":["Sweeping Beam+1","Leap"],"picked":"Conserve Battery","floor":21.0},{"not_picked":["Core Surge","Chill"],"picked":"FTL","floor":24},{"not_picked":["Sweeping Beam","Streamline"],"picked":"Barrage+1","floor":28},{"not_picked":["Reinforced Body","Coolheaded"],"picked":"Undo","floor":30},{"not_picked":["Heatsinks","Gash+1"],"picked":"Compile Driver+1","floor":31}],"player_experience":734085,"relics_obtained":[{"floor":7.0,"key":"Darkstone Periapt"},{"floor":9.0,"key":"Bottled Lightning"},{"floor":19.0,"key":"Red Mask"},{"floor":22.0,"key":"Shovel"},{"floor":24,"key":"War Paint"},{"floor":26,"key":"Bronze Scales"},{"floor":28,"key":"Shuriken"}],"event_choices":[{"event_name":"Upgrade Shrine","player_choice":"Upgraded","floor":3.0,"damage_taken":0.0},{"event_name":"Golden Idol","player_choice":"Ignored","floor":5.0,"damage_taken":0.0},{"event_name":"Golden Wing","player_choice":"Gained Gold","floor":11.0,"damage_taken":0.0},{"event_name":"Masked Bandits","player_choice":"Fought over 245 gold","floor":19.0,"damage_taken":0.0},{"event_name":"Addict","player_choice":"Obtained Relic","floor":20.0,"damage_taken":0.0}],"boss_relics":[{"not_picked":["FrozenCore","Snecko Eye"],"picked":"Runic Dome"}],"items_purged_floors":[],"is_endless":false,"potions_floor_spawned":[1,7,13,21,24,30,31],"killed_by":"Collector","ascension_level":10}