{"gold_per_floor":[112,62,14,28,203,203,203,203,227,241,241,258,288,301,301,404,404,423,443,455,467,482,482,482,482,556,556,572,603,616,13,13,114,114,134,145,145,162,162,162,44,44,94,94,108,127,127,141,141,141],"floor_reached":50,"playtime":4210,"items_purged":["Doubt"],"score":752,"play_id":"7908a91e-668e-4c72-a994-dc397d2f89af","local_time":"20190312233516","is_ascension_mode":true,"campfire_choices":[{"data":"Neutralize","floor":6.0,"key":"SMITH"},{"data":"Caltrops","floor":8.0,"key":"SMITH"},{"data":"Caltrops","floor":11.0,"key":"SMITH"},{"data":"Dodge and Roll","floor":15.0,"key":"SMITH"},{"data":"Wraith Form v2","floor":23.0,"key":"SMITH"},{"data":"Caltrops","floor":25.0,"key":"SMITH"},{"data":"Leg Sweep","floor":27.0,"key":"SMITH"},{"data":"Footwork","floor":32.0,"key":"SMITH"},{"data":"A Thousand Cuts","floor":40.0,"key":"SMITH"},{"data":"Neutralize","floor":42.0,"key":"SMITH"},{"data":"Accuracy","floor":44.0,"key":"SMITH"},{"data":"Backflip","floor":47.0,"key":"SMITH"},{"data":"Survivor","floor":49.0,"key":"SMITH"}],"neow_cost":"NONE","seed_source_timestamp":777059015802762,"circlet_count":0,"master_deck":["AscendersBane","Defend_G","Defend_G","Defend_G","Defend_G","Defend_G+1","Strike_G","Strike_G","Strike_G","Strike_G","Survivor+1","Neutralize+1","Deflect+1","Cloak And Dagger","Caltrops+1","Caltrops+1","Sucker Punch","Dodge and Roll+1","Deflect","Wraith Form v2+1","Caltrops+1","Noxious Fumes+1","Leg Sweep+1","Flying Knee","Blade Dance","Sucker Punch","Deep Breath","Neutralize+1","Venomology","All Out Attack","Quick Slash+1","Choke+1","Tools of the Trade","Blade Dance","Well Laid Plans","Footwork+1","Infinite Blades","A Thousand Cuts+1","Dodge and Roll+1","Distraction+1","Cloak And Dagger+1","Accuracy+1","Blade Dance","Noxious Fumes+1","Blade Dance+1","Sucker Punch+1","Backflip+1","Deadly Poison+1"],"special_seed":0,"relics":["Eternal Feather","The Courier","War Paint","Blood Vial","Velvet Choker","Sundial","Smiling Mask","Lee\u0027s Waffle","Kunai","Orrery","Ancient Tea Set","Vajra","Juzu Bracelet"],"potions_floor_usage":[50],"damage_taken":[{"damage":8.0,"enemies":"2 Louse","floor":1.0,"turns":4.0},{"damage":2.0,"enemies":"Jaw Worm","floor":4.0,"turns":6.0},{"damage":1.0,"enemies":"Small Slimes","floor":10.0,"turns":5.0},{"damage":2.0,"enemies":"Red Slaver","floor":12.0,"turns":6.0},{"damage":14.0,"enemies":"Lagavulin","floor":13.0,"turns":11.0},{"damage":3.0,"enemies":"Exordium Thugs","floor":14.0,"turns":4.0},{"damage":48.0,"enemies":"Slime Boss","floor":16.0,"turns":15.0},{"damage":0.0,"enemies":"3 Byrds","floor":18.0,"turns":6.0},{"damage":0.0,"enemies":"Shell Parasite","floor":19.0,"turns":5.0},{"damage":19.0,"enemies":"Centurion and Healer","floor":20.0,"turns":10.0},{"damage":15.0,"enemies":"Snecko","floor":21.0,"turns":8.0},{"damage":14.0,"enemies":"3 Cultists","floor":22.0,"turns":5.0},{"damage":23.0,"enemies":"Centurion and Healer","floor":28.0,"turns":7.0},{"damage":11.0,"enemies":"Book of Stabbing","floor":29.0,"turns":5.0},{"damage":1.0,"enemies":"Cultist and Chosen","floor":30.0,"turns":6.0},{"damage":35.0,"enemies":"Collector","floor":33.0,"turns":13.0},{"damage":51.0,"enemies":"3 Darklings","floor":35.0,"turns":9.0},{"damage":11.0,"enemies":"Orb Walker","floor":36.0,"turns":6.0},{"damage":1.0,"enemies":"Sphere and 2 Shapes","floor":38.0,"turns":7.0},{"damage":0.0,"enemies":"Spire Growth","floor":39.0,"turns":1.0},{"damage":10.0,"enemies":"4 Shapes","floor":45.0,"turns":6.0},{"damage":30.0,"enemies":"3 Darklings","floor":46.0,"turns":7.0},{"damage":13.0,"enemies":"Maw","floor":48.0,"turns":9.0},{"damage":96,"enemies":"Time Eater","floor":50,"turns":10}],"seed_played":"-5945270124936237451","potions_obtained":[{"floor":1.0,"key":"FearPotion"},{"floor":12.0,"key":"Swift Potion"},{"floor":14.0,"key":"SkillPotion"},{"floor":19.0,"key":"Ancient Potion"},{"floor":22.0,"key":"Strength Potion"},{"floor":28.0,"key":"Swift Potion"},{"floor":29.0,"key":"Explosive Potion"},{"floor":35.0,"key":"SteroidPotion"},{"floor":38.0,"key":"Strength Potion"},{"floor":45.0,"key":"Explosive Potion"}],"is_trial":false,"path_per_floor":["M","?","$","M","?","R","T","R","T","M","R","M","E","M","R","B",null,"M","M","M","M","M","R","?","R","T","R","M","E","M","$","R","B",null,"M","M","T","M","M","R","$","R","T","R","M","M","R","M","R","B"],"character_chosen":"THE_SILENT","items_purchased":["Cloak And Dagger","Lee\u0027s Waffle","Blade Dance","Kunai","Well Laid Plans","Footwork","Infinite Blades","Vajra"],"campfire_rested":0,"item_purchase_floors":[3,31,31,31,31,31,31,41],"current_hp_per_floor":[55,55,55,53,53,62,62,70,70,69,70,68,54,53,65,19,57,59,61,44,31,19,34,34,52,52,70,47,38,39,77,77,42,68,19,10,10,11,13,40,40,67,67,77,67,39,66,55,77,0],"gold":141,"neow_bonus":"BOSS_RELIC","is_prod":false,"is_daily":false,"chose_seed":false,"campfire_upgraded":13,"win_rate":0,"timestamp":1552458916,"path_taken":["M","?","$","M","?","R","?","R","T","M","R","?","E","M","R","BOSS","M","M","M","M","M","R","?","R","T","R","M","E","M","$","R","BOSS","M","M","?","M","M","R","?","R","T","R","M","M","R","M","R","BOSS"],"build_version":"2019-01-23","purchased_purges":1,"victory":false,"max_hp_per_floor":[70,70,70,70,70,70,70,70,70,70,70,70,70,70,70,70,70,70,70,70,70,70,70,70,70,70,70,70,70,70,77,77,77,77,77,77,77,77,77,77,77,77,77,77,77,77,77,77,77,77],"card_choices":[{"not_picked":["Well Laid Plans","Choke"],"picked":"Deflect","floor":1.0},{"not_picked":["Riddle With Holes","Tactician"],"picked":"Caltrops","floor":4.0},{"not_picked":["Flying Knee","PiercingWail"],"picked":"Caltrops","floor":10.0},{"not_picked":["Underhanded Strike","Acrobatics"],"picked":"Sucker Punch","floor":12.0},{"not_picked":["Flying Knee","Venomology"],"picked":"Dodge and Roll","floor":13.0},{"not_picked":["Slice","Blade Dance"],"picked":"Deflect","floor":14.0},{"not_picked":["Bullet Time","Venomology"],"picked":"Wraith Form v2","floor":16.0},{"not_picked":["Blade Dance","Outmaneuver+1"],"picked":"Caltrops","floor":18.0},{"not_picked":["Outmaneuver","Terror+1"],"picked":"Noxious Fumes+1","floor":19.0},{"not_picked":["Prepared","Terror"],"picked":"Leg Sweep","floor":20.0},{"not_picked":["Choke+1","Poisoned Stab"],"picked":"Flying Knee","floor":21.0},{"not_picked":["Eviscerate","Heel Hook"],"picked":"Blade Dance","floor":22.0},{"not_picked":["Skewer","Masterful Stab+1"],"picked":"Quick Slash+1","floor":28.0},{"not_picked":["Blade Dance","Acrobatics+1"],"picked":"Choke+1","floor":29.0},{"not_picked":["Poisoned Stab+1","Dagger Throw"],"picked":"Tools of the Trade","floor":30.0},{"not_picked":["Burst","Bullet Time"],"picked":"A Thousand Cuts","floor":33.0},{"not_picked":["Eviscerate","Acrobatics"],"picked":"Dodge and Roll+1","floor":34.0},{"not_picked":["Dagger Throw","Deadly Poison"],"picked":"Distraction+1","floor":34.0},{"not_picked":["Quick Slash","Heel Hook"],"picked":"Cloak And Dagger+1","floor":34.0},{"not_picked":["Deflect+1","Dagger Throw+1"],"picked":"Accuracy","floor":34.0},{"not_picked":["Deflect","Predator"],"picked":"Blade Dance","floor":34.0},{"not_picked":["Heel Hook","Caltrops"],"picked":"Noxious Fumes+1","floor":35.0},{"not_picked":["Setup+1","Well Laid Plans+1"],"picked":"Blade Dance+1","floor":36.0},{"not_picked":["Bane","Doppelganger"],"picked":"Sucker Punch+1","floor":38.0},{"not_picked":["Sucker Punch","Skewer","Cloak And Dagger"],"picked":"SKIP","floor":45.0},{"not_picked":["Flying Knee+1","Expertise"],"picked":"Backflip","floor":46.0},{"not_picked":["Dodge and Roll+1","Underhanded Strike"],"picked":"Deadly Poison+1","floor":48.0}],"player_experience":473703,"relics_obtained":[{"floor":7.0,"key":"The Courier"},{"floor":9.0,"key":"War Paint"},{"floor":13.0,"key":"Blood Vial"},{"floor":26.0,"key":"Sundial"},{"floor":29.0,"key":"Smiling Mask"},{"floor":37.0,"key":"Ancient Tea Set"},{"floor":43.0,"key":"Juzu Bracelet"}],"event_choices":[{"cards_removed":["Strike_G"],"damage_healed":0.0,"max_hp_gain":0.0,"max_hp_loss":0.0,"gold_gain":0.0,"event_name":"The Cleric","player_choice":"Card Removal","floor":2.0,"gold_loss":50.0,"damage_taken":0.0},{"damage_healed":0.0,"max_hp_gain":0.0,"max_hp_loss":0.0,"gold_gain":175.0,"event_name":"Liars Game","player_choice":"AGREE","floor":5.0,"gold_loss":0.0,"damage_taken":0.0,"cards_obtained":["Doubt"]},{"damage_healed":0.0,"max_hp_gain":0.0,"max_hp_loss":0.0,"gold_gain":0.0,"event_name":"Match and Keep!","player_choice":"5 cards matched","floor":24.0,"gold_loss":0.0,"damage_taken":0.0,"cards_obtained":["Sucker Punch","Deep Breath","Neutralize","Venomology","All Out Attack"]}],"is_beta":false,"boss_relics":[{"not_picked":["Pandora\u0027s Box","Lizard Tail"],"picked":"Velvet Choker"},{"not_picked":["Busted Crown","Cursed Key"],"picked":"Orrery"}],"items_purged_floors":[31],"is_endless":false,"potions_floor_spawned":[1,12,14,19,22,28,29,35,38,45],"killed_by":"Time Eater","ascension_level":10}