{"gold_per_floor":[113,113,131,149,169,169,196,216,241,254,254,269,269,269,269,340,340,350,275,275,288,213,213],"floor_reached":23,"playtime":675,"items_purged":["Strike_R"],"score":382,"play_id":"52494c89-c74e-4a6e-930e-fe6b958fc66d","local_time":"20190211205803","is_ascension_mode":true,"campfire_choices":[{"data":"Body Slam","floor":6.0,"key":"SMITH"},{"data":"Second Wind","floor":11.0,"key":"SMITH"},{"data":"Feel No Pain","floor":13.0,"key":"SMITH"},{"data":"Burning Pact","floor":15.0,"key":"SMITH"}],"neow_cost":"NONE","seed_source_timestamp":2353152638475010,"circlet_count":0,"master_deck":["AscendersBane","Strike_R+1","Defend_R","Defend_R","Defend_R","Defend_R","Bash+1","Second Wind+1","Feel No Pain+1","Body Slam+1","Burning Pact+1","Juggernaut","Barricade","Shrug It Off","Decay","Immolate","Disarm"],"special_seed":0,"relics":["Burning Blood","NeowsBlessing","Whetstone","Odd Mushroom","Runic Dome"],"potions_floor_usage":[],"damage_taken":[{"damage":0.0,"enemies":"2 Louse","floor":1.0,"turns":1.0},{"damage":0.0,"enemies":"Small Slimes","floor":3.0,"turns":1.0},{"damage":0.0,"enemies":"Jaw Worm","floor":4.0,"turns":1.0},{"damage":18.0,"enemies":"Exordium Thugs","floor":5.0,"turns":6.0},{"damage":2.0,"enemies":"3 Sentries","floor":7.0,"turns":10.0},{"damage":26.0,"enemies":"The Mushroom Lair","floor":8.0,"turns":6.0},{"damage":1.0,"enemies":"Looter","floor":10.0,"turns":4.0},{"damage":21.0,"enemies":"Red Slaver","floor":12.0,"turns":5.0},{"damage":4.0,"enemies":"Slime Boss","floor":16.0,"turns":7.0},{"damage":22.0,"enemies":"Shell Parasite","floor":18.0,"turns":6.0},{"damage":47.0,"enemies":"3 Byrds","floor":21.0,"turns":6.0},{"damage":14,"enemies":"Book of Stabbing","floor":23,"turns":1}],"seed_played":"-2899870205233347256","potions_obtained":[{"floor":1.0,"key":"Fire Potion"},{"floor":4.0,"key":"Swift Potion"},{"floor":12.0,"key":"Dexterity Potion"},{"floor":14.0,"key":"Regen Potion"},{"floor":14.0,"key":"Block Potion"}],"is_trial":false,"path_per_floor":["M","?","M","M","M","R","E","?","T","M","R","M","R","?","R","B",null,"M","$","?","M","?","E"],"character_chosen":"IRONCLAD","items_purchased":[],"campfire_rested":0,"item_purchase_floors":[],"current_hp_per_floor":[74,67,73,75,63,63,67,47,47,52,52,37,37,37,37,53,70,54,54,54,13,13,0],"gold":213,"neow_bonus":"THREE_ENEMY_KILL","is_prod":false,"is_daily":false,"chose_seed":false,"campfire_upgraded":4,"win_rate":0,"timestamp":1549889883,"path_taken":["M","?","M","M","M","R","E","?","T","M","R","M","R","?","R","BOSS","M","$","?","M","?","E"],"build_version":"2019-01-23","purchased_purges":1,"victory":false,"max_hp_per_floor":[75,75,75,75,75,75,75,75,75,75,75,75,75,75,75,75,75,75,75,75,75,75,75],"card_choices":[{"not_picked":["Shrug It Off","Flex"],"picked":"Second Wind","floor":1.0},{"not_picked":["Headbutt","Armaments","Warcry"],"picked":"SKIP","floor":3.0},{"not_picked":["Havoc","True Grit"],"picked":"Feel No Pain","floor":4.0},{"not_picked":["Heavy Blade","Blood for Blood"],"picked":"Body Slam","floor":5.0},{"not_picked":["Combust","Twin Strike"],"picked":"Burning Pact","floor":7.0},{"not_picked":["Wild Strike","Thunderclap","Juggernaut"],"picked":"SKIP","floor":10.0},{"not_picked":["Wild Strike","Thunderclap"],"picked":"Juggernaut","floor":10.0},{"not_picked":["Perfected Strike","Headbutt","Cleave"],"picked":"SKIP","floor":12.0},{"not_picked":["Reaper","Immolate"],"picked":"Barricade","floor":16.0},{"not_picked":["Second Wind","Corruption+1"],"picked":"Shrug It Off","floor":18.0},{"not_picked":["Fire Breathing","Thunderclap","Cleave+1"],"picked":"SKIP","floor":21.0}],"player_experience":872556,"relics_obtained":[{"floor":7.0,"key":"Whetstone"},{"floor":8.0,"key":"Odd Mushroom"}],"event_choices":[{"cards_removed":["Strike_R"],"damage_healed":0.0,"max_hp_gain":0.0,"max_hp_loss":0.0,"gold_gain":0.0,"event_name":"Golden Wing","player_choice":"Card Removal","floor":2.0,"gold_loss":0.0,"damage_taken":7.0},{"damage_healed":0.0,"max_hp_gain":0.0,"max_hp_loss":0.0,"gold_gain":0.0,"event_name":"Mushrooms","player_choice":"Fought Mushrooms","floor":8.0,"gold_loss":0.0,"damage_taken":0.0},{"damage_healed":0.0,"max_hp_gain":0.0,"max_hp_loss":0.0,"gold_gain":0.0,"event_name":"Lab","player_choice":"Got Potions","floor":14.0,"gold_loss":0.0,"damage_taken":0.0},{"damage_healed":0.0,"max_hp_gain":0.0,"max_hp_loss":0.0,"gold_gain":0.0,"event_name":"Forgotten Altar","player_choice":"Smashed Altar","floor":20.0,"gold_loss":0.0,"damage_taken":0.0,"cards_obtained":["Decay"]},{"damage_healed":0,"gold_gain":0,"cards_transformed":["Strike_R","Strike_R"],"player_choice":"Transformed Cards","damage_taken":0,"max_hp_gain":0,"max_hp_loss":0,"event_name":"Designer","floor":22,"gold_loss":75,"cards_obtained":["Immolate","Disarm"]}],"is_beta":false,"boss_relics":[{"not_picked":["Tiny House","Orrery"],"picked":"Runic Dome"}],"items_purged_floors":[19],"is_endless":false,"potions_floor_spawned":[1,4,12],"killed_by":"Book of Stabbing","ascension_level":20}