{"gold_per_floor":[115,115,40,64,80,80,119,119,119,132,132,32,32,65,65,65],"floor_reached":16,"playtime":371,"items_purged":["Defend_R","Strike_R"],"score":118,"play_id":"344df2f6-b332-4575-ba8c-8d5a5370ee7c","local_time":"20190427193455","is_ascension_mode":true,"campfire_choices":[{"data":"Shrug It Off","floor":6,"key":"SMITH"},{"data":"Bash","floor":8,"key":"SMITH"},{"floor":11,"key":"REST"},{"data":"Defend_R","floor":13,"key":"SMITH"},{"floor":15,"key":"REST"}],"neow_cost":"NONE","seed_source_timestamp":383421116258811,"circlet_count":0,"master_deck":["Strike_R","Strike_R","Strike_R","Strike_R","Defend_R+1","Defend_R","Defend_R","Bash+1","Shrug It Off+1","Rampage"],"relics":["Burning Blood","Boot","Golden Idol","Bronze Scales","Ornamental Fan","Odd Mushroom"],"potions_floor_usage":[],"damage_taken":[{"damage":0,"enemies":"Small Slimes","floor":1,"turns":3},{"damage":11,"enemies":"Jaw Worm","floor":4,"turns":5},{"damage":2,"enemies":"2 Louse","floor":5,"turns":3},{"damage":36,"enemies":"Gremlin Nob","floor":7,"turns":5},{"damage":8,"enemies":"Blue Slaver","floor":10,"turns":4},{"damage":20,"enemies":"The Mushroom Lair","floor":14,"turns":6},{"damage":64,"enemies":"Slime Boss","floor":16,"turns":8}],"seed_played":"-1770708437622595572","potions_obtained":[{"floor":7,"key":"Weak Potion"},{"floor":14,"key":"Fire Potion"}],"is_trial":false,"path_per_floor":["M","?","$","M","M","R","E","R","T","M","R","$","R","?","R","B"],"character_chosen":"IRONCLAD","items_purchased":[],"campfire_rested":2,"item_purchase_floors":[],"current_hp_per_floor":[80,60,60,55,59,59,29,29,29,27,51,51,51,37,61,0],"gold":65,"neow_bonus":"RANDOM_COMMON_RELIC","is_prod":false,"is_daily":false,"chose_seed":false,"campfire_upgraded":3,"win_rate":0,"timestamp":1556411695,"path_taken":["M","?","$","M","M","R","E","R","T","M","R","$","R","?","R","BOSS"],"build_version":"2019-01-23","purchased_purges":2,"victory":false,"max_hp_per_floor":[80,80,80,80,80,80,80,80,80,80,80,80,80,80,80,80],"card_choices":[{"not_picked":["Cleave","Intimidate"],"picked":"Shrug It Off","floor":1},{"not_picked":["Burning Pact","Carnage","Sword Boomerang"],"picked":"SKIP","floor":4},{"not_picked":["Twin Strike","Reckless Charge","Headbutt"],"picked":"SKIP","floor":5},{"not_picked":["Iron Wave","Inflame","Wild Strike"],"picked":"SKIP","floor":7},{"not_picked":["True Grit","Berserk","Flex"],"picked":"SKIP","floor":10},{"not_picked":["Shrug It Off","True Grit"],"picked":"Rampage","floor":14}],"player_experience":112986,"relics_obtained":[{"floor":7,"key":"Bronze Scales"},{"floor":9,"key":"Ornamental Fan"},{"floor":14,"key":"Odd Mushroom"}],"event_choices":[{"damage_healed":0,"gold_gain":0,"player_choice":"Take Damage","damage_taken":20,"relics_obtained":["Golden Idol"],"max_hp_gain":0,"max_hp_loss":0,"event_name":"Golden Idol","floor":2,"gold_loss":0},{"damage_healed":0,"gold_gain":0,"player_choice":"Fought Mushrooms","damage_taken":0,"max_hp_gain":0,"max_hp_loss":0,"event_name":"Mushrooms","floor":14,"gold_loss":0}],"is_beta":false,"boss_relics":[],"items_purged_floors":[3,12],"is_endless":false,"potions_floor_spawned":[7,14],"killed_by":"Slime Boss","ascension_level":4}