{"gold_per_floor":[118,134,134,145,164,164,196,196,221,252,272,272,305,325,325,428,428,448,462,59,59,76,109,109],"floor_reached":24,"playtime":1544,"items_purged":["Strike_R"],"score":345,"play_id":"5c80318a-7ff4-43d9-bc9d-3173efcfb5a1","local_time":"20181222174039","is_ascension_mode":true,"campfire_choices":[{"data":"Whirlwind","floor":6,"key":"SMITH"},{"data":"Body Slam","floor":8,"key":"SMITH"},{"data":"True Grit","floor":12,"key":"SMITH"},{"floor":15,"key":"REST"}],"neow_cost":"NONE","seed_source_timestamp":107596515440525,"circlet_count":0,"master_deck":["Strike_R","Strike_R","Strike_R","Strike_R","Defend_R","Defend_R","Defend_R","Defend_R","Bash","Headbutt","Whirlwind+1","Metallicize","Body Slam+1","Iron Wave","True Grit+1","Metallicize","Ghostly Armor","Limit Break","Pommel Strike+1","Flex","Master of Strategy","Feed","Disarm","Decay","Disarm+1","Armaments+1"],"relics":["Burning Blood","Regal Pillow","Centennial Puzzle","Bag of Marbles","Boot","Question Card","Snecko Eye","Bird Faced Urn"],"potions_floor_usage":[7,10,16,16,19,23],"damage_taken":[{"damage":1,"enemies":"Small Slimes","floor":1,"turns":4},{"damage":6,"enemies":"Cultist","floor":2,"turns":3},{"damage":0,"enemies":"2 Louse","floor":4,"turns":2},{"damage":0,"enemies":"Lots of Slimes","floor":5,"turns":1},{"damage":26,"enemies":"Gremlin Nob","floor":7,"turns":4},{"damage":10,"enemies":"3 Sentries","floor":10,"turns":2},{"damage":0,"enemies":"Large Slime","floor":11,"turns":6},{"damage":27,"enemies":"Gremlin Nob","floor":13,"turns":4},{"damage":0,"enemies":"Gremlin Gang","floor":14,"turns":1},{"damage":69,"enemies":"The Guardian","floor":16,"turns":20},{"damage":28,"enemies":"2 Thieves","floor":18,"turns":5},{"damage":9,"enemies":"Chosen","floor":19,"turns":3},{"damage":25,"enemies":"Centurion and Healer","floor":22,"turns":8},{"damage":43,"enemies":"Book of Stabbing","floor":23,"turns":13},{"damage":19,"enemies":"3 Cultists","floor":24,"turns":3}],"seed_played":"1662587171307712114","potions_obtained":[{"floor":2,"key":"Energy Potion"},{"floor":3,"key":"SteroidPotion"},{"floor":3,"key":"SpeedPotion"},{"floor":7,"key":"FairyPotion"},{"floor":10,"key":"BloodPotion"},{"floor":19,"key":"Fruit Juice"},{"floor":22,"key":"BloodPotion"},{"floor":23,"key":"Swift Potion"}],"is_trial":false,"path_per_floor":["M","M","?","M","M","R","E","R","T","E","M","R","E","M","R","B",null,"M","M","$","?","M","E","M"],"character_chosen":"IRONCLAD","items_purchased":["Master of Strategy","Feed","Disarm"],"campfire_rested":1,"item_purchase_floors":[20,20,20],"current_hp_per_floor":[77,77,77,80,80,80,60,60,60,56,62,62,41,47,80,25,66,44,46,46,46,30,12,0],"gold":109,"neow_bonus":"RANDOM_COMMON_RELIC","is_prod":false,"is_daily":false,"chose_seed":false,"campfire_upgraded":3,"win_rate":0,"timestamp":1545518439,"path_taken":["M","M","?","M","M","R","E","R","T","E","M","R","E","M","R","BOSS","M","?","$","?","M","E","?"],"build_version":"2018-12-20","purchased_purges":1,"victory":false,"max_hp_per_floor":[80,80,80,80,80,80,80,80,80,80,80,80,80,80,80,80,80,80,85,85,85,88,88,88],"card_choices":[{"not_picked":["True Grit","Feel No Pain"],"picked":"Headbutt","floor":1},{"not_picked":["Thunderclap","Feel No Pain"],"picked":"Whirlwind","floor":2},{"not_picked":["Headbutt","Sword Boomerang"],"picked":"Metallicize","floor":4},{"not_picked":["Headbutt","Perfected Strike","Power Through"],"picked":"SKIP","floor":5},{"not_picked":["Berserk","Blood for Blood"],"picked":"Body Slam","floor":7},{"not_picked":["Bloodletting","Perfected Strike"],"picked":"Iron Wave","floor":10},{"not_picked":["Hemokinesis","Anger"],"picked":"True Grit","floor":11},{"not_picked":["Body Slam","Burning Pact"],"picked":"Metallicize","floor":13},{"not_picked":["Sword Boomerang","Burning Pact","Rage"],"picked":"Ghostly Armor","floor":14},{"not_picked":["Berserk","Exhume","Juggernaut"],"picked":"Limit Break","floor":16},{"not_picked":["Headbutt+1","Dual Wield","Iron Wave"],"picked":"Pommel Strike+1","floor":18},{"not_picked":["Body Slam+1","Carnage","Intimidate"],"picked":"Flex","floor":19},{"not_picked":["Entrench","True Grit","Headbutt"],"picked":"Disarm+1","floor":22},{"not_picked":["True Grit+1","Thunderclap","Body Slam+1"],"picked":"Armaments+1","floor":23}],"player_experience":184828,"relics_obtained":[{"floor":7,"key":"Centennial Puzzle"},{"floor":9,"key":"Bag of Marbles"},{"floor":10,"key":"Boot"},{"floor":13,"key":"Question Card"},{"floor":23,"key":"Bird Faced Urn"}],"event_choices":[{"damage_healed":0,"gold_gain":0,"player_choice":"Got Potions","damage_taken":0,"max_hp_gain":0,"max_hp_loss":0,"event_name":"Lab","floor":3,"gold_loss":0},{"damage_healed":0,"gold_gain":0,"player_choice":"Cursed","damage_taken":0,"max_hp_gain":0,"max_hp_loss":0,"event_name":"Wheel of Change","floor":21,"gold_loss":0,"cards_obtained":["Decay"]}],"is_beta":false,"boss_relics":[{"not_picked":["Runic Cube","Philosopher\u0027s Stone"],"picked":"Snecko Eye"}],"items_purged_floors":[20],"is_endless":false,"potions_floor_spawned":[2,7,10,14,19,22,23],"killed_by":"3 Cultists","ascension_level":9}