{"gold_per_floor":[110,110,129,148,148,173,191,191,191,191,206,226,240,273,273,368,368,383,383,399,409,429,456,456,310,310,328,328,328,357,357,357,459,459,479,497,92,2,18,50,50,50,50,82,82,96,108,33,33,33],"floor_reached":51,"playtime":2310,"items_purged":["Strike_R"],"score":794,"play_id":"50502e22-6f9f-495a-a0e5-1f9c3caeabc6","local_time":"20181205183857","is_ascension_mode":true,"campfire_choices":[{"data":"Carnage","floor":8.0,"key":"SMITH"},{"floor":10.0,"key":"REST"},{"data":"Flex","floor":15.0,"key":"SMITH"},{"data":"Limit Break","floor":24.0,"key":"SMITH"},{"data":"Bash","floor":29.0,"key":"SMITH"},{"floor":32.0,"key":"REST"},{"data":"Pommel Strike","floor":41,"key":"SMITH"},{"data":"Armaments","floor":45,"key":"SMITH"},{"floor":49,"key":"REST"}],"neow_cost":"NONE","seed_source_timestamp":1754489300635217,"circlet_count":0,"master_deck":["Strike_R+1","Strike_R","Strike_R+1","Defend_R","Defend_R","Defend_R","Defend_R","Bash+1","Limit Break+1","Thunderclap","Sword Boomerang","Dropkick","Carnage+1","Rage","Flex+1","Iron Wave+1","Pommel Strike","Intimidate","Pommel Strike+1","Shrug It Off+1","Thunderclap","Headbutt+1","Limit Break","Metallicize","Armaments+1","Sadistic Nature","Parasite","Impervious","Rampage+1"],"special_seed":0,"relics":["Burning Blood","Art of War","Self Forming Clay","Ginger","Busted Crown","Shuriken","Orichalcum","Pen Nib","Whetstone","MutagenicStrength","Bag of Marbles","Sozu","Oddly Smooth Stone","Blood Vial","Red Skull","Bottled Flame"],"potions_floor_usage":[40,50],"damage_taken":[{"damage":5.0,"enemies":"Small Slimes","floor":1.0,"turns":3.0},{"damage":5.0,"enemies":"Cultist","floor":3.0,"turns":4.0},{"damage":15.0,"enemies":"Jaw Worm","floor":4.0,"turns":4.0},{"damage":38.0,"enemies":"3 Sentries","floor":6.0,"turns":10.0},{"damage":26.0,"enemies":"Exordium Wildlife","floor":7.0,"turns":6.0},{"damage":1.0,"enemies":"3 Louse","floor":11.0,"turns":4.0},{"damage":2.0,"enemies":"Large Slime","floor":12.0,"turns":5.0},{"damage":5.0,"enemies":"Lots of Slimes","floor":13.0,"turns":5.0},{"damage":12.0,"enemies":"Gremlin Nob","floor":14.0,"turns":4.0},{"damage":21.0,"enemies":"Hexaghost","floor":16.0,"turns":9.0},{"damage":13.0,"enemies":"Shell Parasite","floor":18.0,"turns":4.0},{"damage":0.0,"enemies":"Chosen","floor":20.0,"turns":4.0},{"damage":5.0,"enemies":"Snake Plant","floor":21.0,"turns":3.0},{"damage":9.0,"enemies":"Snecko","floor":22.0,"turns":4.0},{"damage":27.0,"enemies":"Gremlin Leader","floor":23.0,"turns":4.0},{"damage":11.0,"enemies":"Centurion and Healer","floor":27.0,"turns":5.0},{"damage":16.0,"enemies":"Slavers","floor":30.0,"turns":3.0},{"damage":40.0,"enemies":"Automaton","floor":33.0,"turns":7.0},{"damage":0.0,"enemies":"3 Shapes","floor":35.0,"turns":2.0},{"damage":2.0,"enemies":"3 Darklings","floor":36.0,"turns":3.0},{"damage":9,"enemies":"Writhing Mass","floor":39,"turns":4},{"damage":14,"enemies":"Reptomancer","floor":40,"turns":7},{"damage":33,"enemies":"Giant Head","floor":44,"turns":7},{"damage":7,"enemies":"Sphere and 2 Shapes","floor":46,"turns":4},{"damage":21,"enemies":"Maw","floor":47,"turns":5},{"damage":63,"enemies":"Time Eater","floor":50,"turns":8}],"seed_played":"7960925703613652947","potions_obtained":[{"floor":1.0,"key":"Energy Potion"},{"floor":6.0,"key":"Block Potion"},{"floor":12.0,"key":"Swift Potion"},{"floor":13.0,"key":"Weak Potion"},{"floor":14.0,"key":"SteroidPotion"},{"floor":16.0,"key":"SpeedPotion"},{"floor":18.0,"key":"Ancient Potion"},{"floor":27.0,"key":"SpeedPotion"},{"floor":30.0,"key":"AttackPotion"},{"floor":33.0,"key":"SpeedPotion"}],"is_trial":false,"path_per_floor":["M","?","M","M","?","E","M","R","T","R","M","M","M","E","R","B",null,"M","?","M","M","M","E","R","$","T","M","?","R","E","?","R","B",null,"M","M","$","?","M","E","R","?","T","E","R","M","M","$","R","B",null],"character_chosen":"IRONCLAD","items_purchased":["Pen Nib","Metallicize","Oddly Smooth Stone","Armaments","Sadistic Nature"],"campfire_rested":3,"item_purchase_floors":[25,37,37,37,37],"current_hp_per_floor":[80,80,80,71,80,48,28,28,28,52,57,61,62,56,56,41,80,73,73,79,80,77,56,56,56,56,51,51,51,41,26,51,17,85,85,85,85,85,82,74,74,74,74,49,49,50,37,37,62,7],"gold":33,"neow_bonus":"ONE_RANDOM_RARE_CARD","is_prod":false,"is_daily":false,"chose_seed":false,"campfire_upgraded":6,"win_rate":0,"timestamp":1544053137,"path_taken":["M","?","M","M","?","E","M","R","T","R","M","?","M","E","R","BOSS","M","?","M","M","M","E","R","$","T","M","?","R","E","?","R","BOSS","M","M","$","?","?","E","R","?","T","E","R","M","?","$","R","BOSS"],"build_version":"2018-11-15","purchased_purges":1,"victory":true,"max_hp_per_floor":[80,80,80,80,80,80,80,80,80,80,80,80,80,80,80,80,80,80,80,80,80,80,80,80,80,80,80,80,80,80,85,85,85,85,85,85,85,85,85,85,85,85,85,85,85,85,85,85,85,85],"card_choices":[{"not_picked":["Perfected Strike","Intimidate"],"picked":"Thunderclap","floor":1.0},{"not_picked":["Combust","Sentinel"],"picked":"Sword Boomerang","floor":3.0},{"not_picked":["Clash","Rampage"],"picked":"Dropkick","floor":4.0},{"not_picked":["Warcry","Fire Breathing"],"picked":"Carnage","floor":6.0},{"not_picked":["Anger","Cleave"],"picked":"Rage","floor":7.0},{"not_picked":["Clothesline","Wild Strike"],"picked":"Flex","floor":11.0},{"not_picked":["Burning Pact","Clothesline"],"picked":"Iron Wave","floor":12.0},{"not_picked":["Carnage","True Grit"],"picked":"Pommel Strike","floor":13.0},{"not_picked":["Thunderclap","Cleave"],"picked":"Intimidate","floor":14.0},{"not_picked":["Dual Wield"],"picked":"SKIP","floor":18.0},{"not_picked":[],"picked":"Pommel Strike","floor":20.0},{"not_picked":[],"picked":"Shrug It Off+1","floor":21.0},{"not_picked":[],"picked":"Thunderclap","floor":22.0},{"not_picked":["Wild Strike"],"picked":"SKIP","floor":23.0},{"not_picked":[],"picked":"Headbutt+1","floor":27.0},{"not_picked":["Sentinel"],"picked":"SKIP","floor":30.0},{"not_picked":[],"picked":"Limit Break","floor":33.0},{"not_picked":["Cleave+1"],"picked":"SKIP","floor":35.0},{"not_picked":["Sever Soul+1"],"picked":"SKIP","floor":36.0},{"not_picked":["Corruption+1"],"picked":"SKIP","floor":39},{"not_picked":[],"picked":"Impervious","floor":40},{"not_picked":["Headbutt"],"picked":"SKIP","floor":44},{"not_picked":["Intimidate"],"picked":"SKIP","floor":46},{"not_picked":[],"picked":"Rampage+1","floor":47}],"player_experience":126105,"relics_obtained":[{"floor":6.0,"key":"Art of War"},{"floor":9.0,"key":"Self Forming Clay"},{"floor":14.0,"key":"Ginger"},{"floor":23.0,"key":"Orichalcum"},{"floor":26.0,"key":"Whetstone"},{"floor":30.0,"key":"Bag of Marbles"},{"floor":40,"key":"Blood Vial"},{"floor":43,"key":"Red Skull"},{"floor":44,"key":"Bottled Flame"}],"event_choices":[{"damage_healed":0.0,"max_hp_gain":0.0,"max_hp_loss":0.0,"gold_gain":0.0,"event_name":"The Cleric","player_choice":"Leave","floor":2.0,"gold_loss":0.0,"damage_taken":0.0},{"damage_healed":9.0,"max_hp_gain":0.0,"max_hp_loss":0.0,"gold_gain":0.0,"event_name":"Wheel of Change","player_choice":"Full Heal","floor":5.0,"gold_loss":0.0,"damage_taken":0.0},{"damage_healed":0.0,"max_hp_gain":0.0,"max_hp_loss":0.0,"gold_gain":0.0,"event_name":"The Mausoleum","player_choice":"Opened","floor":19.0,"gold_loss":0.0,"damage_taken":0.0,"relics_obtained":["Shuriken"]},{"damage_healed":0.0,"max_hp_gain":0.0,"max_hp_loss":0.0,"gold_gain":0.0,"event_name":"Drug Dealer","player_choice":"Inject Mutagens","floor":28.0,"gold_loss":0.0,"damage_taken":0.0,"relics_obtained":["MutagenicStrength"]},{"damage_healed":0.0,"max_hp_gain":5.0,"max_hp_loss":0.0,"gold_gain":0.0,"event_name":"Forgotten Altar","player_choice":"Shed Blood","floor":31.0,"gold_loss":0.0,"damage_taken":20.0},{"cards_removed":["Strike_R"],"damage_healed":0,"gold_gain":0,"player_choice":"Upgrade and Remove","damage_taken":0,"max_hp_gain":0,"max_hp_loss":0,"event_name":"Designer","floor":38,"gold_loss":90,"cards_upgraded":["Strike_R"]},{"damage_healed":0,"gold_gain":0,"player_choice":"Got Potions","damage_taken":0,"max_hp_gain":0,"max_hp_loss":0,"event_name":"Lab","floor":42,"gold_loss":0}],"is_beta":false,"boss_relics":[{"not_picked":["Astrolabe","Black Blood"],"picked":"Busted Crown"},{"not_picked":["Coffee Dripper","Lizard Tail"],"picked":"Sozu"}],"items_purged_floors":[48],"is_endless":false,"potions_floor_spawned":[1,6,12,13,14,16,18,27,30,33,36,39,40],"ascension_level":1}