{"gold_per_floor":[112,125,137,137,150,150,191,156,202,13,13,33,33,76,76,175,175,191,316,366,33,52,93,93,113,137,137,157,207,221,234,234,323,323,337,287,2,27,51,86,106,106,106,145,145,0,0,18,18,18],"floor_reached":50,"playtime":1942,"items_purged":[],"score":1139,"play_id":"335b1d89-d277-4228-8d4c-8e0e079c76d5","local_time":"20190505165356","is_ascension_mode":true,"campfire_choices":[{"data":"Poisoned Stab","floor":6.0,"key":"SMITH"},{"data":"Apotheosis","floor":11.0,"key":"SMITH"},{"data":"Well Laid Plans","floor":15.0,"key":"SMITH"},{"floor":24.0,"key":"REST"},{"floor":27.0,"key":"REST"},{"floor":32.0,"key":"REST"},{"floor":42,"key":"REST"},{"floor":45,"key":"REST"},{"floor":49,"key":"RECALL"}],"neow_cost":"NONE","seed_source_timestamp":6628167951719,"circlet_count":0,"master_deck":["AscendersBane","Defend_G","Defend_G","Defend_G","Defend_G","Defend_G","Strike_G","Strike_G","Strike_G","Strike_G","Strike_G","Survivor","Neutralize+1","Deadly Poison","Flying Knee","Poisoned Stab+1","Well Laid Plans+1","Glass Knife+1","Apotheosis+1","Sucker Punch+1","Deadly Poison+1","Glass Knife+1","PiercingWail+1","Backflip","Backflip","Deflect+1","Footwork","Dash+1","Blur","Catalyst+1","Bouncing Flask","Backflip","Dodge and Roll","Writhe","Parasite"],"special_seed":0,"relics":["Ring of the Snake","Golden Idol","Molten Egg 2","Orichalcum","Bag of Preparation","Velvet Choker","Turnip","Ornamental Fan","Mango","Peace Pipe","Smiling Mask","Fusion Hammer","Oddly Smooth Stone","Bronze Scales","Unceasing Top","Red Mask"],"potions_floor_usage":[],"damage_taken":[{"damage":0.0,"enemies":"2 Louse","floor":1.0,"turns":3.0},{"damage":5.0,"enemies":"Small Slimes","floor":2.0,"turns":4.0},{"damage":3.0,"enemies":"Jaw Worm","floor":3.0,"turns":4.0},{"damage":7.0,"enemies":"2 Fungi Beasts","floor":5.0,"turns":4.0},{"damage":24.0,"enemies":"Lagavulin","floor":7.0,"turns":7.0},{"damage":14.0,"enemies":"Gremlin Gang","floor":12.0,"turns":4.0},{"damage":0.0,"enemies":"Gremlin Nob","floor":14.0,"turns":3.0},{"damage":14.0,"enemies":"The Guardian","floor":16.0,"turns":9.0},{"damage":3.0,"enemies":"Spheric Guardian","floor":18.0,"turns":3.0},{"damage":19.0,"enemies":"Colosseum Slavers","floor":19.0,"turns":3.0},{"damage":2.0,"enemies":"Colosseum Nobs","floor":19.0,"turns":5.0},{"damage":2.0,"enemies":"Shell Parasite","floor":22.0,"turns":4.0},{"damage":26.0,"enemies":"Slavers","floor":23.0,"turns":8.0},{"damage":14.0,"enemies":"Centurion and Healer","floor":25.0,"turns":5.0},{"damage":3.0,"enemies":"Snecko","floor":28.0,"turns":4.0},{"damage":8.0,"enemies":"Cultist and Chosen","floor":30.0,"turns":7.0},{"damage":2.0,"enemies":"Snake Plant","floor":31.0,"turns":3.0},{"damage":32.0,"enemies":"Automaton","floor":33.0,"turns":12.0},{"damage":0.0,"enemies":"3 Darklings","floor":35.0,"turns":5.0},{"damage":1.0,"enemies":"3 Shapes","floor":38.0,"turns":6.0},{"damage":11,"enemies":"Jaw Worm Horde","floor":39,"turns":5},{"damage":24,"enemies":"Reptomancer","floor":40,"turns":7},{"damage":22,"enemies":"4 Shapes","floor":41,"turns":7},{"damage":12,"enemies":"Nemesis","floor":44,"turns":9},{"damage":15,"enemies":"Writhing Mass","floor":48,"turns":6},{"damage":39,"enemies":"Donu and Deca","floor":50,"turns":9}],"seed_played":"8539944620268231646","potions_obtained":[{"floor":1.0,"key":"Block Potion"},{"floor":2.0,"key":"Regen Potion"},{"floor":12.0,"key":"GamblersBrew"},{"floor":14.0,"key":"Ancient Potion"},{"floor":22.0,"key":"GhostInAJar"},{"floor":23.0,"key":"EssenceOfSteel"},{"floor":31.0,"key":"SkillPotion"},{"floor":35.0,"key":"Strength Potion"},{"floor":40,"key":"SteroidPotion"}],"is_trial":false,"path_per_floor":["M","M","M","?","M","R","E","?","T","$","R","M","$","E","R","B",null,"M","?","?","$","M","E","R","M","T","R","M","?","M","M","R","B",null,"M","?","$","M","M","E","M","R","T","E","R","?","?","M","R","B"],"character_chosen":"THE_SILENT","items_purchased":["Apotheosis","Mango","Footwork","Oddly Smooth Stone","Dash+1"],"campfire_rested":5,"item_purchase_floors":[10,21,37,37,37],"current_hp_per_floor":[59,54,51,51,44,44,35,50,50,50,50,36,36,36,36,22,51,48,27,27,41,39,13,35,21,21,43,40,40,32,30,52,20,61,61,61,61,60,49,25,3,25,25,13,35,35,50,35,35,0],"gold":18,"neow_bonus":"UPGRADE_CARD","is_prod":false,"is_daily":false,"chose_seed":false,"campfire_upgraded":3,"win_rate":0,"timestamp":1557086036,"path_taken":["M","M","M","?","M","R","E","?","T","$","R","M","$","E","R","BOSS","M","?","?","$","M","E","R","M","T","R","M","?","M","?","R","BOSS","M","?","$","?","?","E","M","R","T","E","R","?","?","M","R","BOSS"],"build_version":"2019-01-23","purchased_purges":0,"victory":false,"max_hp_per_floor":[66,66,66,60,60,60,60,60,60,60,60,60,60,60,60,60,60,60,60,60,74,74,74,74,74,74,74,74,74,74,74,74,74,74,74,74,74,74,74,74,74,74,74,74,74,74,74,74,74,74],"card_choices":[{"not_picked":["Tactician","Cloak And Dagger"],"picked":"Deadly Poison","floor":1.0},{"not_picked":["Backflip","Setup"],"picked":"Flying Knee","floor":2.0},{"not_picked":["Blade Dance","Predator"],"picked":"Poisoned Stab","floor":3.0},{"not_picked":["Acrobatics","Catalyst"],"picked":"Well Laid Plans","floor":5.0},{"not_picked":["Escape Plan","Deadly Poison"],"picked":"Glass Knife","floor":7.0},{"not_picked":["Flying Knee+1","Prepared"],"picked":"Sucker Punch+1","floor":12.0},{"not_picked":["Flying Knee+1","Prepared"],"picked":"Deadly Poison","floor":14.0},{"not_picked":["Tools of the Trade","Phantasmal Killer"],"picked":"Glass Knife+1","floor":16.0},{"not_picked":["Choke+1","Infinite Blades"],"picked":"PiercingWail","floor":18.0},{"not_picked":["Acrobatics","Prepared"],"picked":"Backflip","floor":19.0},{"not_picked":["Underhanded Strike+1","Tactician+1","Poisoned Stab+1"],"picked":"SKIP","floor":22.0},{"not_picked":["Setup","Dagger Throw+1","Underhanded Strike+1"],"picked":"SKIP","floor":23.0},{"not_picked":["Predator+1","Sucker Punch+1"],"picked":"Backflip","floor":25.0},{"not_picked":["Dagger Throw+1","Flechettes+1","Predator+1"],"picked":"SKIP","floor":28.0},{"not_picked":["All Out Attack+1","Underhanded Strike+1"],"picked":"Deflect+1","floor":30.0},{"not_picked":["Infinite Blades","Finisher+1","Prepared"],"picked":"SKIP","floor":31.0},{"not_picked":["Poisoned Stab+1","Sucker Punch+1","Dagger Throw+1"],"picked":"SKIP","floor":35.0},{"not_picked":["Bane+1","Flying Knee+1"],"picked":"Blur","floor":38.0},{"not_picked":["Flying Knee+1","Prepared"],"picked":"Catalyst+1","floor":39},{"not_picked":["Slice+1","Venomology"],"picked":"Bouncing Flask","floor":40},{"not_picked":["Flying Knee+1","Finisher+1"],"picked":"Backflip","floor":41},{"not_picked":["Bouncing Flask","Endless Agony+1"],"picked":"Dodge and Roll","floor":44},{"not_picked":["Flechettes+1","Setup+1","Sucker Punch+1"],"picked":"SKIP","floor":48}],"player_experience":2257065,"relics_obtained":[{"floor":7.0,"key":"Molten Egg 2"},{"floor":9.0,"key":"Orichalcum"},{"floor":14.0,"key":"Bag of Preparation"},{"floor":19.0,"key":"Turnip"},{"floor":19.0,"key":"Ornamental Fan"},{"floor":23.0,"key":"Peace Pipe"},{"floor":26.0,"key":"Smiling Mask"},{"floor":40,"key":"Bronze Scales"},{"floor":44,"key":"Unceasing Top"}],"event_choices":[{"damage_healed":0.0,"max_hp_gain":0.0,"max_hp_loss":6.0,"gold_gain":0.0,"event_name":"Golden Idol","player_choice":"Lose Max HP","floor":4.0,"gold_loss":0.0,"damage_taken":0.0,"relics_obtained":["Golden Idol"]},{"damage_healed":15.0,"max_hp_gain":0.0,"max_hp_loss":0.0,"gold_gain":0.0,"event_name":"The Cleric","player_choice":"Healed","floor":8.0,"gold_loss":35.0,"damage_taken":0.0},{"damage_healed":0.0,"max_hp_gain":0.0,"max_hp_loss":0.0,"gold_gain":0.0,"event_name":"Colosseum","player_choice":"Fight","floor":19.0,"gold_loss":0.0,"damage_taken":0.0},{"damage_healed":0.0,"max_hp_gain":0.0,"max_hp_loss":0.0,"gold_gain":0.0,"event_name":"Colosseum","player_choice":"Fought Nobs","floor":19.0,"gold_loss":0.0,"damage_taken":0.0},{"damage_healed":0.0,"max_hp_gain":0.0,"max_hp_loss":0.0,"gold_gain":50.0,"event_name":"Nest","player_choice":"Stole From Cult","floor":20.0,"gold_loss":0.0,"damage_taken":0.0},{"damage_healed":0.0,"max_hp_gain":0.0,"max_hp_loss":0.0,"gold_gain":50.0,"event_name":"Golden Shrine","player_choice":"Pray","floor":29.0,"gold_loss":0.0,"damage_taken":0.0},{"damage_healed":0.0,"max_hp_gain":0.0,"max_hp_loss":0.0,"gold_gain":0.0,"event_name":"Designer","player_choice":"Upgraded Two","floor":36.0,"gold_loss":50.0,"damage_taken":0.0,"cards_upgraded":["Deadly Poison","PiercingWail"]},{"damage_healed":0,"gold_gain":0,"player_choice":"Paid","damage_taken":0,"relics_obtained":["Red Mask"],"max_hp_gain":0,"max_hp_loss":0,"event_name":"Tomb of Lord Red Mask","floor":46,"gold_loss":145},{"damage_healed":15,"gold_gain":0,"player_choice":"Writhe","damage_taken":0,"max_hp_gain":0,"max_hp_loss":0,"event_name":"Winding Halls","floor":47,"gold_loss":0,"cards_obtained":["Writhe"]}],"is_beta":false,"boss_relics":[{"not_picked":["Coffee Dripper","Astrolabe"],"picked":"Velvet Choker"},{"not_picked":["Calling Bell","Sozu"],"picked":"Fusion Hammer"}],"items_purged_floors":[],"is_endless":false,"potions_floor_spawned":[1,2,5,12,14,19,22,23,25,31,35,40],"killed_by":"Donu and Deca","ascension_level":20}