{"gold_per_floor":[17,34,34,51,65,65,95,95,95,130,200,40,74,92,92,164,164,182,24,24,24,43,72,72,106,131,181,181],"floor_reached":28,"playtime":849,"items_purged":[],"score":573,"play_id":"969ae628-46b1-4699-91d2-163094446559","local_time":"20190510152120","is_ascension_mode":true,"campfire_choices":[{"data":"Inflame","floor":6.0,"key":"SMITH"},{"data":"Bash","floor":8.0,"key":"SMITH"},{"floor":15,"key":"REST"},{"data":"Armaments","floor":24,"key":"SMITH"}],"neow_cost":"NO_GOLD","seed_source_timestamp":434505301126685,"circlet_count":0,"master_deck":["AscendersBane","Strike_R","Strike_R","Strike_R","Strike_R+1","Strike_R","Defend_R","Defend_R+1","Defend_R","Defend_R","Bash+1","Cleave","Anger","Inflame+1","Flame Barrier","Iron Wave+1","Pommel Strike+1","Bludgeon+1","Headbutt+1","Corruption","Armaments+1","Shrug It Off","Sword Boomerang+1"],"special_seed":0,"relics":["Burning Blood","Potion Belt","Blue Candle","Bottled Lightning","Molten Egg 2","PreservedInsect","Girya","Runic Pyramid","Mango","Omamori","Pen Nib"],"potions_floor_usage":[13,16,25,25],"damage_taken":[{"damage":7.0,"enemies":"Cultist","floor":1.0,"turns":4.0},{"damage":7.0,"enemies":"Jaw Worm","floor":2.0,"turns":4.0},{"damage":0.0,"enemies":"Small Slimes","floor":4.0,"turns":3.0},{"damage":14.0,"enemies":"Exordium Wildlife","floor":5.0,"turns":4.0},{"damage":32.0,"enemies":"Gremlin Nob","floor":7.0,"turns":4.0},{"damage":15,"enemies":"Lagavulin","floor":10,"turns":7},{"damage":12,"enemies":"3 Sentries","floor":13,"turns":5},{"damage":4,"enemies":"Red Slaver","floor":14,"turns":5},{"damage":21,"enemies":"Slime Boss","floor":16,"turns":7},{"damage":14,"enemies":"Spheric Guardian","floor":18,"turns":4},{"damage":32,"enemies":"3 Byrds","floor":22,"turns":5},{"damage":15,"enemies":"Gremlin Leader","floor":23,"turns":6},{"damage":30,"enemies":"Slavers","floor":25,"turns":5},{"damage":36,"enemies":"3 Cultists","floor":28,"turns":4}],"seed_played":"7760087652240483212","potions_obtained":[{"floor":2.0,"key":"Swift Potion"},{"floor":5.0,"key":"Regen Potion"},{"floor":10,"key":"Regen Potion"},{"floor":13,"key":"Energy Potion"},{"floor":23,"key":"Block Potion"},{"floor":25,"key":"Explosive Potion"}],"is_trial":false,"path_per_floor":["M","M","?","M","M","R","E","R","T","E","T","$","E","M","R","B",null,"M","$","?","?","M","E","R","E","T","?","M"],"character_chosen":"IRONCLAD","items_purchased":["PreservedInsect","Corruption","Armaments","SteroidPotion"],"campfire_rested":1,"item_purchase_floors":[12,19,19,19],"current_hp_per_floor":[81,80,53,59,51,51,37,37,37,28,28,28,36,38,64,49,79,71,71,71,85,59,50,50,26,26,26,0],"gold":181,"neow_bonus":"TWENTY_PERCENT_HP_BONUS","is_prod":false,"is_daily":false,"chose_seed":false,"campfire_upgraded":3,"win_rate":0,"timestamp":1557512480,"path_taken":["M","?","?","M","M","R","E","R","T","E","?","$","E","M","R","BOSS","M","$","?","?","?","E","R","E","T","?","M"],"build_version":"2019-01-23","purchased_purges":0,"victory":false,"max_hp_per_floor":[89,89,89,89,89,89,89,89,89,89,89,89,89,89,89,89,89,89,89,89,103,103,103,103,103,103,103,103],"card_choices":[{"not_picked":["Thunderclap","Combust"],"picked":"Shrug It Off","floor":1.0},{"not_picked":["Searing Blow","Heavy Blade"],"picked":"Cleave","floor":2.0},{"not_picked":["Burning Pact","Shrug It Off"],"picked":"Anger","floor":4.0},{"not_picked":["Dual Wield","Clothesline"],"picked":"Inflame","floor":5.0},{"not_picked":["Double Tap","Disarm"],"picked":"Flame Barrier","floor":7.0},{"not_picked":["Clash","Combust","Rupture"],"picked":"SKIP","floor":10},{"not_picked":["Clash","Combust","Rupture"],"picked":"SKIP","floor":10},{"not_picked":["Flame Barrier","Metallicize"],"picked":"Iron Wave+1","floor":13},{"not_picked":["Blood for Blood+1","Iron Wave+1"],"picked":"Pommel Strike+1","floor":14},{"not_picked":["Demon Form","Dark Embrace"],"picked":"Bludgeon+1","floor":16},{"not_picked":["Entrench","Cleave+1"],"picked":"Headbutt+1","floor":18},{"not_picked":["Inflame","Pommel Strike+1"],"picked":"Shrug It Off","floor":22},{"not_picked":["Anger+1","Body Slam+1"],"picked":"Sword Boomerang+1","floor":23},{"not_picked":["Dual Wield","Perfected Strike+1","Armaments"],"picked":"SKIP","floor":25},{"not_picked":["Dual Wield","Perfected Strike+1","Armaments"],"picked":"SKIP","floor":25}],"player_experience":2304467,"relics_obtained":[{"floor":7.0,"key":"Potion Belt"},{"floor":9,"key":"Blue Candle"},{"floor":10,"key":"Bottled Lightning"},{"floor":11,"key":"Molten Egg 2"},{"floor":13,"key":"Girya"},{"floor":23,"key":"Omamori"},{"floor":25,"key":"Pen Nib"}],"event_choices":[{"damage_healed":0.0,"max_hp_gain":0.0,"max_hp_loss":0.0,"gold_gain":0.0,"event_name":"Shining Light","player_choice":"Entered Light","floor":3.0,"gold_loss":0.0,"damage_taken":27.0,"cards_upgraded":["Strike_R","Defend_R"]},{"damage_healed":0,"gold_gain":0,"player_choice":"Ignored","damage_taken":0,"max_hp_gain":0,"max_hp_loss":0,"event_name":"Ghosts","floor":20,"gold_loss":0},{"cards_removed":["Shrug It Off"],"damage_healed":0,"gold_gain":0,"player_choice":"Gave Card","damage_taken":0,"relics_obtained":["Mango"],"max_hp_gain":0,"max_hp_loss":0,"event_name":"WeMeetAgain","floor":21,"gold_loss":0},{"damage_healed":0,"gold_gain":50,"player_choice":"Stole From Cult","damage_taken":0,"max_hp_gain":0,"max_hp_loss":0,"event_name":"Nest","floor":27,"gold_loss":0}],"is_beta":false,"boss_relics":[{"not_picked":["Ectoplasm","Lizard Tail"],"picked":"Runic Pyramid"}],"items_purged_floors":[],"is_endless":false,"potions_floor_spawned":[2,5,10,13,23,25],"killed_by":"3 Cultists","ascension_level":20}