{"gold_per_floor":[213,231,242,20,95,95,130,130,130,144,175,194,194,214,214,319,319,335,335,335,250,265,265,300,300,300,315,315,315,42,59,59,161,161,181,25,100,120,120,120,133,133,156,168,168,182,0,13,13,13],"floor_reached":51,"playtime":1607,"items_purged":["Strike_B"],"score":984,"play_id":"87365596-f108-4780-b1d3-edb2e420e7c2","local_time":"20180807221949","is_ascension_mode":true,"campfire_choices":[{"data":"Defragment","floor":6,"key":"SMITH"},{"floor":8,"key":"REST"},{"floor":15,"key":"REST"},{"data":"Zap","floor":23,"key":"SMITH"},{"floor":25,"key":"REST"},{"floor":32,"key":"REST"},{"floor":40,"key":"REST"},{"floor":42,"key":"REST"},{"floor":49,"key":"REST"}],"neow_cost":"NONE","seed_source_timestamp":19551800933374,"circlet_count":0,"master_deck":["Strike_B","Strike_B","Strike_B","Defend_B","Defend_B","Defend_B","Defend_B","Zap+1","Dualcast","Ball Lightning","Consume","Auto Shields","Defragment+1","Sunder","White Noise","Undo","Hyperbeam","Streamline","Rainbow","Stack","Conserve Battery+1","Leap+1","Stack+1","Capacitor","Cold Snap","Leap+1","Echo Form","Storm+1","White Noise+1","Master of Strategy+1","Blind+1","Coolheaded+1","Conserve Battery+1","Glacier+1","Seek+1"],"relics":["Cracked Core","Shovel","Emotion Chip","Bottled Flame","Velvet Choker","Toxic Egg 2","Torii","Shuriken","Nuclear Battery","DataDisk","Gremlin Horn","Orichalcum","Blood Vial","Red Mask"],"potions_floor_usage":[7,11,16,16,16,16,24,24,31,31,46,46],"damage_taken":[{"damage":4,"enemies":"2 Louse","floor":1,"turns":2},{"damage":10,"enemies":"Small Slimes","floor":2,"turns":3},{"damage":12,"enemies":"Jaw Worm","floor":3,"turns":2},{"damage":17,"enemies":"3 Sentries","floor":7,"turns":7},{"damage":11,"enemies":"Looter","floor":10,"turns":2},{"damage":16,"enemies":"Gremlin Nob","floor":11,"turns":3},{"damage":0,"enemies":"Large Slime","floor":12,"turns":3},{"damage":9,"enemies":"Red Slaver","floor":14,"turns":2},{"damage":18,"enemies":"Slime Boss","floor":16,"turns":8},{"damage":11,"enemies":"2 Thieves","floor":18,"turns":2},{"damage":17,"enemies":"Shell Parasite","floor":22,"turns":4},{"damage":43,"enemies":"Book of Stabbing","floor":24,"turns":6},{"damage":26,"enemies":"Centurion and Healer","floor":27,"turns":8},{"damage":10,"enemies":"Snake Plant","floor":31,"turns":4},{"damage":44,"enemies":"Automaton","floor":33,"turns":13},{"damage":13,"enemies":"Flame Bruiser 1 Orb","floor":35,"turns":7},{"damage":1,"enemies":"3 Shapes","floor":38,"turns":4},{"damage":31,"enemies":"Spire Growth","floor":41,"turns":5},{"damage":14,"enemies":"3 Darklings","floor":44,"turns":5},{"damage":2,"enemies":"Transient","floor":46,"turns":5},{"damage":0,"enemies":"Maw","floor":48,"turns":8},{"damage":58,"enemies":"Donu and Deca","floor":50,"turns":10}],"seed_played":"-5918459349419368348","potions_obtained":[{"floor":2,"key":"GamblersBrew"},{"floor":12,"key":"EntropicBrew"},{"floor":14,"key":"Strength Potion"},{"floor":18,"key":"Swift Potion"},{"floor":27,"key":"Regen Potion"},{"floor":35,"key":"SpeedPotion"},{"floor":38,"key":"Weak Potion"},{"floor":44,"key":"FearPotion"}],"is_trial":false,"path_per_floor":["M","M","M","$","?","R","E","R","T","M","E","M","?","M","R","B",null,"M","?","?","?","M","R","E","R","T","M","?","?","$","M","R","B",null,"M","$","T","M","?","R","M","R","T","M","T","M","?","M","R","B"],"character_chosen":"DEFECT","items_purchased":["Defragment","Sunder","Regen Potion","Capacitor","Cold Snap","Regen Potion","DataDisk"],"campfire_rested":7,"item_purchase_floors":[4,4,4,30,30,30,36],"current_hp_per_floor":[64,54,42,42,42,42,25,47,47,36,29,29,29,20,42,24,62,51,75,75,75,58,58,15,37,37,11,11,11,11,28,50,6,58,45,45,45,44,39,61,37,59,59,45,45,45,45,54,75,17],"gold":13,"neow_bonus":"HUNDRED_GOLD","is_prod":false,"is_daily":false,"chose_seed":false,"campfire_upgraded":2,"win_rate":0,"timestamp":1533691189,"path_taken":["M","M","M","$","?","R","E","R","T","M","E","M","?","?","R","BOSS","M","?","?","?","M","R","E","R","T","?","?","?","$","M","R","BOSS","M","$","?","?","?","R","M","R","T","M","?","M","?","M","R","BOSS"],"build_version":"2018-07-12","purchased_purges":1,"victory":true,"max_hp_per_floor":[75,75,75,75,75,75,75,75,75,75,75,75,75,75,75,75,75,75,75,75,75,75,75,75,75,75,75,75,75,75,75,75,75,75,75,75,75,75,75,75,75,75,75,75,75,75,75,75,75,75],"card_choices":[{"not_picked":["Go for the Eyes","Redo"],"picked":"Ball Lightning","floor":1},{"not_picked":["Leap","Gash"],"picked":"Consume","floor":2},{"not_picked":["Sweeping Beam","Heatsinks"],"picked":"Auto Shields","floor":3},{"not_picked":["Skim","Rebound","Turbo"],"picked":"SKIP","floor":7},{"not_picked":["Recycle","Tempest"],"picked":"White Noise","floor":10},{"not_picked":["White Noise","Doom and Gloom"],"picked":"Undo","floor":11},{"not_picked":["Turbo","Beam Cell"],"picked":"Hyperbeam","floor":12},{"not_picked":["Chaos","Barrage"],"picked":"Streamline","floor":14},{"not_picked":["Multi-Cast","Creative AI"],"picked":"Rainbow","floor":16},{"not_picked":["Undo","Reprogram"],"picked":"Stack","floor":18},{"not_picked":["Sweeping Beam+1","Streamline"],"picked":"Conserve Battery+1","floor":22},{"not_picked":["Blizzard","Turbo+1"],"picked":"Leap+1","floor":24},{"not_picked":["Scrape","Turbo+1"],"picked":"Stack+1","floor":27},{"not_picked":["Scrape","Compile Driver"],"picked":"Leap+1","floor":31},{"not_picked":["Meteor Strike","Creative AI"],"picked":"Echo Form","floor":33},{"not_picked":["Conserve Battery+1","Hologram+1"],"picked":"Storm+1","floor":35},{"not_picked":["Consume+1","Barrage"],"picked":"White Noise+1","floor":38},{"not_picked":["Swift Strike","Purity+1"],"picked":"Master of Strategy+1","floor":39},{"not_picked":["Dramatic Entrance","Jack Of All Trades+1"],"picked":"Blind+1","floor":39},{"not_picked":["Gash+1","Go for the Eyes+1"],"picked":"Coolheaded+1","floor":41},{"not_picked":["Stack+1","Tempest+1"],"picked":"Conserve Battery+1","floor":44},{"not_picked":["Leap+1","Melter+1"],"picked":"Glacier+1","floor":46},{"not_picked":["Reprogram+1","Ball Lightning+1"],"picked":"Seek+1","floor":48}],"player_experience":487717,"relics_obtained":[{"floor":7,"key":"Shovel"},{"floor":9,"key":"Emotion Chip"},{"floor":11,"key":"Bottled Flame"},{"floor":24,"key":"Torii"},{"floor":26,"key":"Shuriken"},{"floor":37,"key":"Gremlin Horn"},{"floor":43,"key":"Orichalcum"},{"floor":45,"key":"Blood Vial"}],"event_choices":[{"event_name":"Golden Wing","player_choice":"Gained Gold","floor":5,"damage_taken":0},{"event_name":"Shining Light","player_choice":"Ignored","floor":13,"damage_taken":0},{"event_name":"The Library","player_choice":"Heal","floor":19,"damage_taken":0},{"event_name":"The Mausoleum","player_choice":"No","floor":20,"damage_taken":0},{"event_name":"Addict","player_choice":"Obtained Relic","floor":21,"damage_taken":0},{"event_name":"Ghosts","player_choice":"Ignored","floor":28,"damage_taken":0},{"event_name":"Cursed Tome","player_choice":"Ignored","floor":29,"damage_taken":0},{"event_name":"SensoryStone","player_choice":"Memory 2","floor":39,"damage_taken":0},{"event_name":"Tomb of Lord Red Mask","player_choice":"Paid","floor":47,"damage_taken":0}],"boss_relics":[{"not_picked":["Empty Cage","Orrery"],"picked":"Velvet Choker"},{"not_picked":["Snecko Eye","Eternal Feather"],"picked":"Nuclear Battery"}],"items_purged_floors":[30],"is_endless":false,"potions_floor_spawned":[2,12,14,18,27,35,38,44],"ascension_level":9}