{"gold_per_floor":[215,365,365,365,25,54,54,66,93,111,135,135,135,147,147,221,221,196,209,209,209,226,226,251,251,251,279,279,290,290,309,309,382,382,400,419,419,419,437,437,487,362,362,121,144,144,160,176,176,176],"floor_reached":51,"playtime":3974,"items_purged":[],"score":1108,"play_id":"bc2680e3-2a73-41b0-82a0-976f5d1e2b29","local_time":"20190506155519","is_ascension_mode":true,"campfire_choices":[{"data":"Neutralize","floor":7,"key":"SMITH"},{"floor":12,"key":"REST"},{"data":"Cloak And Dagger","floor":15,"key":"SMITH"},{"floor":23,"key":"REST"},{"floor":25,"key":"REST"},{"data":"Caltrops","floor":30,"key":"SMITH"},{"data":"Backflip","floor":32,"key":"SMITH"},{"data":"Dodge and Roll","floor":40,"key":"SMITH"},{"floor":46,"key":"REST"},{"data":"Leg Sweep","floor":49,"key":"SMITH"}],"neow_cost":"NONE","seed_source_timestamp":146688975798500,"circlet_count":0,"master_deck":["AscendersBane","Defend_G+1","Defend_G+1","Defend_G+1","Defend_G+1","Defend_G+1","Strike_G+1","Strike_G+1","Strike_G+1","Strike_G+1","Survivor","Neutralize+1","Leg Sweep+1","Blur+1","Cloak And Dagger+1","Infinite Blades","Well Laid Plans","Dagger Spray","Dodge and Roll+1","Tools of the Trade","Backflip+1","Writhe","Caltrops+1","Backflip","Caltrops+1","Footwork+1","Trip","Caltrops+1","Footwork+1","PiercingWail","Mind Blast","Reflex+1"],"relics":["Ring of the Snake","Pantograph","Strawberry","Ancient Tea Set","Odd Mushroom","Busted Crown","Mercury Hourglass","Incense Burner","The Courier","Juzu Bracelet","Philosopher\u0027s Stone","Bronze Scales","Frozen Egg 2","Oddly Smooth Stone"],"potions_floor_usage":[6,11,16,24,33,33,50],"damage_taken":[{"damage":1,"enemies":"Small Slimes","floor":1,"turns":4},{"damage":27,"enemies":"Gremlin Nob","floor":6,"turns":5},{"damage":0,"enemies":"Jaw Worm","floor":8,"turns":4},{"damage":4,"enemies":"Cultist","floor":10,"turns":4},{"damage":9,"enemies":"The Mushroom Lair","floor":11,"turns":5},{"damage":0,"enemies":"Blue Slaver","floor":14,"turns":6},{"damage":35,"enemies":"Slime Boss","floor":16,"turns":11},{"damage":37,"enemies":"2 Thieves","floor":18,"turns":5},{"damage":0,"enemies":"Shell Parasite","floor":19,"turns":7},{"damage":6,"enemies":"Centurion and Healer","floor":22,"turns":11},{"damage":14,"enemies":"Slavers","floor":24,"turns":3},{"damage":3,"enemies":"Gremlin Leader","floor":27,"turns":7},{"damage":0,"enemies":"Shelled Parasite and Fungi","floor":29,"turns":6},{"damage":0,"enemies":"Cultist and Chosen","floor":31,"turns":8},{"damage":47,"enemies":"Champ","floor":33,"turns":25},{"damage":8,"enemies":"3 Darklings","floor":35,"turns":5},{"damage":0,"enemies":"3 Shapes","floor":36,"turns":6},{"damage":0,"enemies":"Maw","floor":39,"turns":8},{"damage":6,"enemies":"Writhing Mass","floor":47,"turns":7},{"damage":8,"enemies":"3 Darklings","floor":48,"turns":5},{"damage":10,"enemies":"Time Eater","floor":50,"turns":15}],"seed_played":"-6441106443537318979","potions_obtained":[{"floor":4,"key":"Explosive Potion"},{"floor":4,"key":"PowerPotion"},{"floor":8,"key":"GhostInAJar"},{"floor":10,"key":"PowerPotion"},{"floor":16,"key":"Poison Potion"},{"floor":18,"key":"PowerPotion"},{"floor":24,"key":"SpeedPotion"},{"floor":29,"key":"SteroidPotion"},{"floor":33,"key":"Explosive Potion"},{"floor":35,"key":"Explosive Potion"},{"floor":47,"key":"Fire Potion"},{"floor":48,"key":"SpeedPotion"}],"is_trial":false,"path_per_floor":["M","?","?","?","$","E","R","M","T","M","?","R","?","M","R","B",null,"M","M","?","?","M","R","E","R","T","E","?","M","R","M","R","B",null,"M","M","?","?","M","R","?","$","T","$","T","R","M","M","R","B",null],"character_chosen":"THE_SILENT","items_purchased":["Pantograph","Blur","Cloak And Dagger","Bronze Scales","Caltrops+1","Footwork+1","PiercingWail","Mind Blast"],"campfire_rested":4,"item_purchase_floors":[5,5,5,42,44,44,44,44],"current_hp_per_floor":[58,58,58,58,58,38,38,38,38,34,25,46,39,39,39,29,62,25,25,25,25,19,40,26,47,47,44,44,44,44,44,44,22,60,52,52,42,42,42,42,35,35,35,35,35,56,50,42,42,57],"gold":176,"neow_bonus":"HUNDRED_GOLD","is_prod":false,"is_daily":false,"chose_seed":false,"campfire_upgraded":6,"win_rate":0,"timestamp":1557154519,"path_taken":["M","?","?","?","$","E","R","M","T","?","?","R","?","M","R","BOSS","M","M","?","?","M","R","E","R","T","E","?","M","R","M","R","BOSS","M","M","?","?","M","R","?","$","T","$","?","R","M","M","R","BOSS"],"build_version":"2019-01-23","purchased_purges":0,"victory":true,"max_hp_per_floor":[66,66,66,66,66,73,73,73,73,73,73,73,73,73,73,73,73,73,73,73,73,73,73,73,73,73,73,73,73,73,73,73,73,73,73,73,73,73,73,73,73,73,73,73,73,73,73,73,73,73],"card_choices":[{"not_picked":["Slice","Catalyst"],"picked":"Leg Sweep","floor":1},{"not_picked":["Poisoned Stab","Caltrops"],"picked":"Infinite Blades","floor":6},{"not_picked":["Masterful Stab","Underhanded Strike"],"picked":"Well Laid Plans","floor":8},{"not_picked":["All Out Attack","Expertise"],"picked":"Dagger Spray","floor":10},{"not_picked":["Slice","All Out Attack"],"picked":"Dodge and Roll","floor":11},{"not_picked":["Caltrops","Dagger Spray","Endless Agony"],"picked":"SKIP","floor":14},{"not_picked":["Grand Finale","Storm of Steel"],"picked":"Tools of the Trade","floor":16},{"not_picked":["Slice"],"picked":"SKIP","floor":18},{"not_picked":[],"picked":"Backflip","floor":19},{"not_picked":[],"picked":"Caltrops+1","floor":22},{"not_picked":[],"picked":"Backflip","floor":24},{"not_picked":["Night Terror"],"picked":"SKIP","floor":27},{"not_picked":[],"picked":"Caltrops","floor":29},{"not_picked":["Dagger Throw"],"picked":"SKIP","floor":31},{"not_picked":[],"picked":"Footwork","floor":35},{"not_picked":["Slice+1"],"picked":"SKIP","floor":36},{"not_picked":[],"picked":"Trip","floor":37},{"not_picked":["Cloak And Dagger"],"picked":"SKIP","floor":39},{"not_picked":["Cloak And Dagger"],"picked":"SKIP","floor":47},{"not_picked":[],"picked":"Reflex+1","floor":48}],"player_experience":462226,"relics_obtained":[{"floor":6,"key":"Strawberry"},{"floor":9,"key":"Ancient Tea Set"},{"floor":11,"key":"Odd Mushroom"},{"floor":24,"key":"Incense Burner"},{"floor":26,"key":"The Courier"},{"floor":27,"key":"Juzu Bracelet"},{"floor":43,"key":"Frozen Egg 2"},{"floor":45,"key":"Oddly Smooth Stone"}],"event_choices":[{"damage_healed":0,"gold_gain":150,"player_choice":"AGREE","damage_taken":0,"max_hp_gain":0,"max_hp_loss":0,"event_name":"Liars Game","floor":2,"gold_loss":0,"cards_obtained":["Doubt"]},{"cards_removed":["Doubt"],"damage_healed":0,"gold_gain":0,"player_choice":"Forget","damage_taken":0,"max_hp_gain":0,"max_hp_loss":0,"event_name":"Living Wall","floor":3,"gold_loss":0},{"damage_healed":0,"gold_gain":0,"player_choice":"Got Potions","damage_taken":0,"max_hp_gain":0,"max_hp_loss":0,"event_name":"Lab","floor":4,"gold_loss":0},{"damage_healed":0,"gold_gain":0,"player_choice":"Fought Mushrooms","damage_taken":0,"max_hp_gain":0,"max_hp_loss":0,"event_name":"Mushrooms","floor":11,"gold_loss":0},{"cards_removed":["Strike_G"],"damage_healed":0,"gold_gain":0,"player_choice":"Card Removal","damage_taken":7,"max_hp_gain":0,"max_hp_loss":0,"event_name":"Golden Wing","floor":13,"gold_loss":0},{"damage_healed":0,"gold_gain":0,"player_choice":"Simplicity","damage_taken":0,"max_hp_gain":0,"max_hp_loss":0,"event_name":"Back to Basics","floor":20,"gold_loss":0,"cards_upgraded":["Defend_G","Defend_G","Defend_G","Defend_G","Defend_G","Strike_G","Strike_G","Strike_G","Strike_G"]},{"damage_healed":0,"gold_gain":0,"player_choice":"Opened","damage_taken":0,"relics_obtained":["Mercury Hourglass"],"max_hp_gain":0,"max_hp_loss":0,"event_name":"The Mausoleum","floor":21,"gold_loss":0,"cards_obtained":["Writhe"]},{"damage_healed":0,"gold_gain":0,"player_choice":"Forge","damage_taken":0,"max_hp_gain":0,"max_hp_loss":0,"event_name":"Accursed Blacksmith","floor":28,"gold_loss":0,"cards_upgraded":["Blur"]},{"damage_healed":0,"gold_gain":0,"player_choice":"Memory 3","damage_taken":10,"max_hp_gain":0,"max_hp_loss":0,"event_name":"SensoryStone","floor":37,"gold_loss":0},{"damage_healed":0,"gold_gain":0,"player_choice":"Upgraded","damage_taken":0,"max_hp_gain":0,"max_hp_loss":0,"event_name":"Upgrade Shrine","floor":38,"gold_loss":0,"cards_upgraded":["Footwork"]},{"damage_healed":0,"gold_gain":50,"player_choice":"Touch","damage_taken":7,"max_hp_gain":0,"max_hp_loss":0,"event_name":"FaceTrader","floor":41,"gold_loss":0}],"is_beta":false,"boss_relics":[{"not_picked":["WristBlade","Black Star"],"picked":"Busted Crown"},{"not_picked":["Snecko Eye","Ring of the Serpent"],"picked":"Philosopher\u0027s Stone"}],"items_purged_floors":[],"is_endless":false,"potions_floor_spawned":[8,10,16,18,24,29,33,35,47,48],"ascension_level":15}