{"gold_per_floor":[360,51,62,81,92,124,124,136,190,190,190,190,216,230,230,327,327,340,340,354,3,19,19,47,47,94,120,131,149,161,161,161,258,258,268,282,302,302,302],"floor_reached":39,"playtime":1307,"items_purged":["Doubt","Strike_B"],"score":631,"play_id":"5a6a5652-0954-4959-8c10-2d9ef4fc88f1","local_time":"20180805095217","is_ascension_mode":true,"campfire_choices":[{"data":"Zap","floor":7,"key":"SMITH"},{"data":"Defragment","floor":10,"key":"SMITH"},{"floor":12,"key":"REST"},{"data":"Go for the Eyes","floor":15,"key":"SMITH"},{"data":"Consume","floor":23,"key":"SMITH"},{"floor":32,"key":"REST"}],"neow_cost":"CURSE","seed_source_timestamp":0,"circlet_count":0,"master_deck":["Strike_B+1","Strike_B+1","Strike_B+1","Defend_B+1","Defend_B+1","Defend_B+1","Defend_B+1","Zap+1","Dualcast","Defragment+1","Consume+1","Rip and Tear","Steam","Sunder","Cold Snap","Rainbow","Go for the Eyes+1","Coolheaded","Necronomicurse","Doom and Gloom","Bandage Up","Writhe","Steam+1","Buffer","Sunder","Creative AI","Cold Snap","Self Repair+1"],"special_seed":0,"relics":["Cracked Core","Vajra","Tiny Chest","Anchor","Potion Belt","Cursed Key","Necronomicon","Lee\u0027s Waffle","Dream Catcher","Bag of Marbles","Ornamental Fan","Busted Crown"],"potions_floor_usage":[6,13,16,24,24,24,27,28,37],"damage_taken":[{"damage":4.0,"enemies":"Cultist","floor":1.0,"turns":5.0},{"damage":13,"enemies":"Jaw Worm","floor":3,"turns":4},{"damage":0,"enemies":"Small Slimes","floor":4,"turns":3},{"damage":12,"enemies":"3 Louse","floor":5,"turns":3},{"damage":8,"enemies":"3 Sentries","floor":6,"turns":6},{"damage":6,"enemies":"Blue Slaver","floor":8,"turns":2},{"damage":4,"enemies":"Gremlin Nob","floor":13,"turns":3},{"damage":10,"enemies":"Gremlin Gang","floor":14,"turns":4},{"damage":16,"enemies":"Hexaghost","floor":16,"turns":12},{"damage":0,"enemies":"Spheric Guardian","floor":18,"turns":3},{"damage":3,"enemies":"Chosen","floor":20,"turns":4},{"damage":6,"enemies":"Sentry and Sphere","floor":22,"turns":4},{"damage":4,"enemies":"Slavers","floor":24,"turns":2},{"damage":28,"enemies":"Book of Stabbing","floor":27,"turns":4},{"damage":20,"enemies":"Slaver and Parasite","floor":28,"turns":7},{"damage":8,"enemies":"Centurion and Healer","floor":29,"turns":6},{"damage":9,"enemies":"Chosen and Byrds","floor":30,"turns":6},{"damage":11,"enemies":"Automaton","floor":33,"turns":10},{"damage":0,"enemies":"Orb Walker","floor":35,"turns":2},{"damage":11,"enemies":"3 Darklings","floor":36,"turns":2},{"damage":41,"enemies":"Flame Bruiser 2 Orb","floor":37,"turns":6},{"damage":27,"enemies":"4 Shapes","floor":39,"turns":3}],"seed_played":"4344866706424131200","potions_obtained":[{"floor":1.0,"key":"Swift Potion"},{"floor":4,"key":"PowerPotion"},{"floor":8,"key":"Strength Potion"},{"floor":14,"key":"Ancient Potion"},{"floor":18,"key":"SteroidPotion"},{"floor":22,"key":"Energy Potion"},{"floor":27,"key":"Regen Potion"},{"floor":30,"key":"LiquidBronze"},{"floor":33,"key":"AttackPotion"},{"floor":36,"key":"Poison Potion"},{"floor":37,"key":"Ancient Potion"}],"is_trial":false,"path_per_floor":["M","$","M","M","M","E","R","M","T","R","T","R","E","M","R","B",null,"M","?","M","$","M","R","E","?","T","E","M","M","M","?","R","B",null,"M","M","M","T"],"character_chosen":"DEFECT","items_purchased":["Defragment","Consume","Rip and Tear","Strength Potion","Lee\u0027s Waffle","PowerPotion"],"campfire_rested":2,"item_purchase_floors":[2,2,2,2,21,21],"current_hp_per_floor":[64,64,51,51,39,31,31,25,25,25,25,47,43,33,33,17,61,61,45,42,82,76,76,72,56,56,32,31,27,22,22,46,39,71,71,60,23,23,0],"gold":302,"neow_bonus":"TWO_FIFTY_GOLD","is_prod":false,"is_daily":false,"chose_seed":false,"campfire_upgraded":4,"win_rate":0,"timestamp":1533473537,"path_taken":["M","$","?","M","M","E","R","M","T","R","?","R","E","M","R","BOSS","M","?","M","$","M","R","E","?","T","E","?","M","M","?","R","BOSS","M","M","M","?","M"],"build_version":"2018-07-12","purchased_purges":2,"victory":false,"max_hp_per_floor":[75,75,75,75,75,75,75,75,75,75,75,75,75,75,75,75,75,75,75,75,82,82,82,82,82,82,82,82,82,82,82,82,82,82,82,82,82,82,82],"card_choices":[{"not_picked":["Barrage","Double Energy","Stack"],"picked":"SKIP","floor":1.0},{"not_picked":["Reprogram","Rebound"],"picked":"Steam","floor":3},{"not_picked":["Stack","Steam"],"picked":"Sunder","floor":4},{"not_picked":["Turbo","Hologram","Redo"],"picked":"SKIP","floor":5},{"not_picked":["Go for the Eyes","Turbo"],"picked":"Cold Snap","floor":6},{"not_picked":["Consume","Gash"],"picked":"Rainbow","floor":8},{"not_picked":["Streamline","Force Field","Beam Cell"],"picked":"SKIP","floor":13},{"not_picked":["Consume","Tempest"],"picked":"Go for the Eyes","floor":14},{"not_picked":["Melter","Rip and Tear"],"picked":"Coolheaded","floor":18},{"not_picked":["Storm","Melter","Doom and Gloom"],"picked":"SKIP","floor":20},{"not_picked":["Storm","Melter"],"picked":"Doom and Gloom","floor":20},{"not_picked":["Sunder","Barrage","Redo"],"picked":"SKIP","floor":22},{"not_picked":["Sweeping Beam","Hello World","Static Discharge"],"picked":"SKIP","floor":24},{"not_picked":["Stack","Force Field","Redo"],"picked":"SKIP","floor":27},{"not_picked":["Ball Lightning","Go for the Eyes"],"picked":"Steam+1","floor":28},{"not_picked":["Aggregate","Cold Snap"],"picked":"Buffer","floor":29},{"not_picked":["Sweeping Beam","Rebound+1","Barrage+1"],"picked":"SKIP","floor":30},{"not_picked":["Rebound","Static Discharge"],"picked":"Sunder","floor":32},{"not_picked":["Multi-Cast","Seek"],"picked":"Creative AI","floor":33},{"not_picked":[],"picked":"Cold Snap","floor":35},{"not_picked":["Redo"],"picked":"SKIP","floor":36},{"not_picked":[],"picked":"Self Repair+1","floor":37}],"player_experience":460436,"relics_obtained":[{"floor":6,"key":"Vajra"},{"floor":9,"key":"Tiny Chest"},{"floor":11,"key":"Anchor"},{"floor":13,"key":"Potion Belt"},{"floor":19,"key":"Necronomicon"},{"floor":24,"key":"Dream Catcher"},{"floor":26,"key":"Bag of Marbles"},{"floor":27,"key":"Ornamental Fan"}],"event_choices":[{"event_name":"Cursed Tome","player_choice":"Obtained Book","floor":19,"damage_taken":0},{"event_name":"Knowing Skull","player_choice":"CARD ","floor":25,"damage_taken":0},{"event_name":"Back to Basics","player_choice":"Simplicity","floor":31,"damage_taken":0}],"boss_relics":[{"not_picked":["Coffee Dripper","FrozenCore"],"picked":"Cursed Key"},{"not_picked":["Snecko Eye","Fusion Hammer"],"picked":"Busted Crown"}],"items_purged_floors":[2,21],"is_endless":false,"potions_floor_spawned":[1,4,8,14,18,22,27,30,33,36,37],"killed_by":"4 Shapes","ascension_level":9}