{"gold_per_floor":[116,4,16,16,26,26,52,52,125,159,174,174,174,200,200,275,275,287,307,307,307,327,355,355,374,374,400,411,444,459,320,320,399,449,459,459,474,474,484,484,502,502,557,568,568,179,211,225,225,225,225,225,225,75,106,106],"floor_reached":57,"playtime":3406,"items_purged":["Strike_R","Defend_R","Whirlwind+1","Bash+1"],"score":3099,"play_id":"b2d435cf-c10c-4ede-9f75-0847d8278585","local_time":"20190509211947","is_ascension_mode":true,"campfire_choices":[{"data":"Bash","floor":6.0,"key":"SMITH"},{"data":"Strike_R","floor":8.0,"key":"PURGE"},{"data":"Whirlwind","floor":13.0,"key":"SMITH"},{"data":"Strike_R","floor":15.0,"key":"PURGE"},{"data":"Defend_R","floor":24.0,"key":"PURGE"},{"data":"Havoc","floor":32.0,"key":"SMITH"},{"data":"Pommel Strike","floor":40.0,"key":"SMITH"},{"data":"Dark Embrace","floor":42.0,"key":"SMITH"},{"data":"Dual Wield","floor":45.0,"key":"SMITH"},{"floor":49.0,"key":"RECALL"},{"data":"Shrug It Off","floor":53.0,"key":"PURGE"}],"neow_cost":"TEN_PERCENT_HP_LOSS","seed_source_timestamp":0,"circlet_count":0,"master_deck":["AscendersBane","Defend_R","Defend_R","Dropkick","Feel No Pain+1","Feed","Fiend Fire","Dual Wield+1","Shrug It Off+1","Pommel Strike+1","Shockwave","Havoc+1","Evolve","Dark Embrace+1","Warcry+1"],"special_seed":0,"relics":["Burning Blood","Peace Pipe","Red Skull","Anchor","Paper Frog","Bird Faced Urn","Gambling Chip","Coffee Dripper","Self Forming Clay","Sundial","Blood Vial","Vajra","Tiny House","Mummified Hand","Art of War","Letter Opener"],"potions_floor_usage":[],"damage_taken":[{"damage":9.0,"enemies":"Jaw Worm","floor":1.0,"turns":4.0},{"damage":12.0,"enemies":"Small Slimes","floor":3.0,"turns":4.0},{"damage":0.0,"enemies":"Cultist","floor":5.0,"turns":2.0},{"damage":15.0,"enemies":"Lagavulin","floor":7.0,"turns":6.0},{"damage":6.0,"enemies":"Gremlin Nob","floor":10.0,"turns":2.0},{"damage":0.0,"enemies":"3 Louse","floor":11.0,"turns":4.0},{"damage":12.0,"enemies":"Lagavulin","floor":14.0,"turns":4.0},{"damage":25.0,"enemies":"Slime Boss","floor":16.0,"turns":10.0},{"damage":31.0,"enemies":"Spheric Guardian","floor":18.0,"turns":7.0},{"damage":0.0,"enemies":"3 Byrds","floor":19.0,"turns":3.0},{"damage":9.0,"enemies":"Snake Plant","floor":22.0,"turns":3.0},{"damage":0.0,"enemies":"Gremlin Leader","floor":23.0,"turns":3.0},{"damage":0.0,"enemies":"Centurion and Healer","floor":25.0,"turns":2.0},{"damage":14.0,"enemies":"Slavers","floor":27.0,"turns":4.0},{"damage":5.0,"enemies":"Snecko","floor":28.0,"turns":5.0},{"damage":13.0,"enemies":"Book of Stabbing","floor":29.0,"turns":4.0},{"damage":3.0,"enemies":"Cultist and Chosen","floor":30.0,"turns":4.0},{"damage":26.0,"enemies":"Collector","floor":33.0,"turns":5.0},{"damage":0.0,"enemies":"3 Shapes","floor":35.0,"turns":4.0},{"damage":0.0,"enemies":"3 Darklings","floor":37.0,"turns":3.0},{"damage":0.0,"enemies":"Maw","floor":39.0,"turns":6.0},{"damage":0.0,"enemies":"Spire Growth","floor":41.0,"turns":3.0},{"damage":0.0,"enemies":"Sphere and 2 Shapes","floor":44.0,"turns":3.0},{"damage":0.0,"enemies":"Nemesis","floor":47.0,"turns":3.0},{"damage":0.0,"enemies":"Maw","floor":48.0,"turns":3.0},{"damage":51.0,"enemies":"Time Eater","floor":50.0,"turns":9.0},{"damage":0.0,"enemies":"Donu and Deca","floor":51.0,"turns":3.0},{"damage":0.0,"enemies":"Shield and Spear","floor":55.0,"turns":1.0},{"damage":4,"enemies":"The Heart","floor":56,"turns":6}],"seed_played":"-6475868209693867951","potions_obtained":[{"floor":5.0,"key":"Weak Potion"},{"floor":7.0,"key":"SkillPotion"},{"floor":11.0,"key":"Swift Potion"},{"floor":14.0,"key":"Dexterity Potion"},{"floor":22.0,"key":"SkillPotion"},{"floor":28.0,"key":"Block Potion"},{"floor":29.0,"key":"BloodPotion"},{"floor":30.0,"key":"Ancient Potion"},{"floor":37.0,"key":"Energy Potion"}],"is_trial":false,"path_per_floor":["M","$","M","?","M","R","E","R","T","E","M","?","R","E","R","B",null,"M","M","?","?","M","E","R","M","T","E","M","E","M","$","R","B",null,"M","?","M","?","M","R","M","R","T","M","R","$","E","M","R","B","B",null,"R","$","E","B",null],"character_chosen":"IRONCLAD","items_purchased":["Feel No Pain","Evolve","Mummified Hand"],"campfire_rested":0,"item_purchase_floors":[2,31,46],"current_hp_per_floor":[65,65,59,24,30,30,21,21,21,21,32,32,32,29,29,15,62,39,45,23,23,25,33,33,41,41,35,40,37,47,47,47,33,79,89,88,88,88,88,88,88,88,88,91,91,91,91,91,91,46,60,83,83,83,91,91],"gold":106,"neow_bonus":"ONE_RARE_RELIC","is_prod":false,"is_daily":false,"chose_seed":false,"campfire_upgraded":6,"win_rate":0,"timestamp":1557407987,"path_taken":["M","$","M","?","M","R","E","R","T","E","M","?","R","E","R","BOSS","M","M","?","?","?","E","R","M","T","E","?","E","M","$","R","BOSS","M","?","M","?","M","R","M","R","T","M","R","$","E","M","R","BOSS","BOSS","R","$","E","BOSS"],"build_version":"2019-01-23","purchased_purges":4,"victory":true,"max_hp_per_floor":[68,68,68,68,68,68,68,68,68,68,71,71,71,74,74,77,77,77,77,82,82,85,85,85,85,85,85,85,85,88,88,88,88,93,93,88,88,88,88,88,88,88,88,91,91,91,91,91,91,91,91,91,91,91,91,91],"card_choices":[{"not_picked":["Flex","Thunderclap"],"picked":"Dropkick","floor":1.0},{"not_picked":["Pommel Strike","Warcry"],"picked":"Shrug It Off","floor":3.0},{"not_picked":["Pommel Strike","Wild Strike","Anger"],"picked":"SKIP","floor":5.0},{"not_picked":["Armaments","Heavy Blade","Shrug It Off"],"picked":"SKIP","floor":7.0},{"not_picked":["Uppercut","Feel No Pain"],"picked":"Feed","floor":10.0},{"not_picked":["Shrug It Off","Heavy Blade"],"picked":"Whirlwind","floor":11.0},{"not_picked":["Flame Barrier","Heavy Blade","Havoc"],"picked":"SKIP","floor":14.0},{"not_picked":["Double Tap","Exhume"],"picked":"Fiend Fire","floor":16.0},{"not_picked":["Clothesline","Sword Boomerang","Cleave"],"picked":"SKIP","floor":18.0},{"not_picked":["Uppercut","Wild Strike"],"picked":"Seeing Red","floor":19.0},{"not_picked":["Ghostly Armor","Twin Strike+1"],"picked":"Dual Wield","floor":22.0},{"not_picked":["Blood for Blood","Heavy Blade"],"picked":"Shrug It Off+1","floor":23.0},{"not_picked":["Feel No Pain","Pummel","Spot Weakness"],"picked":"SKIP","floor":25.0},{"not_picked":["Feel No Pain","Pummel","Spot Weakness"],"picked":"SKIP","floor":25.0},{"not_picked":["Entrench","Seeing Red","Rampage+1"],"picked":"SKIP","floor":27.0},{"not_picked":["Clash+1","Twin Strike+1"],"picked":"Pommel Strike","floor":28.0},{"not_picked":["Rampage","Bludgeon"],"picked":"Shockwave","floor":29.0},{"not_picked":["Thunderclap","Rupture"],"picked":"Havoc","floor":30.0},{"not_picked":["Flex","Headbutt+1","Carnage"],"picked":"SKIP","floor":35.0},{"not_picked":["Heavy Blade+1","Body Slam","Power Through"],"picked":"SKIP","floor":37.0},{"not_picked":["Wild Strike","Iron Wave","Body Slam"],"picked":"SKIP","floor":39.0},{"not_picked":["Uppercut","Wild Strike"],"picked":"Dark Embrace","floor":41.0},{"not_picked":["Clash","Cleave","Shrug It Off"],"picked":"SKIP","floor":44.0},{"not_picked":["Reaper","Sentinel","Perfected Strike"],"picked":"SKIP","floor":47.0},{"not_picked":["Blood for Blood","Power Through+1","Clash"],"picked":"SKIP","floor":48.0},{"not_picked":["Havoc","Sword Boomerang"],"picked":"Warcry+1","floor":55.0}],"player_experience":1908101,"relics_obtained":[{"floor":7.0,"key":"Anchor"},{"floor":9.0,"key":"Paper Frog"},{"floor":10.0,"key":"Bird Faced Urn"},{"floor":14.0,"key":"Gambling Chip"},{"floor":23.0,"key":"Self Forming Clay"},{"floor":26.0,"key":"Sundial"},{"floor":27.0,"key":"Blood Vial"},{"floor":29.0,"key":"Vajra"},{"floor":47.0,"key":"Art of War"},{"floor":55.0,"key":"Letter Opener"}],"event_choices":[{"damage_healed":0.0,"max_hp_gain":0.0,"max_hp_loss":0.0,"gold_gain":0.0,"event_name":"Scrap Ooze","player_choice":"Success","floor":4.0,"gold_loss":0.0,"damage_taken":35.0,"relics_obtained":["Red Skull"]},{"cards_removed":["Strike_R"],"damage_healed":0.0,"max_hp_gain":0.0,"max_hp_loss":0.0,"gold_gain":0.0,"event_name":"Bonfire Elementals","player_choice":"Offered Basic","floor":12.0,"gold_loss":0.0,"damage_taken":0.0},{"damage_healed":0.0,"max_hp_gain":5.0,"max_hp_loss":0.0,"gold_gain":0.0,"event_name":"Forgotten Altar","player_choice":"Shed Blood","floor":20.0,"gold_loss":0.0,"damage_taken":27.0},{"cards_removed":["Strike_R"],"damage_healed":0.0,"max_hp_gain":0.0,"max_hp_loss":0.0,"gold_gain":0.0,"event_name":"Purifier","player_choice":"Purged","floor":21.0,"gold_loss":0.0,"damage_taken":0.0},{"damage_healed":0.0,"max_hp_gain":0.0,"max_hp_loss":5.0,"gold_gain":0.0,"event_name":"Winding Halls","player_choice":"Max HP","floor":36.0,"gold_loss":0.0,"damage_taken":0.0},{"cards_removed":["Seeing Red"],"damage_healed":0.0,"max_hp_gain":0.0,"max_hp_loss":0.0,"gold_gain":0.0,"event_name":"Purifier","player_choice":"Purged","floor":38.0,"gold_loss":0.0,"damage_taken":0.0}],"is_beta":false,"boss_relics":[{"not_picked":["Mark of Pain","Snecko Eye"],"picked":"Coffee Dripper"},{"not_picked":["Philosopher\u0027s Stone","Pandora\u0027s Box"],"picked":"Tiny House"}],"items_purged_floors":[2,31,46,54],"is_endless":false,"potions_floor_spawned":[5,7,11,14,22,28,29,30,37],"ascension_level":20}