{"path_per_floor":["M","?","?","$","M","E","?","E","T","M","M","$","R","M","R","B",null,"M","?","?","$","?","R","$","M","T","E","M","?","M","M","R"],"character_chosen":"IRONCLAD","items_purchased":["Clash"],"gold_per_floor":[10,185,185,110,128,154,104,135,161,178,189,35,35,47,47,151,151,168,168,168,43,43,43,43,55,124,149,167,167,185,197,197,197],"floor_reached":33,"campfire_rested":0,"playtime":1474,"current_hp_per_floor":[80,80,80,80,75,36,36,25,25,40,59,59,59,73,73,47,80,80,80,80,80,80,80,80,73,73,68,64,40,40,40,40,0],"items_purged":["Doubt","Strike_R","Pain"],"gold":197,"score":300,"play_id":"159f4102-1273-431f-8387-36f7ff53b2ae","local_time":"20180418213451","is_prod":false,"is_daily":false,"chose_seed":false,"is_ascension_mode":false,"campfire_upgraded":4,"timestamp":1524105291,"path_taken":["M","?","?","?","?","E","?","E","T","M","M","$","R","M","R","BOSS","M","?","?","$","?","R","$","M","T","E","?","?","M","M","R","BOSS"],"build_version":"2018-04-17","seed_source_timestamp":559656940875922,"purchased_purges":3,"victory":false,"master_deck":["Strike_R","Strike_R","Strike_R","Strike_R","Defend_R","Defend_R","Defend_R","Bash+1","Reaper","Infernal Blade","Dual Wield+1","Flex+1","Reaper","Clash","Warcry","Clash","Double Tap+1","Doubt","Writhe","Madness","Bash","Flex","Metallicize","Ghostly","Ghostly","Ghostly","Ghostly","Ghostly","Metallicize"],"max_hp_per_floor":[80,80,80,80,80,80,80,80,80,80,80,80,80,80,80,80,80,80,80,80,80,80,80,80,80,80,80,80,40,40,40,40,40],"relics":["Burning Blood","Orichalcum","Bottled Flame","Bronze Scales","Calling Bell","Omamori","Question Card","Torii","Ornamental Fan","Magic Flower"],"card_choices":[{"not_picked":["Berserk","Impervious"],"picked":"Reaper","floor":0},{"not_picked":["Warcry","Intimidate"],"picked":"Infernal Blade","floor":1},{"not_picked":["Sever Soul","Seeing Red"],"picked":"Dual Wield","floor":5},{"not_picked":["Blood for Blood","Brutality"],"picked":"Flex","floor":6},{"not_picked":["Intimidate","Anger"],"picked":"Reaper","floor":8},{"not_picked":["Heavy Blade","Headbutt"],"picked":"Clash","floor":10},{"not_picked":["Clothesline","Twin Strike"],"picked":"Warcry","floor":11},{"not_picked":["Entrench","Dual Wield"],"picked":"Double Tap","floor":14},{"not_picked":["Clash","Battle Trance","Blood for Blood"],"picked":"Metallicize","floor":27},{"not_picked":["Anger","Searing Blow","Cleave"],"picked":"Metallicize","floor":31}],"player_experience":173855,"potions_floor_usage":[8,18,27,27,30],"damage_taken":[{"damage":3,"enemies":"Small Slimes","floor":1,"turns":3},{"damage":11,"enemies":"Jaw Worm","floor":5,"turns":2},{"damage":57,"enemies":"3 Sentries","floor":6,"turns":11},{"damage":18,"enemies":"Lagavulin","floor":8,"turns":5},{"damage":0,"enemies":"Cultist","floor":10,"turns":4},{"damage":2,"enemies":"Large Slime","floor":11,"turns":4},{"damage":8,"enemies":"Exordium Wildlife","floor":14,"turns":3},{"damage":42,"enemies":"The Guardian","floor":16,"turns":8},{"damage":1,"enemies":"Shell Parasite","floor":18,"turns":3},{"damage":13,"enemies":"Chosen","floor":25,"turns":4},{"damage":43,"enemies":"Slavers","floor":27,"turns":8},{"damage":26,"enemies":"Snecko","floor":28,"turns":6},{"damage":0,"enemies":"Snake Plant","floor":30,"turns":4},{"damage":2,"enemies":"Centurion and Healer","floor":31,"turns":6},{"damage":62,"enemies":"Champ","floor":33,"turns":13}],"event_choices":[{"event_name":"Liars Game","player_choice":"agreed","floor":2,"damage_taken":0},{"event_name":"The Lab","player_choice":"Got Potions","floor":3,"damage_taken":0},{"event_name":"The Cleric","player_choice":"Card Removal","floor":7,"damage_taken":0},{"event_name":"Match and Keep!","player_choice":"2 cards matched","floor":19,"damage_taken":0},{"event_name":"The Woman in Blue","player_choice":"Bought 0 Potions","floor":20,"damage_taken":0},{"event_name":"The Library","player_choice":"Read","floor":22,"damage_taken":0},{"event_name":"Ghosts","player_choice":"Became a Ghost","floor":29,"damage_taken":0}],"boss_relics":[{"not_picked":["Orrery","Eternal Feather"],"picked":"Calling Bell"}],"potions_floor_spawned":[1,5,8,14,18,27,28],"seed_played":"-6182935360185798672","killed_by":"Champ","ascension_level":0,"is_trial":false}