{"gold_per_floor":[119,194,294,70,83,83,97,113,113,126,126,158,158,169,169,269,269,251,251,47,47,57,83,182,182,182,199,25,57,76,105,105,207,207,221,266,279,4,4,34,134,164,164,164,196,196,208,220,220,220,220,220,33,64,64],"floor_reached":56,"playtime":8276,"items_purged":["Strike_B","Defend_B","Defend_B"],"score":1473,"play_id":"ac777a38-cfcf-4e07-b58a-44593dbd7656","local_time":"20190515112257","is_ascension_mode":true,"campfire_choices":[{"data":"Self Repair","floor":6.0,"key":"SMITH"},{"data":"Genetic Algorithm","floor":11.0,"key":"SMITH"},{"floor":13.0,"key":"REST"},{"data":"Loop","floor":15.0,"key":"SMITH"},{"data":"Blizzard","floor":25.0,"key":"SMITH"},{"data":"Defragment","floor":32.0,"key":"SMITH"},{"floor":44.0,"key":"RECALL"},{"data":"Enlightenment","floor":46.0,"key":"SMITH"},{"data":"Redo","floor":49,"key":"SMITH"},{"data":"Machine Learning","floor":52,"key":"SMITH"}],"neow_cost":"PERCENT_DAMAGE","seed_source_timestamp":0,"circlet_count":0,"master_deck":["Strike_B","Strike_B","Defend_B","Zap","Dualcast","Redo+1","Self Repair+1","Steam","Go for the Eyes","Blizzard+1","Genetic Algorithm+1","Gash","Loop+1","Electrodynamics","Glacier","Gash","Glacier","Self Repair","Machine Learning+1","Ghostly+1","Ghostly","Ghostly+1","Ghostly","Ghostly","Auto Shields","Gash","Chill","Defragment+1","All For One","Enlightenment+1","Panacea","Consume+1","Loop","Glacier","Conserve Battery+1"],"special_seed":0,"relics":["Cracked Core","Shuriken","Orrery","MutagenicStrength","Strange Spoon","Gremlin Horn","Pen Nib","Mummified Hand","Juzu Bracelet","Black Star","Unceasing Top","Vajra","Thread and Needle","WingedGreaves","Calipers","Bronze Scales","Bag of Marbles","Mango","Question Card","Orichalcum","War Paint","StoneCalendar","Art of War"],"potions_floor_usage":[50,55,55],"damage_taken":[{"damage":0.0,"enemies":"2 Louse","floor":1.0,"turns":1.0},{"damage":0.0,"enemies":"Small Slimes","floor":5.0,"turns":3.0},{"damage":0.0,"enemies":"Cultist","floor":7.0,"turns":3.0},{"damage":8.0,"enemies":"Exordium Thugs","floor":8.0,"turns":5.0},{"damage":5.0,"enemies":"Large Slime","floor":10.0,"turns":7.0},{"damage":52.0,"enemies":"Gremlin Nob","floor":12.0,"turns":5.0},{"damage":0.0,"enemies":"Looter","floor":14.0,"turns":3.0},{"damage":40.0,"enemies":"Hexaghost","floor":16.0,"turns":10.0},{"damage":9.0,"enemies":"2 Thieves","floor":18.0,"turns":4.0},{"damage":9.0,"enemies":"Shell Parasite","floor":22.0,"turns":8.0},{"damage":19.0,"enemies":"Book of Stabbing","floor":23.0,"turns":11.0},{"damage":7.0,"enemies":"Chosen and Byrds","floor":27.0,"turns":6.0},{"damage":0.0,"enemies":"Gremlin Leader","floor":29.0,"turns":9.0},{"damage":0.0,"enemies":"Snake Plant","floor":30.0,"turns":7.0},{"damage":5.0,"enemies":"Book of Stabbing","floor":31.0,"turns":8.0},{"damage":24.0,"enemies":"Champ","floor":33.0,"turns":16.0},{"damage":7.0,"enemies":"3 Darklings","floor":35.0,"turns":6.0},{"damage":13.0,"enemies":"2 Orb Walkers","floor":36.0,"turns":5.0},{"damage":0.0,"enemies":"3 Shapes","floor":37.0,"turns":6.0},{"damage":5.0,"enemies":"Giant Head","floor":40.0,"turns":13.0},{"damage":0.0,"enemies":"Mind Bloom Boss Battle","floor":41.0,"turns":5.0},{"damage":0.0,"enemies":"Reptomancer","floor":42.0,"turns":6.0},{"damage":0.0,"enemies":"Giant Head","floor":45.0,"turns":10.0},{"damage":0.0,"enemies":"Maw","floor":47.0,"turns":7.0},{"damage":0.0,"enemies":"4 Shapes","floor":48.0,"turns":4.0},{"damage":0,"enemies":"Time Eater","floor":50,"turns":8},{"damage":18,"enemies":"Shield and Spear","floor":54,"turns":7},{"damage":27,"enemies":"The Heart","floor":55,"turns":15}],"seed_played":"3420789817860216101","potions_obtained":[{"floor":1.0,"key":"EssenceOfSteel"},{"floor":14.0,"key":"PowerPotion"},{"floor":16.0,"key":"Energy Potion"},{"floor":18.0,"key":"Block Potion"},{"floor":27.0,"key":"FearPotion"},{"floor":35.0,"key":"Energy Potion"},{"floor":36.0,"key":"Regen Potion"},{"floor":40.0,"key":"Weak Potion"},{"floor":48.0,"key":"SkillPotion"}],"is_trial":false,"path_per_floor":["M","?","?","$","M","R","M","M","T","M","R","E","R","M","R","B",null,"M","?","$","?","M","E","?","R","T","M","$","E","M","E","R","B",null,"M","?","M","$","?","E","?","E","T","R","E","R","M","M","R","B",null,"R","$","E","B",null],"character_chosen":"DEFECT","items_purchased":["Self Repair","Steam","Go for the Eyes","Strange Spoon","Chill","Vajra","Glacier","War Paint"],"campfire_rested":1,"item_purchase_floors":[4,4,4,20,28,38,53,53],"current_hp_per_floor":[54,43,43,43,50,50,60,62,62,67,67,25,47,57,57,27,75,75,75,75,37,37,28,28,28,28,28,28,37,37,37,37,30,37,37,34,37,37,32,37,37,37,51,51,51,51,51,51,51,51,51,51,51,50,40],"gold":64,"neow_bonus":"REMOVE_TWO","is_prod":false,"is_daily":false,"chose_seed":false,"campfire_upgraded":8,"win_rate":0,"timestamp":1557933777,"path_taken":["M","?","?","$","M","R","M","?","T","M","R","E","R","M","R","BOSS","M","?","$","?","M","E","?","R","T","?","$","E","?","E","R","BOSS","M","?","M","$","?","E","?","E","T","R","E","R","M","M","R","BOSS","R","$","E","BOSS"],"build_version":"2019-01-23","purchased_purges":3,"victory":true,"max_hp_per_floor":[75,75,75,75,75,75,75,75,75,75,75,75,75,75,75,75,75,75,75,75,37,37,37,37,37,37,37,37,37,37,37,37,37,37,37,37,37,37,37,37,37,37,51,51,51,51,51,51,51,51,51,51,51,51,51],"card_choices":[{"not_picked":["Recycle","Turbo"],"picked":"Redo","floor":1.0},{"not_picked":["Beam Cell","Compile Driver"],"picked":"Blizzard","floor":5.0},{"not_picked":["Hologram","Tempest"],"picked":"Genetic Algorithm","floor":7.0},{"not_picked":["Chill","Doom and Gloom"],"picked":"Gash","floor":8.0},{"not_picked":["Reinforced Body","Turbo","Blizzard"],"picked":"SKIP","floor":10.0},{"not_picked":["Heatsinks","Sweeping Beam","Tempest"],"picked":"SKIP","floor":12.0},{"not_picked":["Sunder","Hologram"],"picked":"Loop","floor":14.0},{"not_picked":["Fission","Echo Form"],"picked":"Electrodynamics","floor":16.0},{"not_picked":["Chill","Steam"],"picked":"Glacier","floor":17.0},{"not_picked":["Redo","Hello World"],"picked":"Gash","floor":17.0},{"not_picked":["Sweeping Beam","Conserve Battery"],"picked":"Glacier","floor":17.0},{"not_picked":["Lockon","Ball Lightning"],"picked":"Self Repair","floor":17.0},{"not_picked":["Stack+1","Aggregate"],"picked":"Machine Learning","floor":18.0},{"not_picked":["Barrage","Streamline"],"picked":"Auto Shields","floor":22.0},{"not_picked":["Conserve Battery","Coolheaded","Double Energy"],"picked":"SKIP","floor":23.0},{"not_picked":["Rebound","Skim"],"picked":"Gash","floor":27.0},{"not_picked":["Chaos","Sunder","Genetic Algorithm"],"picked":"SKIP","floor":29.0},{"not_picked":["Blizzard","Gash"],"picked":"Defragment","floor":30.0},{"not_picked":["Lockon","Hello World","Reboot"],"picked":"SKIP","floor":31.0},{"not_picked":["Rainbow","Hyperbeam"],"picked":"All For One","floor":33.0},{"not_picked":["Scrape+1","Conserve Battery+1","Cold Snap"],"picked":"SKIP","floor":35.0},{"not_picked":["Leap","Skim","Beam Cell"],"picked":"SKIP","floor":37.0},{"not_picked":["Metamorphosis","Secret Weapon"],"picked":"Enlightenment","floor":39.0},{"not_picked":["Impatience","Deep Breath"],"picked":"Panacea","floor":39.0},{"not_picked":["Double Energy+1","Steam"],"picked":"Consume+1","floor":40.0},{"not_picked":["Undo","Hologram"],"picked":"Loop","floor":42.0},{"not_picked":["Cold Snap","Hello World+1","Sunder"],"picked":"SKIP","floor":45.0},{"not_picked":["Cold Snap","Hello World+1","Sunder"],"picked":"SKIP","floor":45.0},{"not_picked":["Beam Cell","Glacier","Meteor Strike","Force Field+1"],"picked":"SKIP","floor":47.0},{"not_picked":["Force Field","Sweeping Beam+1","Recycle+1","Double Energy"],"picked":"SKIP","floor":48.0},{"not_picked":["Chaos","Leap","Skim"],"picked":"Conserve Battery+1","floor":54}],"player_experience":113760,"relics_obtained":[{"floor":12.0,"key":"Shuriken"},{"floor":23.0,"key":"Gremlin Horn"},{"floor":26.0,"key":"Pen Nib"},{"floor":29.0,"key":"Mummified Hand"},{"floor":31.0,"key":"Juzu Bracelet"},{"floor":36.0,"key":"Unceasing Top"},{"floor":40.0,"key":"Thread and Needle"},{"floor":40.0,"key":"WingedGreaves"},{"floor":41.0,"key":"Calipers"},{"floor":42.0,"key":"Bronze Scales"},{"floor":42.0,"key":"Bag of Marbles"},{"floor":43.0,"key":"Mango"},{"floor":45.0,"key":"Question Card"},{"floor":45.0,"key":"Orichalcum"},{"floor":54,"key":"StoneCalendar"},{"floor":54,"key":"Art of War"}],"event_choices":[{"damage_healed":0.0,"max_hp_gain":0.0,"max_hp_loss":0.0,"gold_gain":75.0,"event_name":"World of Goop","player_choice":"Gather Gold","floor":2.0,"gold_loss":0.0,"damage_taken":11.0},{"damage_healed":0.0,"max_hp_gain":0.0,"max_hp_loss":0.0,"gold_gain":100.0,"event_name":"Golden Shrine","player_choice":"Pray","floor":3.0,"gold_loss":0.0,"damage_taken":0.0},{"damage_healed":0.0,"max_hp_gain":0.0,"max_hp_loss":0.0,"gold_gain":0.0,"event_name":"Drug Dealer","player_choice":"Inject Mutagens","floor":19.0,"gold_loss":0.0,"damage_taken":0.0,"relics_obtained":["MutagenicStrength"]},{"damage_healed":0.0,"max_hp_gain":0.0,"max_hp_loss":38.0,"gold_gain":0.0,"event_name":"Ghosts","player_choice":"Became a Ghost","floor":21.0,"gold_loss":0.0,"damage_taken":0.0,"cards_obtained":["Ghostly","Ghostly","Ghostly","Ghostly","Ghostly"]},{"damage_healed":0.0,"max_hp_gain":0.0,"max_hp_loss":0.0,"gold_gain":99.0,"event_name":"Nest","player_choice":"Stole From Cult","floor":24.0,"gold_loss":0.0,"damage_taken":0.0},{"damage_healed":0.0,"max_hp_gain":0.0,"max_hp_loss":0.0,"gold_gain":0.0,"event_name":"Mysterious Sphere","player_choice":"Fight","floor":36.0,"gold_loss":0.0,"damage_taken":0.0},{"damage_healed":0.0,"max_hp_gain":0.0,"max_hp_loss":0.0,"gold_gain":0.0,"event_name":"SensoryStone","player_choice":"Memory 2","floor":39.0,"gold_loss":0.0,"damage_taken":5.0},{"damage_healed":0.0,"max_hp_gain":0.0,"max_hp_loss":0.0,"gold_gain":0.0,"event_name":"MindBloom","player_choice":"Fight","floor":41.0,"gold_loss":0.0,"damage_taken":0.0}],"is_beta":false,"boss_relics":[{"not_picked":["Snecko Eye","Astrolabe"],"picked":"Orrery"},{"not_picked":["Runic Pyramid","Fusion Hammer"],"picked":"Black Star"}],"items_purged_floors":[4,28,38],"is_endless":false,"potions_floor_spawned":[1,7,14,16,18,27,29,35,36,40,48],"ascension_level":1}