{"gold_per_floor":[115,125,135,145,70,70,103,120,190,517,517,533,547,574,574,574],"floor_reached":16,"playtime":518,"items_purged":["Strike_R"],"score":298,"play_id":"6d7f6403-fa06-4f38-9fb2-977091b1ec5b","local_time":"20190509190355","is_ascension_mode":true,"campfire_choices":[{"data":"Offering","floor":6.0,"key":"SMITH"},{"data":"Armaments","floor":11,"key":"SMITH"},{"data":"Immolate","floor":15,"key":"SMITH"}],"neow_cost":"TEN_PERCENT_HP_LOSS","seed_source_timestamp":1244286650057805,"circlet_count":0,"master_deck":["AscendersBane","Strike_R","Strike_R","Defend_R","Defend_R","Defend_R","Defend_R","Bash","Fire Breathing","Immolate+1","Body Slam","Offering+1","Armaments+1","Dropkick","Evolve","Inflame","Feel No Pain"],"special_seed":0,"relics":["Burning Blood","Shuriken","Singing Bowl","Old Coin","Smiling Mask"],"potions_floor_usage":[16],"damage_taken":[{"damage":9.0,"enemies":"Cultist","floor":1.0,"turns":4.0},{"damage":7.0,"enemies":"Small Slimes","floor":2.0,"turns":2.0},{"damage":0.0,"enemies":"2 Louse","floor":3.0,"turns":1.0},{"damage":0.0,"enemies":"2 Fungi Beasts","floor":4.0,"turns":2.0},{"damage":26,"enemies":"3 Sentries","floor":7,"turns":5},{"damage":7,"enemies":"Looter","floor":8,"turns":2},{"damage":12,"enemies":"Gremlin Nob","floor":10,"turns":3},{"damage":15,"enemies":"Red Slaver","floor":12,"turns":2},{"damage":14,"enemies":"Exordium Wildlife","floor":13,"turns":5},{"damage":6,"enemies":"Lagavulin","floor":14,"turns":4},{"damage":26,"enemies":"Hexaghost","floor":16,"turns":6}],"seed_played":"-2677973065073184591","potions_obtained":[{"floor":2.0,"key":"Fire Potion"},{"floor":7,"key":"LiquidBronze"},{"floor":14,"key":"SkillPotion"}],"is_trial":false,"path_per_floor":["M","M","M","M","$","R","E","M","T","E","R","M","M","E","R","B"],"character_chosen":"IRONCLAD","items_purchased":[],"campfire_rested":0,"item_purchase_floors":[],"current_hp_per_floor":[65,64,68,68,68,68,48,47,47,43,43,34,26,26,26,0],"gold":574,"neow_bonus":"TRANSFORM_TWO_CARDS","is_prod":false,"is_daily":false,"chose_seed":false,"campfire_upgraded":3,"win_rate":0,"timestamp":1557399835,"path_taken":["M","M","?","M","$","R","E","M","T","E","R","M","M","E","R","BOSS"],"build_version":"2019-01-23","purchased_purges":1,"victory":false,"max_hp_per_floor":[68,68,68,68,68,68,68,68,68,70,70,70,70,70,70,70],"card_choices":[{"not_picked":["Clash","Entrench"],"picked":"Body Slam","floor":1.0},{"not_picked":["Pummel","Cleave","Searing Blow"],"picked":"SKIP","floor":2.0},{"not_picked":["Anger","Twin Strike","Flex"],"picked":"SKIP","floor":3.0},{"not_picked":["Anger","Perfected Strike"],"picked":"Offering","floor":4.0},{"not_picked":["Havoc","Reckless Charge"],"picked":"Armaments","floor":7},{"not_picked":["Wild Strike","Reckless Charge"],"picked":"Dropkick","floor":8},{"not_picked":["Juggernaut","Rupture","Reckless Charge"],"picked":"Singing Bowl","floor":10},{"not_picked":["Battle Trance","Sentinel"],"picked":"Evolve","floor":12},{"not_picked":["Corruption","Anger"],"picked":"Inflame","floor":13},{"not_picked":["Battle Trance","Twin Strike"],"picked":"Feel No Pain","floor":14}],"player_experience":1906077,"relics_obtained":[{"floor":7,"key":"Shuriken"},{"floor":9,"key":"Singing Bowl"},{"floor":10,"key":"Old Coin"},{"floor":14,"key":"Smiling Mask"}],"event_choices":[],"is_beta":false,"boss_relics":[],"items_purged_floors":[5],"is_endless":false,"potions_floor_spawned":[2,7,8,14],"killed_by":"Hexaghost","ascension_level":20}