{"gold_per_floor":[359,376,199,212,212,212,212,228,228,228,255,270,302,315,315,389,389,359,359,378,388,399,399,433,483,483,509,509,526,154,167,167,239,239,259,275,150,205,217,250,265,295,322,322,340,340,190,216,216,216,216,216,216,79,105,105],"floor_reached":57,"playtime":3091,"items_purged":["Strike_R","Strike_R","Strike_R","Bash"],"score":3198,"play_id":"fbffadab-9663-475a-a1f7-82cf0fd7be6a","local_time":"20190227202641","is_ascension_mode":true,"campfire_choices":[{"data":"Discovery","floor":6.0,"key":"SMITH"},{"data":"Body Slam","floor":10.0,"key":"SMITH"},{"data":"Entrench","floor":15.0,"key":"SMITH"},{"data":"Barricade","floor":23.0,"key":"SMITH"},{"data":"True Grit","floor":32.0,"key":"SMITH"},{"data":"Battle Trance","floor":44.0,"key":"SMITH"},{"floor":46.0,"key":"RECALL"},{"data":"Feel No Pain","floor":49.0,"key":"SMITH"},{"data":"Feel No Pain","floor":53.0,"key":"SMITH"}],"neow_cost":"TEN_PERCENT_HP_LOSS","seed_source_timestamp":593706175705423,"circlet_count":0,"master_deck":["AscendersBane","Defend_R","Defend_R","Defend_R","Defend_R","Body Slam+1","Inflame","Discovery+1","Shrug It Off","Feel No Pain+1","Entrench+1","True Grit+1","Barricade+1","Battle Trance+1","Warcry+1","Second Wind+1","Shrug It Off+1","Feel No Pain+1","Evolve","Impatience+1","Burning Pact+1"],"special_seed":0,"relics":["Burning Blood","Magic Flower","Question Card","Calipers","Omamori","Velvet Choker","Red Mask","Toxic Egg 2","Bronze Scales","TheAbacus","Philosopher\u0027s Stone","Champion Belt","Juzu Bracelet","Bag of Preparation","Pocketwatch","Du-Vu Doll"],"potions_floor_usage":[],"damage_taken":[{"damage":12.0,"enemies":"Cultist","floor":1.0,"turns":4.0},{"damage":1.0,"enemies":"Small Slimes","floor":2.0,"turns":4.0},{"damage":0.0,"enemies":"Jaw Worm","floor":4.0,"turns":2.0},{"damage":5.0,"enemies":"Large Slime","floor":8.0,"turns":7.0},{"damage":15.0,"enemies":"Lagavulin","floor":11.0,"turns":7.0},{"damage":2.0,"enemies":"Looter","floor":12.0,"turns":5.0},{"damage":33.0,"enemies":"Gremlin Nob","floor":13.0,"turns":4.0},{"damage":14.0,"enemies":"Exordium Thugs","floor":14.0,"turns":5.0},{"damage":20.0,"enemies":"Slime Boss","floor":16.0,"turns":13.0},{"damage":17.0,"enemies":"2 Thieves","floor":18.0,"turns":4.0},{"damage":18.0,"enemies":"3 Byrds","floor":20.0,"turns":9.0},{"damage":0.0,"enemies":"Sentry and Sphere","floor":21.0,"turns":7.0},{"damage":13.0,"enemies":"Centurion and Healer","floor":22.0,"turns":6.0},{"damage":30.0,"enemies":"Masked Bandits","floor":24.0,"turns":6.0},{"damage":24.0,"enemies":"Gremlin Leader","floor":27.0,"turns":7.0},{"damage":8.0,"enemies":"Colosseum Slavers","floor":28.0,"turns":5.0},{"damage":8.0,"enemies":"Snake Plant","floor":29.0,"turns":4.0},{"damage":0.0,"enemies":"3 Cultists","floor":31.0,"turns":9.0},{"damage":0.0,"enemies":"Champ","floor":33.0,"turns":5.0},{"damage":0.0,"enemies":"Orb Walker","floor":35.0,"turns":2.0},{"damage":6.0,"enemies":"3 Darklings","floor":36.0,"turns":5.0},{"damage":1.0,"enemies":"2 Orb Walkers","floor":38.0,"turns":6.0},{"damage":0.0,"enemies":"4 Shapes","floor":39.0,"turns":7.0},{"damage":72.0,"enemies":"Reptomancer","floor":40.0,"turns":8.0},{"damage":0.0,"enemies":"Transient","floor":41.0,"turns":6.0},{"damage":20.0,"enemies":"Nemesis","floor":42.0,"turns":7.0},{"damage":0.0,"enemies":"Sphere and 2 Shapes","floor":45.0,"turns":4.0},{"damage":0.0,"enemies":"Giant Head","floor":48.0,"turns":4.0},{"damage":0.0,"enemies":"Time Eater","floor":50.0,"turns":5.0},{"damage":0.0,"enemies":"Awakened One","floor":51.0,"turns":6.0},{"damage":31.0,"enemies":"Shield and Spear","floor":55.0,"turns":4.0},{"damage":0,"enemies":"The Heart","floor":56,"turns":7}],"seed_played":"2853298878437696275","potions_obtained":[{"floor":4.0,"key":"PowerPotion"},{"floor":13.0,"key":"EssenceOfSteel"},{"floor":18.0,"key":"Regen Potion"},{"floor":20.0,"key":"SpeedPotion"},{"floor":22.0,"key":"Ancient Potion"},{"floor":24.0,"key":"SteroidPotion"},{"floor":29.0,"key":"GamblersBrew"},{"floor":33.0,"key":"FearPotion"},{"floor":39.0,"key":"Regen Potion"},{"floor":40.0,"key":"Energy Potion"},{"floor":45.0,"key":"SkillPotion"}],"is_trial":false,"path_per_floor":["M","M","$","M","?","R","?","M","T","R","E","M","E","M","R","B",null,"M","?","M","M","M","R","?","?","T","E","?","M","$","M","R","B",null,"M","M","$","?","M","E","M","E","T","R","M","R","$","E","R","B","B",null,"R","$","E","B",null],"character_chosen":"IRONCLAD","items_purchased":["Discovery","TheAbacus","Block Potion","Evolve","Impatience+1"],"campfire_rested":0,"item_purchase_floors":[3,30,30,54,54],"current_hp_per_floor":[62,67,67,68,50,50,50,54,54,54,48,55,31,26,26,15,55,47,47,62,68,64,64,43,43,43,28,29,30,30,39,39,48,63,68,68,68,68,68,29,38,27,27,27,36,36,36,45,45,54,63,67,67,67,45,54],"gold":105,"neow_bonus":"TWO_FIFTY_GOLD","is_prod":false,"is_daily":false,"chose_seed":false,"campfire_upgraded":8,"win_rate":0,"timestamp":1551270401,"path_taken":["M","?","$","M","?","R","?","?","T","R","E","M","E","M","R","BOSS","M","?","M","M","M","R","?","?","T","E","?","?","$","M","R","BOSS","M","?","$","?","M","E","M","E","T","R","M","R","$","E","R","BOSS","BOSS","R","$","E","BOSS"],"build_version":"2019-01-23","purchased_purges":4,"victory":true,"max_hp_per_floor":[68,68,68,68,68,68,68,68,68,68,68,68,68,68,68,68,68,68,68,68,68,68,68,68,68,68,68,68,68,68,68,68,68,68,68,68,68,68,68,68,68,68,68,68,68,68,68,68,68,68,68,68,68,68,68,68],"card_choices":[{"not_picked":["Armaments","Whirlwind"],"picked":"Body Slam","floor":1.0},{"not_picked":["Clash","True Grit"],"picked":"Inflame","floor":2.0},{"not_picked":["Body Slam","Pommel Strike"],"picked":"Shrug It Off","floor":4.0},{"not_picked":["Armaments","Battle Trance"],"picked":"Feel No Pain","floor":8.0},{"not_picked":["Body Slam","Corruption","Double Tap"],"picked":"Entrench","floor":11.0},{"not_picked":["Pommel Strike","Body Slam","Ghostly Armor","Cleave"],"picked":"SKIP","floor":12.0},{"not_picked":["Thunderclap","Flame Barrier","Hemokinesis","Cleave"],"picked":"SKIP","floor":13.0},{"not_picked":["Clash","Sword Boomerang","Blood for Blood"],"picked":"True Grit","floor":14.0},{"not_picked":["Reaper","Immolate","Limit Break"],"picked":"Barricade","floor":16.0},{"not_picked":["Havoc","Pommel Strike","Clash"],"picked":"Battle Trance","floor":18.0},{"not_picked":["Clothesline","True Grit","Carnage+1","Dual Wield"],"picked":"SKIP","floor":20.0},{"not_picked":["Rupture","Ghostly Armor","Pummel","Blood for Blood"],"picked":"SKIP","floor":21.0},{"not_picked":["True Grit","Iron Wave+1","Cleave","Armaments"],"picked":"SKIP","floor":22.0},{"not_picked":["Anger","Disarm+1","Armaments+1"],"picked":"Warcry+1","floor":27.0},{"not_picked":["Corruption","Clothesline","Fiend Fire","Armaments+1"],"picked":"SKIP","floor":29.0},{"not_picked":["Corruption","Clothesline","Fiend Fire","Armaments+1"],"picked":"SKIP","floor":29.0},{"not_picked":["Shrug It Off+1","Carnage","Cleave"],"picked":"Second Wind+1","floor":31.0},{"not_picked":["Havoc+1","Thunderclap+1","Infernal Blade+1"],"picked":"Shrug It Off+1","floor":35.0},{"not_picked":["Rage+1","Flex+1","Reckless Charge+1","Body Slam+1"],"picked":"SKIP","floor":36.0},{"not_picked":["Thunderclap+1","Sword Boomerang","Spot Weakness+1","Perfected Strike+1"],"picked":"SKIP","floor":39.0},{"not_picked":["Combust","Rupture","Feel No Pain","Pommel Strike"],"picked":"SKIP","floor":40.0},{"not_picked":["Combust","Rupture","Pommel Strike"],"picked":"Feel No Pain","floor":40.0},{"not_picked":["Ghostly Armor+1","Warcry+1","Disarm+1","Sentinel+1"],"picked":"SKIP","floor":41.0},{"not_picked":["Limit Break+1","Disarm+1","True Grit+1","Armaments+1"],"picked":"SKIP","floor":42.0},{"not_picked":["Perfected Strike","Cleave","Feel No Pain","Flex+1"],"picked":"SKIP","floor":45.0},{"not_picked":["Iron Wave","Thunderclap","Infernal Blade+1","Headbutt+1"],"picked":"SKIP","floor":48.0},{"not_picked":["Shrug It Off+1","Berserk","Whirlwind"],"picked":"Burning Pact+1","floor":55.0}],"player_experience":1087498,"relics_obtained":[{"floor":9.0,"key":"Question Card"},{"floor":11.0,"key":"Calipers"},{"floor":13.0,"key":"Omamori"},{"floor":24.0,"key":"Red Mask"},{"floor":26.0,"key":"Toxic Egg 2"},{"floor":27.0,"key":"Bronze Scales"},{"floor":38.0,"key":"Champion Belt"},{"floor":40.0,"key":"Juzu Bracelet"},{"floor":42.0,"key":"Bag of Preparation"},{"floor":48.0,"key":"Pocketwatch"},{"floor":55.0,"key":"Du-Vu Doll"}],"event_choices":[{"damage_healed":0.0,"max_hp_gain":0.0,"max_hp_loss":0.0,"gold_gain":0.0,"event_name":"Scrap Ooze","player_choice":"Success","floor":5.0,"gold_loss":0.0,"damage_taken":18.0,"relics_obtained":["Magic Flower"]},{"cards_removed":["Strike_R"],"damage_healed":0.0,"max_hp_gain":0.0,"max_hp_loss":0.0,"gold_gain":0.0,"event_name":"Bonfire Elementals","player_choice":"Offered Basic","floor":7.0,"gold_loss":0.0,"damage_taken":0.0},{"cards_removed":["Strike_R"],"damage_healed":0.0,"max_hp_gain":0.0,"max_hp_loss":0.0,"gold_gain":0.0,"event_name":"Back to Basics","player_choice":"Elegance","floor":19.0,"gold_loss":0.0,"damage_taken":0.0},{"damage_healed":0.0,"max_hp_gain":0.0,"max_hp_loss":0.0,"gold_gain":0.0,"event_name":"Masked Bandits","player_choice":"Fought Bandits","floor":24.0,"gold_loss":0.0,"damage_taken":0.0},{"damage_healed":0.0,"max_hp_gain":0.0,"max_hp_loss":0.0,"gold_gain":50.0,"event_name":"Nest","player_choice":"Stole From Cult","floor":25.0,"gold_loss":0.0,"damage_taken":0.0},{"damage_healed":0.0,"max_hp_gain":0.0,"max_hp_loss":0.0,"gold_gain":0.0,"event_name":"Colosseum","player_choice":"Fight","floor":28.0,"gold_loss":0.0,"damage_taken":0.0},{"damage_healed":0.0,"max_hp_gain":0.0,"max_hp_loss":0.0,"gold_gain":0.0,"event_name":"Colosseum","player_choice":"Fled From Nobs","floor":28.0,"gold_loss":0.0,"damage_taken":0.0},{"damage_healed":0.0,"max_hp_gain":0.0,"max_hp_loss":0.0,"gold_gain":0.0,"event_name":"Mysterious Sphere","player_choice":"Fight","floor":38.0,"gold_loss":0.0,"damage_taken":0.0}],"is_beta":false,"boss_relics":[{"not_picked":["Black Star","Snecko Eye"],"picked":"Velvet Choker"},{"not_picked":["White Beast Statue","Eternal Feather"],"picked":"Philosopher\u0027s Stone"}],"items_purged_floors":[3,30,37,47],"is_endless":false,"potions_floor_spawned":[4,13,18,20,22,24,29,33,39,40,42,45],"ascension_level":20}