{"path_per_floor":["M","?","M","M","?","R","E","M","T","M","R","E","?","E","R","B",null,"M","M","?","M","M","E","R"],"character_chosen":"DEFECT","items_purchased":[],"gold_per_floor":[19,19,32,44,44,44,75,91,91,103,103,137,137,169,169,270,270,282,296,296,315,327,353,353,353],"floor_reached":25,"campfire_rested":1,"playtime":1069,"item_purchase_floors":[],"current_hp_per_floor":[75,75,75,75,75,75,65,65,65,57,57,46,75,59,59,11,89,66,60,60,2,33,3,44,0],"items_purged":[],"gold":353,"score":279,"play_id":"75bf5a49-5ede-412c-bc57-9eaad179324f","local_time":"20180609005301","is_prod":false,"is_daily":false,"chose_seed":false,"is_ascension_mode":true,"campfire_upgraded":3,"win_rate":0,"timestamp":1528523581,"campfire_choices":[{"data":"Hyperbeam","floor":6,"key":"SMITH"},{"data":"Sunder","floor":11,"key":"SMITH"},{"data":"Beam Cell","floor":15,"key":"SMITH"},{"floor":24,"key":"REST"}],"path_taken":["M","?","M","M","?","R","E","M","T","?","R","E","?","E","R","BOSS","M","M","?","M","M","E","R","E"],"build_version":"2018-06-07v2","seed_source_timestamp":662453803912459,"purchased_purges":0,"victory":false,"master_deck":["Strike_B","Strike_B","Strike_B","Defend_B","Defend_B","Defend_B","Zap","Dualcast","Hyperbeam+1","Beam Cell+1","Heatsinks","Go for the Eyes","Sunder+1","Rebound","FTL","Echo Form","Turbo","Aggregate+1","Auto Shields","Turbo","Turbo+1"],"max_hp_per_floor":[75,75,75,75,75,75,75,75,75,75,75,89,89,89,89,89,89,89,89,89,89,89,89,89,89],"relics":["Cracked Core","Vajra","Smiling Mask","Mango","Regal Pillow","Lizard Tail","Pen Nib"],"card_choices":[{"not_picked":["Core Surge","Amplify"],"picked":"Hyperbeam","floor":0},{"not_picked":["Skim","Defragment","Barrage"],"picked":"SKIP","floor":1},{"not_picked":["Leap","Genetic Algorithm"],"picked":"Heatsinks","floor":3},{"not_picked":["Chill","Ball Lightning","Streamline"],"picked":"SKIP","floor":4},{"not_picked":["Cold Snap","Streamline","Multi-Cast"],"picked":"SKIP","floor":7},{"not_picked":["Stack","Tempest"],"picked":"Go for the Eyes","floor":8},{"not_picked":["Capacitor","Barrage"],"picked":"Sunder","floor":10},{"not_picked":["Scrape","Steam"],"picked":"Rebound","floor":12},{"not_picked":["Compile Driver","BootSequence"],"picked":"FTL","floor":14},{"not_picked":["Multi-Cast","Biased Cognition"],"picked":"Echo Form","floor":16},{"not_picked":["Capacitor","Fusion+1"],"picked":"Turbo","floor":18},{"not_picked":["Chaos","Barrage"],"picked":"Aggregate+1","floor":19},{"not_picked":["Coolheaded","Leap"],"picked":"Auto Shields","floor":21},{"not_picked":["Doom and Gloom","Ball Lightning+1"],"picked":"Turbo","floor":22},{"not_picked":["Leap+1","Sweeping Beam+1"],"picked":"Turbo+1","floor":23}],"player_experience":206758,"potions_floor_usage":[21,22,25],"damage_taken":[{"damage":0,"enemies":"Jaw Worm","floor":1,"turns":3},{"damage":0,"enemies":"Cultist","floor":3,"turns":2},{"damage":0,"enemies":"Small Slimes","floor":4,"turns":3},{"damage":10,"enemies":"Gremlin Nob","floor":7,"turns":3},{"damage":0,"enemies":"3 Louse","floor":8,"turns":1},{"damage":8,"enemies":"Exordium Wildlife","floor":10,"turns":3},{"damage":25,"enemies":"Lagavulin","floor":12,"turns":5},{"damage":16,"enemies":"Gremlin Nob","floor":14,"turns":3},{"damage":48,"enemies":"Hexaghost","floor":16,"turns":9},{"damage":23,"enemies":"2 Thieves","floor":18,"turns":5},{"damage":6,"enemies":"Chosen","floor":19,"turns":3},{"damage":58,"enemies":"Sentry and Sphere","floor":21,"turns":6},{"damage":15,"enemies":"Centurion and Healer","floor":22,"turns":5},{"damage":30,"enemies":"Gremlin Leader","floor":23,"turns":6},{"damage":46,"enemies":"Book of Stabbing","floor":25,"turns":4}],"relics_obtained":[{"floor":7,"key":"Vajra"},{"floor":9,"key":"Smiling Mask"},{"floor":12,"key":"Mango"},{"floor":14,"key":"Regal Pillow"},{"floor":23,"key":"Pen Nib"}],"event_choices":[{"event_name":"Transmorgrifier","player_choice":"Transform","floor":2,"damage_taken":0},{"event_name":"Liars Game","player_choice":"disagreed","floor":5,"damage_taken":0},{"event_name":"Big Fish","player_choice":"Banana","floor":13,"damage_taken":0},{"event_name":"Bonfire Elementals","player_choice":"BASIC","floor":20,"damage_taken":0}],"boss_relics":[{"not_picked":["Eternal Feather","Busted Crown"],"picked":"Lizard Tail"}],"items_purged_floors":[],"potions_floor_spawned":[1,4,10,12,18,19,21],"seed_played":"6256101399500571160","killed_by":"Book of Stabbing","ascension_level":3,"potions_obtained":[{"floor":1,"key":"Ancient Potion"},{"floor":4,"key":"Strength Potion"},{"floor":10,"key":"SpeedPotion"},{"floor":18,"key":"EssenceOfSteel"},{"floor":21,"key":"GamblersBrew"}],"is_trial":false}