{"gold_per_floor":[110,110,125,125,31,31,59,59,83,94,94,165,191,202,202,281,281,256,58,75,75,90,90,90,103,103,103,3,22,22,22],"floor_reached":31,"playtime":989,"items_purged":["Strike_R","Strike_R","Decay"],"score":485,"play_id":"1534f8c6-aa5a-4dae-9547-469a3165a44a","local_time":"20190307115848","is_ascension_mode":true,"campfire_choices":[{"data":"True Grit","floor":6.0,"key":"SMITH"},{"data":"Heavy Blade","floor":15.0,"key":"SMITH"},{"data":"Armaments","floor":23.0,"key":"SMITH"},{"data":"Havoc","floor":27.0,"key":"SMITH"}],"neow_cost":"NONE","seed_source_timestamp":520761321169075,"circlet_count":0,"master_deck":["AscendersBane","Strike_R","Strike_R","Strike_R+1","Defend_R","Defend_R","Defend_R+1","Defend_R","Bash","Evolve","True Grit+1","Inflame","Feed","Heavy Blade+1","Fiend Fire","Body Slam+1","Shrug It Off","Shrug It Off","Feel No Pain","Armaments+1","Havoc+1"],"special_seed":0,"relics":["Burning Blood","Red Skull","The Courier","Centennial Puzzle","Boot","Torii","Black Star","Matryoshka","Spirit Poop"],"potions_floor_usage":[],"damage_taken":[{"damage":3.0,"enemies":"Small Slimes","floor":1.0,"turns":6.0},{"damage":5.0,"enemies":"2 Louse","floor":3.0,"turns":4.0},{"damage":15.0,"enemies":"Lagavulin","floor":7.0,"turns":7.0},{"damage":0.0,"enemies":"Cultist","floor":10.0,"turns":3.0},{"damage":32.0,"enemies":"Gremlin Nob","floor":13.0,"turns":4.0},{"damage":1.0,"enemies":"Blue Slaver","floor":14.0,"turns":4.0},{"damage":13.0,"enemies":"Slime Boss","floor":16.0,"turns":7.0},{"damage":24.0,"enemies":"2 Thieves","floor":18.0,"turns":4.0},{"damage":27.0,"enemies":"3 Byrds","floor":20.0,"turns":7.0},{"damage":8.0,"enemies":"Sentry and Sphere","floor":22.0,"turns":7.0},{"damage":7.0,"enemies":"Snecko","floor":25.0,"turns":6.0},{"damage":8.0,"enemies":"3 Cultists","floor":29.0,"turns":7.0},{"damage":29,"enemies":"Book of Stabbing","floor":31,"turns":3}],"seed_played":"-7717831668454921270","potions_obtained":[{"floor":1.0,"key":"SteroidPotion"},{"floor":10.0,"key":"PowerPotion"},{"floor":18.0,"key":"SteroidPotion"},{"floor":29.0,"key":"SteroidPotion"}],"is_trial":false,"path_per_floor":["M","?","M","?","$","R","E","?","T","M","?","T","E","M","R","B",null,"M","$","M","?","M","R","?","M","T","R","$","M","?","E"],"character_chosen":"IRONCLAD","items_purchased":["Inflame","Shrug It Off","Shrug It Off","Feel No Pain"],"campfire_rested":0,"item_purchase_floors":[5,19,19,19],"current_hp_per_floor":[71,48,49,23,23,23,14,14,14,20,38,38,12,20,20,13,62,44,44,26,26,27,27,27,26,26,26,26,27,27,0],"gold":22,"neow_bonus":"RANDOM_COMMON_RELIC","is_prod":false,"is_daily":false,"chose_seed":false,"campfire_upgraded":4,"win_rate":0,"timestamp":1551931128,"path_taken":["M","?","M","?","$","R","E","?","T","M","?","?","E","M","R","BOSS","M","$","M","?","M","R","?","M","T","R","$","?","?","E"],"build_version":"2019-01-23","purchased_purges":3,"victory":false,"max_hp_per_floor":[75,75,75,75,75,75,75,75,75,75,75,75,75,78,78,78,78,78,78,81,81,84,84,84,84,84,84,84,87,84,84],"card_choices":[{"not_picked":["Shockwave","Shrug It Off"],"picked":"Evolve","floor":1.0},{"not_picked":["Twin Strike","Body Slam"],"picked":"True Grit","floor":3.0},{"not_picked":["Clothesline","Sever Soul","Wild Strike"],"picked":"SKIP","floor":7.0},{"not_picked":["Thunderclap","Clash"],"picked":"Feed","floor":10.0},{"not_picked":["Shockwave","Entrench"],"picked":"Heavy Blade","floor":13.0},{"not_picked":["Headbutt","Pommel Strike","Dropkick"],"picked":"SKIP","floor":14.0},{"not_picked":["Barricade","Bludgeon"],"picked":"Fiend Fire","floor":16.0},{"not_picked":["Wild Strike","Heavy Blade+1"],"picked":"Body Slam+1","floor":18.0},{"not_picked":["Dropkick","Warcry","Anger"],"picked":"SKIP","floor":20.0},{"not_picked":["Twin Strike","Immolate"],"picked":"Armaments","floor":22.0},{"not_picked":["Iron Wave","Heavy Blade"],"picked":"Havoc","floor":25.0},{"not_picked":["Reckless Charge","Uppercut","Headbutt"],"picked":"SKIP","floor":29.0}],"player_experience":1175706,"relics_obtained":[{"floor":7.0,"key":"Centennial Puzzle"},{"floor":9.0,"key":"Boot"},{"floor":13.0,"key":"Torii"},{"floor":26.0,"key":"Matryoshka"}],"event_choices":[{"damage_healed":0.0,"max_hp_gain":0.0,"max_hp_loss":0.0,"gold_gain":0.0,"event_name":"Shining Light","player_choice":"Entered Light","floor":2.0,"gold_loss":0.0,"damage_taken":23.0,"cards_upgraded":["Defend_R","Strike_R"]},{"damage_healed":0.0,"max_hp_gain":0.0,"max_hp_loss":0.0,"gold_gain":0.0,"event_name":"Scrap Ooze","player_choice":"Success","floor":4.0,"gold_loss":0.0,"damage_taken":26.0,"relics_obtained":["The Courier"]},{"damage_healed":0.0,"max_hp_gain":0.0,"max_hp_loss":0.0,"gold_gain":0.0,"event_name":"Liars Game","player_choice":"Ignored","floor":8.0,"gold_loss":0.0,"damage_taken":0.0},{"damage_healed":18.0,"max_hp_gain":0.0,"max_hp_loss":0.0,"gold_gain":0.0,"event_name":"Mushrooms","player_choice":"Healed and dodged fight","floor":11.0,"gold_loss":0.0,"damage_taken":0.0,"cards_obtained":["Parasite"]},{"damage_healed":0.0,"max_hp_gain":0.0,"max_hp_loss":0.0,"gold_gain":0.0,"event_name":"Forgotten Altar","player_choice":"Smashed Altar","floor":21.0,"gold_loss":0.0,"damage_taken":0.0,"cards_obtained":["Decay"]},{"damage_healed":0.0,"max_hp_gain":0.0,"max_hp_loss":0.0,"gold_gain":0.0,"event_name":"Vampires","player_choice":"Ignored","floor":24.0,"gold_loss":0.0,"damage_taken":0.0},{"cards_removed":["Parasite"],"damage_healed":0.0,"max_hp_gain":0.0,"max_hp_loss":0.0,"gold_gain":0.0,"event_name":"Bonfire Elementals","player_choice":"Offered Curse","floor":30.0,"gold_loss":0.0,"damage_taken":0.0,"relics_obtained":["Spirit Poop"]}],"is_beta":false,"boss_relics":[{"not_picked":["Busted Crown","Pandora\u0027s Box"],"picked":"Black Star"}],"items_purged_floors":[5,19,28],"is_endless":false,"potions_floor_spawned":[1,10,18,29],"killed_by":"Book of Stabbing","ascension_level":20}