{"gold_per_floor":[118,132,132,132,132,170,7,26,26,26,26,44,83,104,104,104],"floor_reached":16,"playtime":292,"items_purged":["Strike_R"],"score":270,"play_id":"76cc3f88-681b-42dc-a3fb-aa480c41d3fe","local_time":"20190422202129","is_ascension_mode":true,"campfire_choices":[{"data":"Armaments","floor":10.0,"key":"SMITH"},{"data":"True Grit","floor":15.0,"key":"SMITH"}],"neow_cost":"NONE","seed_source_timestamp":123507193047358,"circlet_count":0,"master_deck":["AscendersBane","Strike_R","Strike_R","Strike_R","Defend_R","Defend_R","Defend_R","Defend_R","Bash","Whirlwind","Armaments+1","Entrench","True Grit+1","Spot Weakness","Inflame"],"special_seed":0,"relics":["Burning Blood","NeowsBlessing","Golden Idol","Meat on the Bone","Lantern","Red Skull","Kunai"],"potions_floor_usage":[16],"damage_taken":[{"damage":0.0,"enemies":"Jaw Worm","floor":1.0,"turns":1.0},{"damage":0.0,"enemies":"2 Louse","floor":2.0,"turns":1.0},{"damage":0.0,"enemies":"Lagavulin","floor":6.0,"turns":1.0},{"damage":0.0,"enemies":"Small Slimes","floor":8.0,"turns":2.0},{"damage":11.0,"enemies":"Blue Slaver","floor":12.0,"turns":5.0},{"damage":36.0,"enemies":"Gremlin Nob","floor":13.0,"turns":4.0},{"damage":7.0,"enemies":"Exordium Thugs","floor":14.0,"turns":5.0},{"damage":50,"enemies":"Hexaghost","floor":16,"turns":9}],"seed_played":"8696341868467631682","potions_obtained":[{"floor":1.0,"key":"LiquidBronze"},{"floor":6.0,"key":"AttackPotion"},{"floor":14.0,"key":"SpeedPotion"}],"is_trial":false,"path_per_floor":["M","M","?","?","?","E","$","M","T","R","?","M","E","M","R","B"],"character_chosen":"IRONCLAD","items_purchased":["Entrench"],"campfire_rested":0,"item_purchase_floors":[7],"current_hp_per_floor":[74,75,68,73,72,72,72,72,72,72,61,56,38,49,49,0],"gold":104,"neow_bonus":"THREE_ENEMY_KILL","is_prod":false,"is_daily":false,"chose_seed":false,"campfire_upgraded":2,"win_rate":0,"timestamp":1555935689,"path_taken":["M","M","?","?","?","E","?","?","T","R","?","M","E","M","R","BOSS"],"build_version":"2019-01-23","purchased_purges":1,"victory":false,"max_hp_per_floor":[75,75,75,80,72,72,72,72,72,72,72,72,72,72,72,72],"card_choices":[{"not_picked":["Pummel","Perfected Strike"],"picked":"Whirlwind","floor":1.0},{"not_picked":["Warcry","Pommel Strike","Clash"],"picked":"SKIP","floor":2.0},{"not_picked":["Carnage","Dual Wield"],"picked":"Armaments","floor":6.0},{"not_picked":["Hemokinesis","Armaments"],"picked":"True Grit","floor":8.0},{"not_picked":["Sword Boomerang","Iron Wave"],"picked":"Spot Weakness","floor":12.0},{"not_picked":["Dual Wield","Pommel Strike"],"picked":"Inflame","floor":13.0},{"not_picked":["Seeing Red","Iron Wave","Twin Strike"],"picked":"SKIP","floor":14.0}],"player_experience":1738551,"relics_obtained":[{"floor":6.0,"key":"Meat on the Bone"},{"floor":9.0,"key":"Lantern"},{"floor":13.0,"key":"Kunai"}],"event_choices":[{"cards_removed":["Strike_R"],"damage_healed":0.0,"max_hp_gain":0.0,"max_hp_loss":0.0,"gold_gain":0.0,"event_name":"Golden Wing","player_choice":"Card Removal","floor":3.0,"gold_loss":0.0,"damage_taken":7.0},{"damage_healed":0.0,"max_hp_gain":5.0,"max_hp_loss":0.0,"gold_gain":0.0,"event_name":"Big Fish","player_choice":"Donut","floor":4.0,"gold_loss":0.0,"damage_taken":0.0},{"damage_healed":0.0,"max_hp_gain":0.0,"max_hp_loss":8.0,"gold_gain":0.0,"event_name":"Golden Idol","player_choice":"Lose Max HP","floor":5.0,"gold_loss":0.0,"damage_taken":0.0,"relics_obtained":["Golden Idol"]},{"damage_healed":0.0,"max_hp_gain":0.0,"max_hp_loss":0.0,"gold_gain":0.0,"event_name":"Scrap Ooze","player_choice":"Success","floor":11.0,"gold_loss":0.0,"damage_taken":11.0,"relics_obtained":["Red Skull"]}],"is_beta":false,"boss_relics":[],"items_purged_floors":[7],"is_endless":false,"potions_floor_spawned":[1,6,14],"killed_by":"Hexaghost","ascension_level":20}