{"gold_per_floor":[113,113,38,57,57,92,92,135,160,160,179,179,223,242,242,242],"floor_reached":16,"playtime":529,"items_purged":[],"score":286,"play_id":"2013ff77-3b54-4a1e-8a06-346bc11cc460","local_time":"20190225152115","is_ascension_mode":true,"campfire_choices":[{"data":"Body Slam","floor":7.0,"key":"SMITH"},{"data":"Uppercut","floor":12.0,"key":"SMITH"},{"data":"True Grit","floor":15.0,"key":"SMITH"}],"neow_cost":"NONE","seed_source_timestamp":0,"circlet_count":0,"master_deck":["AscendersBane","Strike_R","Strike_R","Strike_R","Defend_R","Defend_R","Defend_R","Defend_R","Bash","Body Slam+1","Battle Trance","Uppercut+1","Flex","True Grit+1"],"special_seed":0,"relics":["Burning Blood","NeowsBlessing","Golden Idol","Art of War","Champion Belt","Juzu Bracelet","Du-Vu Doll"],"potions_floor_usage":[],"damage_taken":[{"damage":0.0,"enemies":"Jaw Worm","floor":1.0,"turns":1.0},{"damage":0.0,"enemies":"2 Louse","floor":4.0,"turns":1.0},{"damage":0.0,"enemies":"3 Sentries","floor":6.0,"turns":2.0},{"damage":10.0,"enemies":"Lagavulin","floor":8.0,"turns":6.0},{"damage":0.0,"enemies":"Cultist","floor":11.0,"turns":3.0},{"damage":17.0,"enemies":"3 Sentries","floor":13.0,"turns":8.0},{"damage":12.0,"enemies":"Large Slime","floor":14.0,"turns":7.0},{"damage":43,"enemies":"Slime Boss","floor":16,"turns":8}],"seed_played":"-5850505549832455519","potions_obtained":[{"floor":1.0,"key":"Strength Potion"},{"floor":6.0,"key":"SkillPotion"}],"is_trial":false,"path_per_floor":["M","?","?","M","?","E","R","E","T","?","M","R","E","M","R","B"],"character_chosen":"IRONCLAD","items_purchased":[],"campfire_rested":0,"item_purchase_floors":[],"current_hp_per_floor":[74,68,68,68,68,68,68,64,64,69,73,73,62,56,56,13],"gold":242,"neow_bonus":"THREE_ENEMY_KILL","is_prod":false,"is_daily":false,"chose_seed":false,"campfire_upgraded":3,"win_rate":0,"timestamp":1551079275,"path_taken":["M","?","?","M","?","E","R","E","T","?","M","R","E","M","R","BOSS"],"build_version":"2019-01-23","purchased_purges":0,"victory":false,"max_hp_per_floor":[75,68,68,68,68,68,68,68,68,73,73,73,73,73,73,73],"card_choices":[{"not_picked":["Corruption","Flame Barrier"],"picked":"Body Slam","floor":1.0},{"not_picked":["Wild Strike","Sword Boomerang","Sentinel"],"picked":"SKIP","floor":4.0},{"not_picked":["Fire Breathing","Anger"],"picked":"Battle Trance","floor":6.0},{"not_picked":["Iron Wave","Armaments"],"picked":"Uppercut","floor":8.0},{"not_picked":["Sever Soul","Heavy Blade","Pummel"],"picked":"SKIP","floor":11.0},{"not_picked":["Sever Soul","Heavy Blade","Pummel"],"picked":"SKIP","floor":11.0},{"not_picked":["Clothesline","Warcry"],"picked":"Flex","floor":13.0},{"not_picked":["Havoc","Fire Breathing"],"picked":"True Grit","floor":14.0}],"player_experience":1051502,"relics_obtained":[{"floor":6.0,"key":"Art of War"},{"floor":8.0,"key":"Champion Belt"},{"floor":9.0,"key":"Juzu Bracelet"},{"floor":13.0,"key":"Du-Vu Doll"}],"event_choices":[{"damage_healed":0.0,"max_hp_gain":0.0,"max_hp_loss":7.0,"gold_gain":0.0,"event_name":"Golden Idol","player_choice":"Lose Max HP","floor":2.0,"gold_loss":0.0,"damage_taken":0.0,"relics_obtained":["Golden Idol"]},{"cards_removed":["Strike_R"],"damage_healed":0.0,"max_hp_gain":0.0,"max_hp_loss":0.0,"gold_gain":0.0,"event_name":"The Cleric","player_choice":"Card Removal","floor":3.0,"gold_loss":75.0,"damage_taken":0.0},{"cards_removed":["Strike_R"],"damage_healed":0.0,"max_hp_gain":0.0,"max_hp_loss":0.0,"gold_gain":0.0,"event_name":"Bonfire Elementals","player_choice":"Offered Basic","floor":5.0,"gold_loss":0.0,"damage_taken":0.0},{"damage_healed":0.0,"max_hp_gain":5.0,"max_hp_loss":0.0,"gold_gain":0.0,"event_name":"Big Fish","player_choice":"Donut","floor":10.0,"gold_loss":0.0,"damage_taken":0.0}],"is_beta":false,"boss_relics":[],"items_purged_floors":[],"is_endless":false,"potions_floor_spawned":[1,6],"killed_by":"Slime Boss","ascension_level":20}