{"gold_per_floor":[116,116,116,134,134,134,148,167,190,231,247,266,279,279,279,405,405,405,405,405,405,405,405,405,405,405,405,405,405,405,405,405,405,405,405,33,33,33,33,33,33,33,33,33,33,33,33,33,33,33],"floor_reached":51,"playtime":2869,"items_purged":[],"score":680,"play_id":"2c961c48-f702-453e-87a7-359dca3afbd5","local_time":"20181130145041","is_ascension_mode":false,"campfire_choices":[{"data":"Disarm","floor":6,"key":"SMITH"},{"data":"Armaments","floor":15,"key":"SMITH"},{"floor":23,"key":"REST"},{"floor":28,"key":"REST"},{"floor":32,"key":"REST"},{"data":"Demon Form","floor":41,"key":"SMITH"},{"data":"Fiend Fire","floor":44,"key":"SMITH"},{"floor":49,"key":"REST"}],"neow_cost":"NONE","seed_source_timestamp":1308485838018451,"circlet_count":0,"master_deck":["Strike_R+1","Strike_R","Strike_R","Defend_R","Defend_R","Defend_R","Defend_R+1","Bash+1","Disarm+1","Headbutt","Flame Barrier","Shrug It Off","Feed","Cleave","Armaments+1","Demon Form+1","Cleave","Flex","Twin Strike","Heavy Blade+1","Heavy Blade","Seeing Red","Iron Wave+1","Battle Trance","Sword Boomerang","Fiend Fire+1","Thunderclap+1","Magnetism","PanicButton","Sword Boomerang+1"],"relics":["Burning Blood","PreservedInsect","Golden Idol","Omamori","Centennial Puzzle","Pantograph","Ectoplasm","Red Mask","Boot","Busted Crown","Medical Kit","Mercury Hourglass","Oddly Smooth Stone"],"potions_floor_usage":[10,21,21,25,33,42,50],"damage_taken":[{"damage":7,"enemies":"2 Louse","floor":1,"turns":2},{"damage":0,"enemies":"Small Slimes","floor":4,"turns":3},{"damage":3,"enemies":"Jaw Worm","floor":7,"turns":3},{"damage":13,"enemies":"Gremlin Gang","floor":8,"turns":6},{"damage":4,"enemies":"Gremlin Nob","floor":10,"turns":3},{"damage":5,"enemies":"3 Louse","floor":11,"turns":3},{"damage":10,"enemies":"Red Slaver","floor":12,"turns":4},{"damage":5,"enemies":"Exordium Wildlife","floor":13,"turns":5},{"damage":22,"enemies":"The Guardian","floor":16,"turns":14},{"damage":10,"enemies":"Chosen","floor":18,"turns":6},{"damage":22,"enemies":"Spheric Guardian","floor":19,"turns":6},{"damage":13,"enemies":"Snake Plant","floor":20,"turns":5},{"damage":11,"enemies":"Masked Bandits","floor":21,"turns":4},{"damage":36,"enemies":"Chosen and Byrds","floor":22,"turns":7},{"damage":27,"enemies":"Snecko","floor":25,"turns":5},{"damage":21,"enemies":"Cultist and Chosen","floor":27,"turns":5},{"damage":17,"enemies":"Chosen and Byrds","floor":30,"turns":6},{"damage":12,"enemies":"Shelled Parasite and Fungi","floor":31,"turns":6},{"damage":17,"enemies":"Champ","floor":33,"turns":8},{"damage":25,"enemies":"3 Shapes","floor":35,"turns":3},{"damage":0,"enemies":"3 Darklings","floor":40,"turns":4},{"damage":36,"enemies":"Jaw Worm Horde","floor":42,"turns":4},{"damage":26,"enemies":"Spire Growth","floor":45,"turns":4},{"damage":11,"enemies":"Sphere and 2 Shapes","floor":46,"turns":5},{"damage":74,"enemies":"Awakened One","floor":50,"turns":13}],"seed_played":"-7503299262839866729","potions_obtained":[{"floor":1,"key":"Swift Potion"},{"floor":4,"key":"Swift Potion"},{"floor":7,"key":"Energy Potion"},{"floor":16,"key":"PowerPotion"},{"floor":20,"key":"Energy Potion"},{"floor":25,"key":"FairyPotion"},{"floor":31,"key":"Dexterity Potion"},{"floor":33,"key":"PowerPotion"},{"floor":42,"key":"SpeedPotion"}],"is_trial":false,"path_per_floor":["M","?","?","M","?","R","M","M","T","E","M","M","M","?","R","B",null,"M","M","M","?","M","R","?","M","T","M","R","?","M","M","R","B",null,"M","$","?","T","?","M","R","M","T","R","M","M","?","?","R","B",null],"character_chosen":"IRONCLAD","items_purchased":["Magnetism","Medical Kit"],"campfire_rested":4,"item_purchase_floors":[36,36],"current_hp_per_floor":[79,63,63,69,69,69,72,65,65,67,71,70,71,68,68,67,83,83,67,64,62,32,60,60,39,39,24,52,52,41,38,67,81,97,81,81,81,81,81,87,87,57,57,57,37,32,32,32,60,20],"gold":33,"neow_bonus":"RANDOM_COMMON_RELIC","is_prod":false,"is_daily":false,"chose_seed":false,"campfire_upgraded":4,"win_rate":0.0,"timestamp":1543607441,"path_taken":["M","?","?","M","?","R","M","M","T","E","M","M","M","?","R","BOSS","M","M","M","?","M","R","?","M","T","?","R","?","M","M","R","BOSS","M","$","?","?","?","M","R","M","T","R","M","M","?","?","R","BOSS"],"build_version":"2018-11-15","purchased_purges":0,"victory":true,"max_hp_per_floor":[80,80,80,80,74,74,74,74,74,74,77,80,80,80,80,83,83,87,87,91,94,94,94,94,94,94,94,94,94,94,97,97,97,97,100,100,100,100,100,100,100,100,100,100,100,100,100,95,95,98],"card_choices":[{"not_picked":["Sentinel","Perfected Strike"],"picked":"Disarm","floor":1},{"not_picked":["Dual Wield","Warcry"],"picked":"Headbutt","floor":4},{"not_picked":["Bloodletting","Heavy Blade"],"picked":"Flame Barrier","floor":7},{"not_picked":["Armaments","Sword Boomerang"],"picked":"Shrug It Off","floor":8},{"not_picked":["Reckless Charge","Wild Strike"],"picked":"Feed","floor":10},{"not_picked":["Anger","Body Slam","Fire Breathing"],"picked":"SKIP","floor":11},{"not_picked":["Uppercut","Carnage"],"picked":"Cleave","floor":12},{"not_picked":["Headbutt","Sever Soul"],"picked":"Armaments","floor":13},{"not_picked":["Fiend Fire","Brutality"],"picked":"Demon Form","floor":16},{"not_picked":["Wild Strike+1","Rampage+1"],"picked":"Cleave","floor":18},{"not_picked":["Shrug It Off","Body Slam"],"picked":"Flex","floor":19},{"not_picked":["Dropkick+1","Headbutt"],"picked":"Twin Strike","floor":20},{"not_picked":["Armaments","Thunderclap"],"picked":"Heavy Blade+1","floor":22},{"not_picked":["Metallicize+1","Thunderclap"],"picked":"Seeing Red","floor":25},{"not_picked":["Anger","Pommel Strike"],"picked":"Iron Wave+1","floor":27},{"not_picked":["Reckless Charge+1","Iron Wave"],"picked":"Battle Trance","floor":30},{"not_picked":["Cleave","True Grit"],"picked":"Sword Boomerang","floor":31},{"not_picked":["Juggernaut","Reaper"],"picked":"Fiend Fire","floor":33},{"not_picked":[],"picked":"Thunderclap+1","floor":35},{"not_picked":[],"picked":"PanicButton","floor":39},{"not_picked":["Combust+1"],"picked":"SKIP","floor":40},{"not_picked":["Combust+1"],"picked":"SKIP","floor":40},{"not_picked":["Power Through"],"picked":"SKIP","floor":42},{"not_picked":[],"picked":"Sword Boomerang+1","floor":45},{"not_picked":["Body Slam"],"picked":"SKIP","floor":46}],"player_experience":76808,"relics_obtained":[{"floor":9,"key":"Omamori"},{"floor":10,"key":"Centennial Puzzle"},{"floor":21,"key":"Red Mask"},{"floor":26,"key":"Boot"},{"floor":38,"key":"Mercury Hourglass"},{"floor":43,"key":"Oddly Smooth Stone"}],"event_choices":[{"damage_healed":0,"gold_gain":0,"player_choice":"Entered Light","damage_taken":16,"max_hp_gain":0,"max_hp_loss":0,"event_name":"Shining Light","floor":2,"gold_loss":0,"cards_upgraded":["Strike_R","Defend_R"]},{"damage_healed":0,"gold_gain":0,"player_choice":"Grow","damage_taken":0,"max_hp_gain":0,"max_hp_loss":0,"event_name":"Living Wall","floor":3,"gold_loss":0,"cards_upgraded":["Bash"]},{"damage_healed":0,"gold_gain":0,"player_choice":"Lose Max HP","damage_taken":0,"relics_obtained":["Golden Idol"],"max_hp_gain":0,"max_hp_loss":6,"event_name":"Golden Idol","floor":5,"gold_loss":0},{"damage_healed":0,"gold_gain":0,"player_choice":"Success","damage_taken":3,"relics_obtained":["Pantograph"],"max_hp_gain":0,"max_hp_loss":0,"event_name":"Scrap Ooze","floor":14,"gold_loss":0},{"damage_healed":0,"gold_gain":0,"player_choice":"Fought Bandits","damage_taken":0,"max_hp_gain":0,"max_hp_loss":0,"event_name":"Masked Bandits","floor":21,"gold_loss":0},{"damage_healed":0,"gold_gain":0,"cards_transformed":["Strike_R"],"player_choice":"Transformed","damage_taken":0,"max_hp_gain":0,"max_hp_loss":0,"event_name":"Transmorgrifier","floor":24,"gold_loss":0,"cards_obtained":["Heavy Blade"]},{"damage_healed":0,"gold_gain":0,"player_choice":"Ignored","damage_taken":0,"max_hp_gain":0,"max_hp_loss":0,"event_name":"NoteForYourself","floor":29,"gold_loss":0},{"damage_healed":0,"gold_gain":0,"player_choice":"Ignored","damage_taken":0,"max_hp_gain":0,"max_hp_loss":0,"event_name":"Tomb of Lord Red Mask","floor":37,"gold_loss":0},{"damage_healed":0,"gold_gain":0,"player_choice":"Memory 1","damage_taken":0,"max_hp_gain":0,"max_hp_loss":0,"event_name":"SensoryStone","floor":39,"gold_loss":0},{"cards_removed":["Strike_R"],"damage_healed":0,"gold_gain":0,"player_choice":"Removed Attack","damage_taken":0,"max_hp_gain":0,"max_hp_loss":0,"event_name":"Falling","floor":47,"gold_loss":0},{"damage_healed":0,"gold_gain":0,"player_choice":"Max HP","damage_taken":0,"max_hp_gain":0,"max_hp_loss":5,"event_name":"Winding Halls","floor":48,"gold_loss":0}],"is_beta":false,"boss_relics":[{"not_picked":["Coffee Dripper","Philosopher\u0027s Stone"],"picked":"Ectoplasm"},{"not_picked":["Runic Cube","Empty Cage"],"picked":"Busted Crown"}],"items_purged_floors":[],"is_endless":false,"potions_floor_spawned":[1,4,7,16,18,20,25,31,33,42],"ascension_level":0}