{"gold_per_floor":[116,116,186,236,246,246,275,294,366,391,406,438,455,487,487,487],"floor_reached":16,"playtime":832,"items_purged":[],"score":172,"play_id":"295b2cec-1da0-430c-a7e7-42287897c138","local_time":"20181217170232","is_ascension_mode":true,"campfire_choices":[{"data":"Bash","floor":6,"key":"SMITH"},{"data":"Whirlwind","floor":15,"key":"SMITH"}],"neow_cost":"TEN_PERCENT_HP_LOSS","seed_source_timestamp":364441020755001,"circlet_count":0,"master_deck":["Strike_R","Strike_R","Strike_R","Strike_R","Strike_R","Defend_R","Defend_R","Defend_R","Defend_R","Bash+1","Juggernaut","Perfected Strike","True Grit","Dropkick","Fire Breathing","Shockwave","Whirlwind+1","Iron Wave","Pommel Strike","Bludgeon","Carnage"],"relics":["Burning Blood","SsserpentHead","Du-Vu Doll","Meat on the Bone","Omamori","Bag of Marbles","Question Card"],"potions_floor_usage":[10,11,12,16,16],"damage_taken":[{"damage":4,"enemies":"Jaw Worm","floor":1,"turns":5},{"damage":0,"enemies":"Cultist","floor":3,"turns":2},{"damage":4,"enemies":"2 Louse","floor":5,"turns":3},{"damage":23,"enemies":"Lagavulin","floor":7,"turns":6},{"damage":3,"enemies":"Exordium Wildlife","floor":8,"turns":4},{"damage":57,"enemies":"3 Sentries","floor":10,"turns":10},{"damage":8,"enemies":"Large Slime","floor":11,"turns":4},{"damage":11,"enemies":"Gremlin Nob","floor":12,"turns":3},{"damage":16,"enemies":"Gremlin Gang","floor":13,"turns":3},{"damage":15,"enemies":"Lagavulin","floor":14,"turns":6},{"damage":48,"enemies":"Hexaghost","floor":16,"turns":9}],"seed_played":"-210458368407431604","potions_obtained":[{"floor":3,"key":"BloodPotion"},{"floor":5,"key":"LiquidBronze"},{"floor":10,"key":"EssenceOfSteel"},{"floor":11,"key":"Energy Potion"},{"floor":14,"key":"AttackPotion"}],"is_trial":false,"path_per_floor":["M","?","M","?","M","R","E","M","T","E","M","E","M","E","R","B"],"character_chosen":"IRONCLAD","items_purchased":[],"campfire_rested":0,"item_purchase_floors":[],"current_hp_per_floor":[72,72,72,72,72,72,55,58,58,26,36,43,45,48,48,0],"gold":487,"neow_bonus":"THREE_RARE_CARDS","is_prod":false,"is_daily":false,"chose_seed":false,"campfire_upgraded":2,"win_rate":0,"timestamp":1545084152,"path_taken":["M","?","?","?","M","R","E","M","T","E","M","E","M","E","R","BOSS"],"build_version":"2018-12-13","purchased_purges":0,"victory":false,"max_hp_per_floor":[72,72,72,72,72,72,72,72,72,72,72,72,72,72,72,72],"card_choices":[{"not_picked":["Double Tap","Impervious"],"picked":"Juggernaut","floor":0},{"not_picked":["Anger","Combust"],"picked":"Perfected Strike","floor":1},{"not_picked":["Cleave","Clash"],"picked":"True Grit","floor":3},{"not_picked":["Sentinel","Iron Wave"],"picked":"Dropkick","floor":5},{"not_picked":["Hemokinesis","Sever Soul"],"picked":"Fire Breathing","floor":7},{"not_picked":["Cleave","Warcry"],"picked":"Shockwave","floor":8},{"not_picked":["Clash","Ghostly Armor"],"picked":"Whirlwind","floor":10},{"not_picked":["Warcry","Metallicize"],"picked":"Iron Wave","floor":11},{"not_picked":["Warcry","Perfected Strike"],"picked":"Pommel Strike","floor":12},{"not_picked":["Fire Breathing","Whirlwind"],"picked":"Bludgeon","floor":13},{"not_picked":["True Grit","Wild Strike"],"picked":"Carnage","floor":14}],"player_experience":149299,"relics_obtained":[{"floor":7,"key":"Du-Vu Doll"},{"floor":9,"key":"Meat on the Bone"},{"floor":10,"key":"Omamori"},{"floor":12,"key":"Bag of Marbles"},{"floor":14,"key":"Question Card"}],"event_choices":[{"damage_healed":0,"gold_gain":0,"player_choice":"Trade","damage_taken":0,"relics_obtained":["SsserpentHead"],"max_hp_gain":0,"max_hp_loss":0,"event_name":"FaceTrader","floor":2,"gold_loss":0},{"damage_healed":0,"gold_gain":0,"player_choice":"Ignored","damage_taken":0,"max_hp_gain":0,"max_hp_loss":0,"event_name":"Liars Game","floor":4,"gold_loss":0}],"is_beta":false,"boss_relics":[],"items_purged_floors":[],"is_endless":false,"potions_floor_spawned":[3,5,10,11,14],"killed_by":"Hexaghost","ascension_level":6}