{"gold_per_floor":[17,32,50,27,37,63,63,94,119,154,165,165,265,276,276,374,374,394,404,404,423,440,440,471,471,471,391,391,407,358,368,368,468,468,485,485,86,98,98,98,125,125,125,125,136,136,169,19,19,19,19,19,19,50,50],"floor_reached":56,"playtime":3459,"items_purged":[],"score":1397,"play_id":"0fdaa854-7987-4c8d-93ef-ed116ca7499f","local_time":"20190516150518","is_ascension_mode":true,"campfire_choices":[{"data":"Flame Barrier","floor":7,"key":"SMITH"},{"data":"Shrug It Off","floor":12,"key":"SMITH"},{"data":"Demon Form","floor":15,"key":"SMITH"},{"data":"Flame Barrier","floor":23,"key":"SMITH"},{"data":"Shockwave","floor":25,"key":"SMITH"},{"data":"Disarm","floor":28,"key":"SMITH"},{"data":"Metallicize","floor":32,"key":"SMITH"},{"data":"Limit Break","floor":40,"key":"SMITH"},{"floor":42,"key":"RECALL"},{"data":"Reaper","floor":44,"key":"SMITH"},{"data":"True Grit","floor":49,"key":"SMITH"},{"data":"Offering","floor":52,"key":"SMITH"}],"neow_cost":"NO_GOLD","seed_source_timestamp":137216653146562,"circlet_count":0,"master_deck":["Strike_R","Strike_R+1","Strike_R","Strike_R","Strike_R","Defend_R","Defend_R","Defend_R","Defend_R","Flame Barrier+1","Shrug It Off+1","Battle Trance","Demon Form+1","Disarm","Offering+1","Pummel","Spot Weakness","Impervious","Inflame","Shockwave+1","Flame Barrier+1","Disarm+1","Shrug It Off","Metallicize+1","Limit Break+1","Madness","Madness","Whirlwind+1","Reaper+1","Flash of Steel","True Grit+1"],"relics":["Burning Blood","Turnip","Sundial","Happy Flower","Bag of Preparation","Whetstone","Mark of Pain","Dodecahedron","Red Skull","Sozu","Blood Vial","Matryoshka","Self Forming Clay","Gremlin Horn","Thread and Needle","Vajra","Centennial Puzzle"],"potions_floor_usage":[10,21,55],"damage_taken":[{"damage":14,"enemies":"Cultist","floor":1,"turns":5},{"damage":2,"enemies":"Jaw Worm","floor":2,"turns":4},{"damage":7,"enemies":"Small Slimes","floor":3,"turns":3},{"damage":5,"enemies":"Blue Slaver","floor":5,"turns":7},{"damage":26,"enemies":"Gremlin Nob","floor":6,"turns":5},{"damage":49,"enemies":"3 Sentries","floor":8,"turns":10},{"damage":11,"enemies":"Gremlin Nob","floor":10,"turns":5},{"damage":0,"enemies":"Large Slime","floor":11,"turns":4},{"damage":6,"enemies":"3 Louse","floor":14,"turns":2},{"damage":6,"enemies":"Hexaghost","floor":16,"turns":5},{"damage":21,"enemies":"2 Thieves","floor":18,"turns":5},{"damage":6,"enemies":"Shell Parasite","floor":19,"turns":4},{"damage":17,"enemies":"3 Cultists","floor":21,"turns":6},{"damage":14,"enemies":"Centurion and Healer","floor":22,"turns":6},{"damage":16,"enemies":"Book of Stabbing","floor":24,"turns":5},{"damage":0,"enemies":"Snake Plant","floor":29,"turns":5},{"damage":0,"enemies":"Snecko","floor":31,"turns":5},{"damage":27,"enemies":"Champ","floor":33,"turns":11},{"damage":21,"enemies":"3 Darklings","floor":35,"turns":7},{"damage":16,"enemies":"3 Shapes","floor":38,"turns":11},{"damage":6,"enemies":"Giant Head","floor":41,"turns":9},{"damage":21,"enemies":"3 Darklings","floor":45,"turns":8},{"damage":12,"enemies":"Reptomancer","floor":47,"turns":6},{"damage":31,"enemies":"Time Eater","floor":50,"turns":8},{"damage":39,"enemies":"Shield and Spear","floor":54,"turns":6},{"damage":33,"enemies":"The Heart","floor":55,"turns":8}],"seed_played":"-7461000059642523098","potions_obtained":[{"floor":3,"key":"Weak Potion"},{"floor":6,"key":"SteroidPotion"},{"floor":14,"key":"SteroidPotion"},{"floor":16,"key":"Swift Potion"},{"floor":21,"key":"Dexterity Potion"}],"is_trial":false,"path_per_floor":["M","M","M","$","M","E","R","E","T","E","M","R","?","M","R","B",null,"M","M","?","M","M","R","E","R","T","$","R","M","$","M","R","B",null,"M","?","$","M","?","R","E","R","T","R","M","?","E","$","R","B",null,"R","$","E","B",null],"character_chosen":"IRONCLAD","items_purchased":["Shrug It Off","Disarm","Shrug It Off","Blood Vial","Matryoshka","Vajra"],"campfire_rested":0,"item_purchase_floors":[4,27,30,37,37,48],"current_hp_per_floor":[72,76,75,75,76,56,56,13,13,8,14,14,14,14,14,14,80,65,65,65,54,46,46,36,36,36,36,36,42,42,48,48,27,80,65,55,55,47,47,47,49,49,49,49,80,80,80,80,80,55,80,80,80,47,62],"gold":50,"neow_bonus":"ONE_RARE_RELIC","is_prod":false,"is_daily":false,"chose_seed":false,"campfire_upgraded":11,"win_rate":0,"timestamp":1558044318,"path_taken":["M","M","M","?","M","E","R","E","T","E","M","R","?","?","R","BOSS","M","M","?","M","M","R","E","R","T","$","R","M","$","?","R","BOSS","M","?","$","M","?","R","E","R","T","R","M","?","E","?","R","BOSS","R","$","E","BOSS"],"build_version":"2019-01-23","purchased_purges":0,"victory":true,"max_hp_per_floor":[80,80,80,80,80,80,80,80,80,80,80,80,80,80,80,80,80,80,80,80,80,80,80,80,80,80,80,80,80,80,80,80,80,80,80,80,80,80,80,80,80,80,80,80,80,80,80,80,80,80,80,80,80,80,80],"card_choices":[{"not_picked":["Thunderclap","Armaments"],"picked":"Flame Barrier","floor":1},{"not_picked":["Pommel Strike","Warcry"],"picked":"Uppercut","floor":2},{"not_picked":["Twin Strike","Body Slam","Anger"],"picked":"SKIP","floor":3},{"not_picked":["Sword Boomerang","Rage"],"picked":"Battle Trance","floor":5},{"not_picked":["Reckless Charge","Pommel Strike"],"picked":"Demon Form","floor":6},{"not_picked":["Fiend Fire","Iron Wave"],"picked":"Disarm","floor":8},{"not_picked":["Uppercut","Body Slam"],"picked":"Offering","floor":10},{"not_picked":["Cleave","Infernal Blade"],"picked":"Pummel","floor":11},{"not_picked":["Iron Wave","True Grit"],"picked":"Spot Weakness","floor":14},{"not_picked":["Juggernaut","Exhume"],"picked":"Impervious","floor":16},{"not_picked":["Evolve","Entrench+1"],"picked":"Inflame","floor":18},{"not_picked":["Body Slam+1","Flex"],"picked":"Shockwave","floor":19},{"not_picked":["Pommel Strike","Warcry+1"],"picked":"Flame Barrier","floor":21},{"not_picked":["Body Slam","Blood for Blood","Sword Boomerang"],"picked":"SKIP","floor":22},{"not_picked":["Blood for Blood","Wild Strike","Infernal Blade+1"],"picked":"SKIP","floor":24},{"not_picked":["Evolve","Iron Wave+1","Reckless Charge+1"],"picked":"SKIP","floor":29},{"not_picked":["Body Slam","True Grit"],"picked":"Metallicize","floor":31},{"not_picked":["Juggernaut","Offering"],"picked":"Limit Break","floor":33},{"not_picked":["Havoc+1","Headbutt","Heavy Blade"],"picked":"SKIP","floor":35},{"not_picked":["Corruption+1","Hemokinesis"],"picked":"Whirlwind+1","floor":38},{"not_picked":["Shrug It Off+1","Corruption"],"picked":"Reaper","floor":41},{"not_picked":["Dropkick","Sentinel","Carnage+1"],"picked":"SKIP","floor":45},{"not_picked":["Discovery","Mind Blast"],"picked":"Flash of Steel","floor":46},{"not_picked":["Body Slam+1","Fire Breathing+1"],"picked":"True Grit","floor":47},{"not_picked":["Body Slam+1","Wild Strike","Reckless Charge"],"picked":"SKIP","floor":54}],"player_experience":100506,"relics_obtained":[{"floor":6,"key":"Sundial"},{"floor":8,"key":"Happy Flower"},{"floor":9,"key":"Bag of Preparation"},{"floor":10,"key":"Whetstone"},{"floor":24,"key":"Dodecahedron"},{"floor":26,"key":"Red Skull"},{"floor":41,"key":"Self Forming Clay"},{"floor":43,"key":"Gremlin Horn"},{"floor":47,"key":"Thread and Needle"},{"floor":54,"key":"Centennial Puzzle"}],"event_choices":[{"damage_healed":0,"gold_gain":100,"player_choice":"Pray","damage_taken":0,"max_hp_gain":0,"max_hp_loss":0,"event_name":"Golden Shrine","floor":13,"gold_loss":0},{"cards_removed":["Bash"],"damage_healed":0,"gold_gain":0,"player_choice":"Purged","damage_taken":0,"max_hp_gain":0,"max_hp_loss":0,"event_name":"Purifier","floor":20,"gold_loss":0},{"damage_healed":0,"gold_gain":0,"player_choice":"Embrace Madness","damage_taken":10,"max_hp_gain":0,"max_hp_loss":0,"event_name":"Winding Halls","floor":36,"gold_loss":0,"cards_obtained":["Madness","Madness"]},{"cards_removed":["Uppercut"],"damage_healed":0,"gold_gain":0,"player_choice":"Removed Attack","damage_taken":0,"max_hp_gain":0,"max_hp_loss":0,"event_name":"Falling","floor":39,"gold_loss":0},{"damage_healed":0,"gold_gain":0,"player_choice":"Memory 1","damage_taken":0,"max_hp_gain":0,"max_hp_loss":0,"event_name":"SensoryStone","floor":46,"gold_loss":0}],"is_beta":false,"boss_relics":[{"not_picked":["Empty Cage","Snecko Eye"],"picked":"Mark of Pain"},{"not_picked":["Black Star","Runic Dome"],"picked":"Sozu"}],"items_purged_floors":[],"is_endless":false,"potions_floor_spawned":[3,6,14,16,18,21,22,29,45,47],"ascension_level":2}