{"path_per_floor":["M","M","M","T","M","R","E","R","T","?","?","R","?","M","R","B",null,"M","M","M","?","$","M","E"],"character_chosen":"IRONCLAD","items_purchased":["Paper Frog"],"gold_per_floor":[114,126,145,172,191,191,223,223,223,223,223,223,223,236,236,365,365,390,406,430,466,143,164,208,208],"floor_reached":25,"campfire_rested":0,"playtime":910,"current_hp_per_floor":[80,80,80,80,80,80,61,61,75,75,75,75,75,78,78,11,87,87,87,77,68,68,54,17,0],"items_purged":["Regret"],"gold":208,"score":223,"play_id":"0c012121-191a-4cad-a228-ad360444e131","local_time":"20180404195606","is_prod":false,"is_daily":false,"is_ascension_mode":false,"campfire_upgraded":4,"timestamp":1522889766,"path_taken":["M","?","M","?","M","R","E","R","T","?","?","R","?","M","R","BOSS","M","M","M","?","$","M","E","M"],"build_version":"2018-04-02","purchased_purges":2,"victory":false,"master_deck":["Strike_R","Strike_R","Strike_R","Strike_R","Strike_R","Defend_R","Defend_R","Defend_R","Bash+1","Inflame+1","Flex+1","Battle Trance","Double Tap+1","Battle Trance","Warcry","Fiend Fire","Pummel","Rage","Spot Weakness+1"],"max_hp_per_floor":[80,80,80,80,80,80,80,80,94,94,94,94,87,87,87,87,87,87,87,87,87,87,87,87,87],"relics":["Burning Blood","Ancient Tea Set","Bag of Marbles","Letter Opener","Mango","Dodecahedron","Golden Idol","Runic Cube","Red Mask","Paper Frog","Oddly Smooth Stone"],"card_choices":[{"not_picked":["Thunderclap","Anger"],"picked":"Inflame","floor":1},{"not_picked":["Shrug It Off","Infernal Blade"],"picked":"Flex","floor":2},{"not_picked":["Shrug It Off","Intimidate"],"picked":"Battle Trance","floor":5},{"not_picked":["Battle Trance","Perfected Strike"],"picked":"Double Tap","floor":7},{"not_picked":["Headbutt","Clothesline"],"picked":"Warcry","floor":14},{"not_picked":["Juggernaut","Barricade"],"picked":"Fiend Fire","floor":16},{"not_picked":["Fire Breathing","Whirlwind"],"picked":"Pummel","floor":18},{"not_picked":["Clash","Perfected Strike"],"picked":"Rage","floor":20},{"not_picked":["Hemokinesis","Battle Trance"],"picked":"Spot Weakness","floor":24}],"player_experience":162787,"potions_floor_usage":[16,19],"damage_taken":[{"damage":6,"enemies":"Cultist","floor":1,"turns":3},{"damage":6,"enemies":"Jaw Worm","floor":2,"turns":3},{"damage":2,"enemies":"2 Louse","floor":3,"turns":3},{"damage":0,"enemies":"Large Slime","floor":5,"turns":5},{"damage":25,"enemies":"Gremlin Nob","floor":7,"turns":4},{"damage":3,"enemies":"3 Louse","floor":14,"turns":2},{"damage":73,"enemies":"Slime Boss","floor":16,"turns":10},{"damage":0,"enemies":"Chosen","floor":18,"turns":3},{"damage":0,"enemies":"Spheric Guardian","floor":19,"turns":1},{"damage":16,"enemies":"Snecko","floor":20,"turns":3},{"damage":15,"enemies":"Masked Bandits","floor":21,"turns":3},{"damage":20,"enemies":"Chosen and Byrds","floor":23,"turns":5},{"damage":43,"enemies":"Slavers","floor":24,"turns":5},{"damage":18,"enemies":"3 Cultists","floor":25,"turns":3}],"event_choices":[{"event_name":"Transmorgrifier","player_choice":"Transform","floor":10,"damage_taken":0},{"event_name":"Big Fish","player_choice":"Box","floor":11,"damage_taken":0},{"event_name":"Golden Idol","player_choice":"Lose Max HP","floor":13,"damage_taken":0},{"event_name":"Masked Bandits","player_choice":"Fought over 430 gold","floor":21,"damage_taken":0}],"boss_relics":[{"not_picked":["Ectoplasm","Eternal Feather"],"picked":"Runic Cube"}],"potions_floor_spawned":[1,16,20],"seed_played":"-8227439363174341835","killed_by":"3 Cultists","ascension_level":0,"is_trial":false}