{"gold_per_floor":[10,10,22,22,97,97,115,115,138,167,7,7,25,25,25,104,104,123,70,84,84,96,96,115,115,140,156,156],"floor_reached":28,"playtime":913,"items_purged":["Defend_R"],"score":436,"play_id":"d0fe97b0-2afc-4cfd-b9d1-f4d8ea82b494","local_time":"20190228002742","is_ascension_mode":true,"campfire_choices":[{"data":"Juggernaut","floor":6.0,"key":"SMITH"},{"data":"True Grit","floor":8.0,"key":"SMITH"},{"data":"Entrench","floor":15.0,"key":"SMITH"},{"data":"Feel No Pain","floor":23.0,"key":"SMITH"}],"neow_cost":"NO_GOLD","seed_source_timestamp":611355626204034,"circlet_count":0,"master_deck":["AscendersBane","Strike_R","Defend_R","Defend_R","Defend_R","Bash","Power Through","Juggernaut+1","True Grit+1","Shrug It Off","Evolve","Limit Break+1","Entrench+1","Feel No Pain+1","Inflame","Body Slam+1"],"special_seed":0,"relics":["Burning Blood","Shuriken","Bag of Preparation","Red Skull","Velvet Choker","Bronze Scales"],"potions_floor_usage":[28,28],"damage_taken":[{"damage":7.0,"enemies":"Cultist","floor":1.0,"turns":4.0},{"damage":4.0,"enemies":"Small Slimes","floor":3.0,"turns":7.0},{"damage":0.0,"enemies":"2 Louse","floor":7.0,"turns":4.0},{"damage":41.0,"enemies":"Gremlin Nob","floor":10.0,"turns":5.0},{"damage":3.0,"enemies":"Blue Slaver","floor":13.0,"turns":5.0},{"damage":15.0,"enemies":"Slime Boss","floor":16.0,"turns":7.0},{"damage":11.0,"enemies":"Spheric Guardian","floor":18.0,"turns":6.0},{"damage":5.0,"enemies":"Shell Parasite","floor":20.0,"turns":8.0},{"damage":0.0,"enemies":"Snake Plant","floor":22.0,"turns":4.0},{"damage":16.0,"enemies":"Sentry and Sphere","floor":24.0,"turns":6.0},{"damage":16.0,"enemies":"Colosseum Slavers","floor":25.0,"turns":5.0},{"damage":17.0,"enemies":"Shelled Parasite and Fungi","floor":27.0,"turns":8.0},{"damage":38,"enemies":"Slavers","floor":28,"turns":4}],"seed_played":"-6723449785780748759","potions_obtained":[{"floor":1.0,"key":"FearPotion"},{"floor":10.0,"key":"Strength Potion"},{"floor":13.0,"key":"SteroidPotion"},{"floor":18.0,"key":"FairyPotion"},{"floor":20.0,"key":"Strength Potion"}],"is_trial":false,"path_per_floor":["M","T","M","?","?","R","M","R","T","E","$","?","M","?","R","B",null,"M","$","M","?","M","R","M","?","T","M","E"],"character_chosen":"IRONCLAD","items_purchased":["Evolve","Strength Potion"],"campfire_rested":0,"item_purchase_floors":[11,19],"current_hp_per_floor":[67,67,69,69,58,58,64,64,64,29,29,29,32,32,32,23,62,57,57,58,58,64,64,54,44,44,33,0],"gold":156,"neow_bonus":"REMOVE_TWO","is_prod":false,"is_daily":false,"chose_seed":false,"campfire_upgraded":4,"win_rate":0,"timestamp":1551284862,"path_taken":["M","?","M","?","?","R","M","R","T","E","?","?","?","?","R","BOSS","M","$","M","?","M","R","M","?","T","M","E"],"build_version":"2019-01-23","purchased_purges":1,"victory":false,"max_hp_per_floor":[75,75,75,75,75,75,75,75,75,75,75,75,75,75,75,75,75,75,75,75,75,75,75,75,75,75,75,75],"card_choices":[{"not_picked":["Seeing Red","Warcry","Dual Wield"],"picked":"SKIP","floor":1.0},{"not_picked":["Anger","Bloodletting"],"picked":"Power Through","floor":3.0},{"not_picked":["Heavy Blade","Corruption"],"picked":"True Grit","floor":7.0},{"not_picked":["Pummel","Armaments"],"picked":"Shrug It Off","floor":10.0},{"not_picked":["True Grit","Shrug It Off","Cleave"],"picked":"SKIP","floor":13.0},{"not_picked":["Headbutt","True Grit","Iron Wave"],"picked":"SKIP","floor":18.0},{"not_picked":["Seeing Red","Metallicize"],"picked":"Feel No Pain","floor":20.0},{"not_picked":["True Grit","Dual Wield","Evolve"],"picked":"SKIP","floor":22.0},{"not_picked":["Shrug It Off","Intimidate"],"picked":"Inflame","floor":24.0},{"not_picked":["Rampage","Headbutt"],"picked":"Body Slam+1","floor":27.0}],"player_experience":1092279,"relics_obtained":[{"floor":2.0,"key":"Shuriken"},{"floor":9.0,"key":"Bag of Preparation"},{"floor":10.0,"key":"Red Skull"},{"floor":26.0,"key":"Bronze Scales"}],"event_choices":[{"damage_healed":0.0,"max_hp_gain":0.0,"max_hp_loss":0.0,"gold_gain":0.0,"cards_transformed":["Strike_R"],"event_name":"Living Wall","player_choice":"Change","floor":4.0,"gold_loss":0.0,"damage_taken":0.0,"cards_obtained":["Juggernaut"]},{"damage_healed":0.0,"max_hp_gain":0.0,"max_hp_loss":0.0,"gold_gain":75.0,"event_name":"World of Goop","player_choice":"Gather Gold","floor":5.0,"gold_loss":0.0,"damage_taken":11.0},{"damage_healed":0.0,"max_hp_gain":0.0,"max_hp_loss":0.0,"gold_gain":0.0,"event_name":"Match and Keep!","player_choice":"2 cards matched","floor":12.0,"gold_loss":0.0,"damage_taken":0.0,"cards_obtained":["Limit Break","Entrench"]},{"damage_healed":0.0,"max_hp_gain":0.0,"max_hp_loss":0.0,"gold_gain":0.0,"event_name":"Upgrade Shrine","player_choice":"Upgraded","floor":14.0,"gold_loss":0.0,"damage_taken":0.0,"cards_upgraded":["Limit Break"]},{"cards_removed":["Strike_R"],"damage_healed":0.0,"max_hp_gain":0.0,"max_hp_loss":0.0,"gold_gain":0.0,"event_name":"Back to Basics","player_choice":"Elegance","floor":21.0,"gold_loss":0.0,"damage_taken":0.0},{"damage_healed":0.0,"max_hp_gain":0.0,"max_hp_loss":0.0,"gold_gain":0.0,"event_name":"Colosseum","player_choice":"Fight","floor":25.0,"gold_loss":0.0,"damage_taken":0.0},{"damage_healed":0.0,"max_hp_gain":0.0,"max_hp_loss":0.0,"gold_gain":0.0,"event_name":"Colosseum","player_choice":"Fled From Nobs","floor":25.0,"gold_loss":0.0,"damage_taken":0.0}],"is_beta":false,"boss_relics":[{"not_picked":["Snecko Eye","Lizard Tail"],"picked":"Velvet Choker"}],"items_purged_floors":[11],"is_endless":false,"potions_floor_spawned":[1,10,13,18,20,27],"killed_by":"Slavers","ascension_level":20}