{"gold_per_floor":[119,133,208,225,178,193,210,210,236,249,249,274,294,311,311,406,406,388,388,406,68,78,78,94,104,159,159,171,181,181,191,191,191],"floor_reached":33,"playtime":1683,"items_purged":[],"score":270,"play_id":"48259989-3059-4b6d-b485-a02bd4cd3d7d","local_time":"20181201221151","is_ascension_mode":true,"campfire_choices":[{"floor":11.0,"key":"REST"},{"data":"Flame Barrier","floor":15.0,"key":"SMITH"},{"data":"Limit Break","floor":23.0,"key":"SMITH"},{"floor":27.0,"key":"REST"},{"floor":32.0,"key":"REST"}],"neow_cost":"NONE","seed_source_timestamp":1422416027843217,"circlet_count":0,"master_deck":["Strike_R","Strike_R","Strike_R","Strike_R","Strike_R","Defend_R","Defend_R","Defend_R","Defend_R","Bash","Cleave","Whirlwind","Flex","Shrug It Off+1","Headbutt","Thunderclap","Rage+1","Spot Weakness","Flame Barrier+1","Heavy Blade","Fiend Fire","Limit Break+1","Flex","Mayhem","Pommel Strike","Dropkick+1","Twin Strike","Sword Boomerang","Double Tap","Metallicize","Flame Barrier+1"],"special_seed":0,"relics":["Burning Blood","Dream Catcher","Regal Pillow","Strawberry","Runic Cube","Vajra","War Paint"],"potions_floor_usage":[33],"damage_taken":[{"damage":10.0,"enemies":"Cultist","floor":1.0,"turns":4.0},{"damage":11.0,"enemies":"Jaw Worm","floor":2.0,"turns":3.0},{"damage":1.0,"enemies":"2 Louse","floor":4.0,"turns":2.0},{"damage":20.0,"enemies":"Gremlin Gang","floor":6.0,"turns":4.0},{"damage":6.0,"enemies":"Blue Slaver","floor":7.0,"turns":5.0},{"damage":13.0,"enemies":"Red Slaver","floor":10.0,"turns":3.0},{"damage":20.0,"enemies":"3 Sentries","floor":12.0,"turns":5.0},{"damage":4.0,"enemies":"Large Slime","floor":13.0,"turns":5.0},{"damage":2.0,"enemies":"2 Fungi Beasts","floor":14.0,"turns":4.0},{"damage":37.0,"enemies":"Hexaghost","floor":16.0,"turns":9.0},{"damage":13.0,"enemies":"2 Thieves","floor":18.0,"turns":4.0},{"damage":20.0,"enemies":"3 Byrds","floor":20.0,"turns":4.0},{"damage":23.0,"enemies":"Centurion and Healer","floor":22.0,"turns":8.0},{"damage":8.0,"enemies":"3 Cultists","floor":24.0,"turns":3.0},{"damage":20.0,"enemies":"Snecko","floor":25.0,"turns":4.0},{"damage":23.0,"enemies":"Shelled Parasite and Fungi","floor":28.0,"turns":6.0},{"damage":26.0,"enemies":"Snake Plant","floor":29.0,"turns":4.0},{"damage":21.0,"enemies":"Centurion and Healer","floor":31.0,"turns":7.0},{"damage":93,"enemies":"Collector","floor":33,"turns":7}],"seed_played":"-3964449777138036271","potions_obtained":[{"floor":2.0,"key":"PowerPotion"},{"floor":6.0,"key":"Weak Potion"},{"floor":7.0,"key":"EntropicBrew"},{"floor":13.0,"key":"PowerPotion"},{"floor":24.0,"key":"Weak Potion"},{"floor":28.0,"key":"Poison Potion"},{"floor":29.0,"key":"GamblersBrew"},{"floor":31.0,"key":"Regen Potion"}],"is_trial":false,"path_per_floor":["M","M","?","M","$","M","M","?","T","M","R","E","M","M","R","B",null,"M","?","M","$","M","R","M","M","T","R","M","M","?","M","R","B"],"character_chosen":"IRONCLAD","items_purchased":["Shrug It Off","Vajra","Mayhem"],"campfire_rested":3,"item_purchase_floors":[5,21,21],"current_hp_per_floor":[76,71,60,65,65,51,51,51,51,44,80,73,75,79,79,48,87,80,72,58,58,41,41,39,25,25,66,49,29,29,14,55,0],"gold":191,"neow_bonus":"RANDOM_COMMON_RELIC","is_prod":false,"is_daily":false,"chose_seed":false,"campfire_upgraded":2,"win_rate":0,"timestamp":1543720311,"path_taken":["M","M","?","M","$","M","M","?","T","M","R","E","?","M","R","BOSS","M","?","M","$","M","R","M","?","T","R","M","M","?","?","R","BOSS"],"build_version":"2018-11-15","purchased_purges":0,"victory":false,"max_hp_per_floor":[80,80,80,80,80,80,80,80,80,80,80,87,87,87,87,87,87,87,87,87,87,87,87,87,87,87,87,87,87,87,87,87,87],"card_choices":[{"not_picked":["Evolve","Sword Boomerang"],"picked":"Cleave","floor":1.0},{"not_picked":["Inflame","Twin Strike"],"picked":"Whirlwind","floor":2.0},{"not_picked":["Feel No Pain","Sword Boomerang"],"picked":"Flex","floor":4.0},{"not_picked":["Flex","Havoc"],"picked":"Headbutt","floor":6.0},{"not_picked":["Headbutt","Clash"],"picked":"Thunderclap","floor":7.0},{"not_picked":["Warcry","Shockwave"],"picked":"Rage","floor":10.0},{"not_picked":["Sentinel","Ghostly Armor"],"picked":"Spot Weakness","floor":11.0},{"not_picked":["Spot Weakness","Second Wind"],"picked":"Flame Barrier","floor":12.0},{"not_picked":["Pommel Strike","True Grit"],"picked":"Heavy Blade","floor":13.0},{"not_picked":["Blood for Blood","Pommel Strike"],"picked":"Fiend Fire","floor":14.0},{"not_picked":["Bludgeon","Brutality"],"picked":"Limit Break","floor":16.0},{"not_picked":["Hemokinesis","Whirlwind"],"picked":"Flex","floor":18.0},{"not_picked":["Heavy Blade","Perfected Strike+1","Cleave"],"picked":"SKIP","floor":20.0},{"not_picked":["Body Slam+1","Wild Strike"],"picked":"Pommel Strike","floor":22.0},{"not_picked":["Shrug It Off","Wild Strike"],"picked":"Dropkick+1","floor":24.0},{"not_picked":["Warcry+1","Wild Strike","Berserk"],"picked":"SKIP","floor":25.0},{"not_picked":["Searing Blow+1","Evolve+1"],"picked":"Twin Strike","floor":28.0},{"not_picked":["Second Wind+1","Twin Strike","Hemokinesis"],"picked":"SKIP","floor":29.0},{"not_picked":["Cleave","Uppercut"],"picked":"Metallicize","floor":31.0},{"not_picked":["Wild Strike+1","Dropkick+1"],"picked":"Flame Barrier+1","floor":32.0}],"player_experience":110632,"relics_obtained":[{"floor":9.0,"key":"Regal Pillow"},{"floor":12.0,"key":"Strawberry"},{"floor":26.0,"key":"War Paint"}],"event_choices":[{"damage_healed":0.0,"max_hp_gain":0.0,"max_hp_loss":0.0,"gold_gain":75.0,"event_name":"World of Goop","player_choice":"Gather Gold","floor":3.0,"gold_loss":0.0,"damage_taken":11.0},{"damage_healed":0.0,"max_hp_gain":0.0,"max_hp_loss":0.0,"gold_gain":0.0,"event_name":"The Woman in Blue","player_choice":"Bought 0 Potions","floor":8.0,"gold_loss":0.0,"damage_taken":0.0},{"damage_healed":0.0,"max_hp_gain":0.0,"max_hp_loss":0.0,"gold_gain":0.0,"event_name":"Knowing Skull","player_choice":"","floor":19.0,"potions_obtained":[],"gold_loss":0.0,"damage_taken":8.0,"cards_obtained":[]},{"damage_healed":0.0,"max_hp_gain":0.0,"max_hp_loss":0.0,"gold_gain":0.0,"event_name":"Match and Keep!","player_choice":"2 cards matched","floor":30.0,"gold_loss":0.0,"damage_taken":0.0,"cards_obtained":["Sword Boomerang","Double Tap"]}],"is_beta":false,"boss_relics":[{"not_picked":["Black Star","Black Blood"],"picked":"Runic Cube"}],"items_purged_floors":[],"is_endless":false,"potions_floor_spawned":[2,6,7,13,14,24,28,29,31],"killed_by":"Collector","ascension_level":1}