{"gold_per_floor":[118,136,10,24,24,24,24,58,58,58,69,100,156,179,179,179],"floor_reached":16,"playtime":463,"items_purged":["Decay"],"score":216,"play_id":"8559b245-7ac8-437d-ba7e-d8eac16faf0c","local_time":"20190516114904","is_ascension_mode":true,"campfire_choices":[{"data":"Feed","floor":6,"key":"SMITH"},{"data":"Bash","floor":10,"key":"SMITH"},{"data":"Inflame","floor":15,"key":"SMITH"}],"neow_cost":"CURSE","seed_source_timestamp":8112968181613,"circlet_count":0,"master_deck":["AscendersBane","Strike_R","Strike_R","Strike_R","Strike_R","Strike_R","Defend_R","Defend_R","Defend_R","Defend_R","Bash+1","Feed+1","True Grit","Cleave","Anger","Shrug It Off","Reaper","Inflame+1"],"relics":["Burning Blood","Gremlin Horn","Thread and Needle","Paper Frog","Self Forming Clay","Letter Opener","Odd Mushroom"],"potions_floor_usage":[8,13,13],"damage_taken":[{"damage":14,"enemies":"Cultist","floor":1,"turns":4},{"damage":7,"enemies":"Small Slimes","floor":2,"turns":4},{"damage":4,"enemies":"2 Louse","floor":4,"turns":2},{"damage":29,"enemies":"Gremlin Nob","floor":8,"turns":4},{"damage":4,"enemies":"Gremlin Gang","floor":11,"turns":5},{"damage":23,"enemies":"Lagavulin","floor":12,"turns":6},{"damage":37,"enemies":"Gremlin Nob","floor":13,"turns":5},{"damage":8,"enemies":"The Mushroom Lair","floor":14,"turns":4},{"damage":44,"enemies":"Hexaghost","floor":16,"turns":7}],"seed_played":"-8779016385187766611","potions_obtained":[{"floor":2,"key":"Fire Potion"},{"floor":11,"key":"Regen Potion"},{"floor":12,"key":"AttackPotion"}],"is_trial":false,"path_per_floor":["M","M","$","M","T","R","$","E","T","R","M","E","?","?","R","B"],"character_chosen":"IRONCLAD","items_purchased":["Anger"],"campfire_rested":0,"item_purchase_floors":[3],"current_hp_per_floor":[63,65,65,70,70,70,70,47,47,47,53,36,19,33,33,0],"gold":179,"neow_bonus":"THREE_RARE_CARDS","is_prod":false,"is_daily":false,"chose_seed":false,"campfire_upgraded":3,"win_rate":0,"timestamp":1558018144,"path_taken":["M","M","$","M","?","R","$","E","T","R","M","E","?","?","R","BOSS"],"build_version":"2019-01-23","purchased_purges":1,"victory":false,"max_hp_per_floor":[78,81,81,84,84,84,84,84,84,84,88,88,88,92,92,92],"card_choices":[{"not_picked":["Impervious","Limit Break"],"picked":"Feed","floor":0},{"not_picked":["Pummel","Heavy Blade"],"picked":"True Grit","floor":1},{"not_picked":["Second Wind","Warcry"],"picked":"Cleave","floor":2},{"not_picked":["Twin Strike","Burning Pact"],"picked":"Shrug It Off","floor":4},{"not_picked":["Berserk","Clash","Flex"],"picked":"SKIP","floor":8},{"not_picked":["Clash","Burning Pact","Perfected Strike"],"picked":"SKIP","floor":11},{"not_picked":["Intimidate","Pommel Strike"],"picked":"Reaper","floor":12},{"not_picked":["Clothesline","Twin Strike"],"picked":"Inflame","floor":13}],"player_experience":2338090,"relics_obtained":[{"floor":5,"key":"Gremlin Horn"},{"floor":8,"key":"Thread and Needle"},{"floor":9,"key":"Paper Frog"},{"floor":12,"key":"Self Forming Clay"},{"floor":14,"key":"Odd Mushroom"}],"event_choices":[{"damage_healed":0,"gold_gain":30,"player_choice":"Searched \u00273\u0027 times","damage_taken":0,"relics_obtained":["Letter Opener"],"max_hp_gain":0,"max_hp_loss":0,"event_name":"Dead Adventurer","floor":13,"gold_loss":0},{"damage_healed":0,"gold_gain":0,"player_choice":"Fought Mushrooms","damage_taken":0,"max_hp_gain":0,"max_hp_loss":0,"event_name":"Mushrooms","floor":14,"gold_loss":0}],"is_beta":false,"boss_relics":[],"items_purged_floors":[3],"is_endless":false,"potions_floor_spawned":[2,11,12],"killed_by":"Hexaghost","ascension_level":20}