{"gold_per_floor":[115,4,4,20,20,20,49,49,73,120,112,150,178,223,235,247],"floor_reached":16,"playtime":680,"items_purged":[],"score":252,"play_id":"f9955b67-0d77-4393-85b8-217c30e8fcd6","local_time":"20190323001617","is_ascension_mode":true,"campfire_choices":[{"data":"Evolve","floor":6.0,"key":"SMITH"},{"data":"Bash","floor":8.0,"key":"SMITH"},{"floor":15,"key":"REST"}],"neow_cost":"TEN_PERCENT_HP_LOSS","seed_source_timestamp":653021988348228,"circlet_count":0,"master_deck":["AscendersBane","Strike_R","Strike_R","Strike_R","Strike_R","Strike_R","Defend_R","Defend_R","Defend_R","Defend_R","Bash+1","Carnage+1","Evolve+1","Second Wind","Burning Pact","Shrug It Off"],"special_seed":0,"relics":["Burning Blood","Champion Belt","Bag of Marbles","MawBank","Shuriken","Gremlin Horn","Frozen Egg 2"],"potions_floor_usage":[16,16],"damage_taken":[{"damage":4.0,"enemies":"Small Slimes","floor":1.0,"turns":3.0},{"damage":1.0,"enemies":"Cultist","floor":4.0,"turns":3.0},{"damage":20.0,"enemies":"3 Sentries","floor":7.0,"turns":7.0},{"damage":22.0,"enemies":"Lagavulin","floor":10.0,"turns":7.0},{"damage":27.0,"enemies":"3 Sentries","floor":12.0,"turns":9.0},{"damage":4.0,"enemies":"Jaw Worm","floor":13.0,"turns":2.0},{"damage":12.0,"enemies":"Lagavulin","floor":14.0,"turns":5.0},{"damage":29,"enemies":"The Guardian","floor":16,"turns":12}],"seed_played":"5214128497845850297","potions_obtained":[{"floor":7.0,"key":"Block Potion"},{"floor":10.0,"key":"SteroidPotion"},{"floor":12.0,"key":"Explosive Potion"}],"is_trial":false,"path_per_floor":["M","$","?","M","?","R","E","R","T","E","?","E","M","E","R","B"],"character_chosen":"IRONCLAD","items_purchased":["Carnage","Evolve"],"campfire_rested":1,"item_purchase_floors":[2,2],"current_hp_per_floor":[68,68,68,68,68,68,54,54,54,38,38,17,19,13,33,4],"gold":247,"neow_bonus":"ONE_RARE_RELIC","is_prod":false,"is_daily":false,"chose_seed":false,"campfire_upgraded":2,"win_rate":0,"timestamp":1553271377,"path_taken":["M","$","?","?","?","R","E","R","T","E","?","E","?","E","R","BOSS"],"build_version":"2019-01-23","purchased_purges":0,"victory":false,"max_hp_per_floor":[68,68,68,68,68,68,68,68,68,68,68,68,68,68,68,68],"card_choices":[{"not_picked":["Warcry","Thunderclap","Seeing Red"],"picked":"SKIP","floor":1.0},{"not_picked":["Havoc","Cleave","Wild Strike"],"picked":"SKIP","floor":4.0},{"not_picked":["Havoc","Cleave","Wild Strike"],"picked":"SKIP","floor":4.0},{"not_picked":["Dropkick","Sentinel"],"picked":"Second Wind","floor":7.0},{"not_picked":["Double Tap","Entrench"],"picked":"Burning Pact","floor":10.0},{"not_picked":["Spot Weakness","Sever Soul","Clothesline"],"picked":"SKIP","floor":12.0},{"not_picked":["Spot Weakness","Sever Soul","Clothesline"],"picked":"SKIP","floor":12.0},{"not_picked":["Sword Boomerang","Twin Strike"],"picked":"Shrug It Off","floor":13.0},{"not_picked":["Flex","Evolve","Headbutt"],"picked":"SKIP","floor":14.0}],"player_experience":1346919,"relics_obtained":[{"floor":7.0,"key":"Bag of Marbles"},{"floor":9.0,"key":"MawBank"},{"floor":10.0,"key":"Shuriken"},{"floor":12.0,"key":"Gremlin Horn"},{"floor":14.0,"key":"Frozen Egg 2"}],"event_choices":[{"damage_healed":0.0,"max_hp_gain":0.0,"max_hp_loss":0.0,"gold_gain":0.0,"event_name":"Upgrade Shrine","player_choice":"Upgraded","floor":3.0,"gold_loss":0.0,"damage_taken":0.0,"cards_upgraded":["Carnage"]},{"damage_healed":0.0,"max_hp_gain":0.0,"max_hp_loss":0.0,"gold_gain":0.0,"event_name":"The Cleric","player_choice":"Leave","floor":5.0,"gold_loss":0.0,"damage_taken":0.0},{"damage_healed":0.0,"max_hp_gain":0.0,"max_hp_loss":0.0,"gold_gain":0.0,"event_name":"The Woman in Blue","player_choice":"Bought 1 Potion","floor":11.0,"gold_loss":0.0,"damage_taken":0.0}],"is_beta":false,"boss_relics":[],"items_purged_floors":[],"is_endless":false,"potions_floor_spawned":[7,10,12],"killed_by":"The Guardian","ascension_level":20}