{"gold_per_floor":[119,129,54,73,73,98,98,132,132,45,76,76,76,92,92,170,170,188,188,207,80,130,163,1,1,1,1,15,32,61,73,73,147,147,167,167,181,19,19,48,48,77,77,77,22,40,69,0,0,0,0,0,0,0,33,33],"floor_reached":57,"playtime":3933,"items_purged":["Bash"],"score":3237,"play_id":"4bf0bce6-2057-49f9-9416-1cb0a2e8583a","local_time":"20190407235717","is_ascension_mode":true,"campfire_choices":[{"data":"Armaments","floor":7.0,"key":"SMITH"},{"data":"Barricade","floor":15.0,"key":"SMITH"},{"data":"Burning Pact","floor":25.0,"key":"SMITH"},{"data":"True Grit","floor":32.0,"key":"SMITH"},{"data":"Dark Embrace","floor":41.0,"key":"SMITH"},{"floor":49.0,"key":"RECALL"},{"data":"Bloodletting","floor":53.0,"key":"SMITH"}],"neow_cost":"NONE","seed_source_timestamp":481543269523759,"circlet_count":0,"master_deck":["AscendersBane","Carnage","Pummel","Exhume","Spot Weakness","Barricade+1","Entrench","Disarm","Burning Pact+1","Iron Wave","Armaments+1","Limit Break","Bloodletting+1","Body Slam","Impervious","True Grit+1","Shrug It Off","Second Wind","Dark Embrace+1","Power Through+1","Feel No Pain+1"],"special_seed":0,"relics":["Pandora\u0027s Box","Regal Pillow","Dodecahedron","Mercury Hourglass","Runic Pyramid","Matryoshka","Happy Flower","Blood Vial","Meat on the Bone","Centennial Puzzle","Coffee Dripper","Spirit Poop","Potion Belt","Calipers","Red Skull","Pear","Pantograph","Strawberry","Bottled Flame","Red Mask","Paper Frog"],"potions_floor_usage":[55],"damage_taken":[{"damage":10.0,"enemies":"Small Slimes","floor":1.0,"turns":3.0},{"damage":10.0,"enemies":"Jaw Worm","floor":2.0,"turns":3.0},{"damage":4.0,"enemies":"Cultist","floor":4.0,"turns":3.0},{"damage":11.0,"enemies":"Gremlin Nob","floor":6.0,"turns":3.0},{"damage":35.0,"enemies":"3 Sentries","floor":8.0,"turns":8.0},{"damage":6.0,"enemies":"Lagavulin","floor":11.0,"turns":7.0},{"damage":0.0,"enemies":"3 Louse","floor":14.0,"turns":3.0},{"damage":12.0,"enemies":"Slime Boss","floor":16.0,"turns":12.0},{"damage":5.0,"enemies":"3 Byrds","floor":18.0,"turns":4.0},{"damage":3.0,"enemies":"Chosen","floor":20.0,"turns":6.0},{"damage":29.0,"enemies":"Slavers","floor":23.0,"turns":5.0},{"damage":3.0,"enemies":"Snecko","floor":28.0,"turns":4.0},{"damage":3.0,"enemies":"Snake Plant","floor":29.0,"turns":7.0},{"damage":9.0,"enemies":"Gremlin Leader","floor":30.0,"turns":4.0},{"damage":17.0,"enemies":"Shelled Parasite and Fungi","floor":31.0,"turns":5.0},{"damage":3.0,"enemies":"Collector","floor":33.0,"turns":9.0},{"damage":4.0,"enemies":"Orb Walker","floor":35.0,"turns":6.0},{"damage":32.0,"enemies":"3 Darklings","floor":37.0,"turns":6.0},{"damage":15.0,"enemies":"Reptomancer","floor":40.0,"turns":3.0},{"damage":12.0,"enemies":"Giant Head","floor":42.0,"turns":3.0},{"damage":0.0,"enemies":"Spire Growth","floor":46.0,"turns":4.0},{"damage":6.0,"enemies":"Reptomancer","floor":47.0,"turns":4.0},{"damage":22.0,"enemies":"Awakened One","floor":50.0,"turns":5.0},{"damage":3.0,"enemies":"Time Eater","floor":51.0,"turns":4.0},{"damage":9,"enemies":"Shield and Spear","floor":55,"turns":4},{"damage":20,"enemies":"The Heart","floor":56,"turns":6}],"seed_played":"4628437835490775104","potions_obtained":[{"floor":1.0,"key":"SpeedPotion"},{"floor":4.0,"key":"Fire Potion"},{"floor":14.0,"key":"PowerPotion"},{"floor":23.0,"key":"Weak Potion"},{"floor":28.0,"key":"AttackPotion"},{"floor":29.0,"key":"SteroidPotion"},{"floor":33.0,"key":"Dexterity Potion"},{"floor":46.0,"key":"Weak Potion"}],"is_trial":false,"path_per_floor":["M","M","?","M","?","E","R","E","T","$","E","?","?","M","R","B",null,"M","?","M","$","?","E","$","R","T","?","M","M","E","M","R","B",null,"M","?","M","$","?","E","R","E","T","T","$","M","E","?","R","B","B",null,"R","$","E","B",null],"character_chosen":"IRONCLAD","items_purchased":["Bloodletting","Shrug It Off","Happy Flower","Potion Belt","Swift Potion"],"campfire_rested":0,"item_purchase_floors":[10,21,24,38,45],"current_hp_per_floor":[58,48,48,44,69,58,58,23,23,23,17,17,17,17,17,5,58,53,53,50,50,50,21,21,21,21,21,32,43,48,45,45,44,67,65,65,47,47,47,46,46,48,58,65,65,67,63,63,63,68,89,91,91,91,83,72],"gold":33,"neow_bonus":"BOSS_RELIC","is_prod":false,"is_daily":false,"chose_seed":false,"campfire_upgraded":6,"win_rate":0,"timestamp":1554652637,"path_taken":["M","M","?","M","?","E","R","E","T","$","E","?","?","M","R","BOSS","M","?","M","$","?","E","$","R","T","?","?","M","E","M","R","BOSS","M","?","?","$","?","E","R","E","T","?","?","M","E","?","R","BOSS","BOSS","R","$","E","BOSS"],"build_version":"2019-01-23","purchased_purges":1,"victory":true,"max_hp_per_floor":[75,75,75,75,75,75,75,75,75,75,75,75,75,75,75,75,75,75,75,75,75,75,75,75,75,75,75,75,75,75,75,75,75,75,75,75,75,75,75,75,75,75,85,92,92,92,92,92,92,92,92,92,92,92,92,92],"card_choices":[{"not_picked":["Fire Breathing","Disarm"],"picked":"Burning Pact","floor":1.0},{"not_picked":["Sword Boomerang","Clothesline","Warcry"],"picked":"SKIP","floor":2.0},{"not_picked":["Spot Weakness","Pommel Strike"],"picked":"Iron Wave","floor":4.0},{"not_picked":["Corruption","Warcry"],"picked":"Armaments","floor":6.0},{"not_picked":["Rupture","Uppercut"],"picked":"Limit Break","floor":8.0},{"not_picked":["Cleave","Searing Blow","Reckless Charge"],"picked":"SKIP","floor":11.0},{"not_picked":["Sentinel","Pommel Strike"],"picked":"Body Slam","floor":14.0},{"not_picked":["Reaper","Fiend Fire"],"picked":"Impervious","floor":16.0},{"not_picked":["Rampage","Carnage","Iron Wave"],"picked":"SKIP","floor":18.0},{"not_picked":["Reckless Charge","Disarm","Thunderclap"],"picked":"SKIP","floor":20.0},{"not_picked":["Hemokinesis","Entrench","Armaments+1"],"picked":"SKIP","floor":23.0},{"not_picked":["Iron Wave","Armaments","Shrug It Off"],"picked":"SKIP","floor":28.0},{"not_picked":["Headbutt","Clash+1"],"picked":"Second Wind","floor":29.0},{"not_picked":["Heavy Blade","Thunderclap","Twin Strike"],"picked":"SKIP","floor":30.0},{"not_picked":["Sentinel","Clash","Body Slam"],"picked":"SKIP","floor":31.0},{"not_picked":["Impervious","Reaper"],"picked":"Dark Embrace","floor":33.0},{"not_picked":["Anger+1","Body Slam","Shrug It Off"],"picked":"SKIP","floor":35.0},{"not_picked":["Shrug It Off","Carnage"],"picked":"Power Through+1","floor":37.0},{"not_picked":["Thunderclap","Fire Breathing","Shrug It Off"],"picked":"SKIP","floor":40.0},{"not_picked":["Flex","Armaments","Warcry"],"picked":"SKIP","floor":42.0},{"not_picked":["Twin Strike+1","Rupture","Shockwave"],"picked":"SKIP","floor":46.0},{"not_picked":["Rage","Barricade"],"picked":"Feel No Pain+1","floor":55}],"player_experience":1528462,"relics_obtained":[{"floor":6.0,"key":"Regal Pillow"},{"floor":8.0,"key":"Dodecahedron"},{"floor":11.0,"key":"Mercury Hourglass"},{"floor":23.0,"key":"Matryoshka"},{"floor":26.0,"key":"Blood Vial"},{"floor":26.0,"key":"Meat on the Bone"},{"floor":30.0,"key":"Centennial Puzzle"},{"floor":40.0,"key":"Calipers"},{"floor":42.0,"key":"Red Skull"},{"floor":43.0,"key":"Pear"},{"floor":43.0,"key":"Pantograph"},{"floor":44.0,"key":"Strawberry"},{"floor":47.0,"key":"Bottled Flame"},{"floor":55,"key":"Paper Frog"}],"event_choices":[{"cards_removed":["Anger"],"damage_healed":0.0,"max_hp_gain":0.0,"max_hp_loss":0.0,"gold_gain":0.0,"event_name":"The Cleric","player_choice":"Card Removal","floor":3.0,"gold_loss":75.0,"damage_taken":0.0},{"damage_healed":25.0,"max_hp_gain":0.0,"max_hp_loss":0.0,"gold_gain":0.0,"event_name":"Big Fish","player_choice":"Banana","floor":5.0,"gold_loss":0.0,"damage_taken":0.0},{"damage_healed":0.0,"max_hp_gain":0.0,"max_hp_loss":0.0,"gold_gain":0.0,"event_name":"Scrap Ooze","player_choice":"Fled","floor":12.0,"gold_loss":0.0,"damage_taken":0.0},{"damage_healed":0.0,"max_hp_gain":0.0,"max_hp_loss":0.0,"gold_gain":0.0,"event_name":"Shining Light","player_choice":"Ignored","floor":13.0,"gold_loss":0.0,"damage_taken":0.0},{"damage_healed":0.0,"max_hp_gain":0.0,"max_hp_loss":0.0,"gold_gain":0.0,"event_name":"The Library","player_choice":"Read","floor":19.0,"gold_loss":0.0,"damage_taken":0.0,"cards_obtained":["True Grit"]},{"damage_healed":0.0,"max_hp_gain":0.0,"max_hp_loss":0.0,"gold_gain":50.0,"event_name":"Nest","player_choice":"Stole From Cult","floor":22.0,"gold_loss":0.0,"damage_taken":0.0},{"damage_healed":0.0,"max_hp_gain":0.0,"max_hp_loss":0.0,"gold_gain":0.0,"event_name":"Forgotten Altar","player_choice":"Smashed Altar","floor":27.0,"gold_loss":0.0,"damage_taken":0.0,"cards_obtained":["Decay"]},{"cards_removed":["Decay"],"damage_healed":0.0,"max_hp_gain":0.0,"max_hp_loss":0.0,"gold_gain":0.0,"event_name":"Bonfire Elementals","player_choice":"Offered Curse","floor":36.0,"gold_loss":0.0,"damage_taken":0.0,"relics_obtained":["Spirit Poop"]},{"cards_removed":["Blood for Blood"],"damage_healed":0.0,"max_hp_gain":0.0,"max_hp_loss":0.0,"gold_gain":0.0,"event_name":"Falling","player_choice":"Removed Attack","floor":39.0,"gold_loss":0.0,"damage_taken":0.0},{"damage_healed":0.0,"max_hp_gain":0.0,"max_hp_loss":0.0,"gold_gain":0.0,"event_name":"Tomb of Lord Red Mask","player_choice":"Paid","floor":48.0,"gold_loss":69.0,"damage_taken":0.0,"relics_obtained":["Red Mask"]}],"is_beta":false,"boss_relics":[{"not_picked":["Tiny House","Lizard Tail"],"picked":"Runic Pyramid"},{"not_picked":["Empty Cage","Mark of Pain"],"picked":"Coffee Dripper"}],"items_purged_floors":[21],"is_endless":false,"potions_floor_spawned":[1,4,14,23,28,29,33,35,46,47],"ascension_level":20}