{"gold_per_floor":[111,36,111,111,111,111,139,64,118,118,153,163,195,0,0,73,73,88,105,5,19,46,46,72,72,72,72,72,103,103,153,153,227,227,239,29,79,79,79,79,91,91,117,117,151,151,251,32,32,32],"floor_reached":50,"playtime":1500,"items_purged":["Strike_R","Strike_R","Strike_R"],"score":1228,"play_id":"829e0d7e-f86b-418e-b980-9549b34e1be7","local_time":"20190509194344","is_ascension_mode":true,"campfire_choices":[{"data":"Bash","floor":6.0,"key":"SMITH"},{"data":"Carnage","floor":10.0,"key":"SMITH"},{"data":"Demon Form","floor":15.0,"key":"SMITH"},{"data":"Immolate","floor":23.0,"key":"SMITH"},{"data":"Body Slam","floor":28.0,"key":"SMITH"},{"floor":30.0,"key":"RECALL"},{"data":"1","floor":32.0,"key":"LIFT"},{"data":"True Grit","floor":40.0,"key":"SMITH"},{"data":"Limit Break","floor":42.0,"key":"SMITH"},{"data":"2","floor":44.0,"key":"LIFT"},{"data":"3","floor":49.0,"key":"LIFT"}],"neow_cost":"NONE","seed_source_timestamp":1244907745167027,"circlet_count":0,"master_deck":["AscendersBane","Defend_R","Defend_R","Defend_R","Defend_R+1","Bash+1","Ghostly Armor","Carnage+1","Demon Form+1","Inflame","Shrug It Off+1","Immolate+1","Havoc+1","Body Slam+1","Limit Break","True Grit+1","Evolve","Limit Break+1","Shrug It Off+1","Shame"],"special_seed":0,"relics":["Burning Blood","NeowsBlessing","Torii","Blood Vial","FossilizedHelix","Meat on the Bone","War Paint","Cursed Key","Red Mask","Juzu Bracelet","Girya","Black Star","Potion Belt","Charon\u0027s Ashes","Dead Branch","TheAbacus"],"potions_floor_usage":[50],"damage_taken":[{"damage":0.0,"enemies":"Small Slimes","floor":1.0,"turns":1.0},{"damage":0.0,"enemies":"3 Sentries","floor":7.0,"turns":1.0},{"damage":0.0,"enemies":"Gremlin Nob","floor":11.0,"turns":1.0},{"damage":0.0,"enemies":"2 Louse","floor":12.0,"turns":3.0},{"damage":5.0,"enemies":"3 Sentries","floor":13.0,"turns":11.0},{"damage":11.0,"enemies":"The Guardian","floor":16.0,"turns":10.0},{"damage":10.0,"enemies":"2 Thieves","floor":18.0,"turns":4.0},{"damage":1.0,"enemies":"Shell Parasite","floor":19.0,"turns":4.0},{"damage":8.0,"enemies":"Cultist and Chosen","floor":21.0,"turns":7.0},{"damage":0.0,"enemies":"Masked Bandits","floor":22.0,"turns":3.0},{"damage":0.0,"enemies":"Slavers","floor":24.0,"turns":3.0},{"damage":17.0,"enemies":"Gremlin Leader","floor":29.0,"turns":5.0},{"damage":30.0,"enemies":"Champ","floor":33.0,"turns":10.0},{"damage":11.0,"enemies":"3 Shapes","floor":35.0,"turns":5.0},{"damage":18.0,"enemies":"3 Darklings","floor":41.0,"turns":6.0},{"damage":33.0,"enemies":"Reptomancer","floor":45.0,"turns":5.0},{"damage":2.0,"enemies":"Mind Bloom Boss Battle","floor":47.0,"turns":8.0},{"damage":59,"enemies":"Time Eater","floor":50,"turns":8}],"seed_played":"686377999272881224","potions_obtained":[{"floor":11.0,"key":"BloodPotion"},{"floor":12.0,"key":"SkillPotion"},{"floor":16.0,"key":"Swift Potion"},{"floor":22.0,"key":"Energy Potion"},{"floor":41.0,"key":"AttackPotion"},{"floor":45.0,"key":"Strength Potion"},{"floor":47.0,"key":"Weak Potion"}],"is_trial":false,"path_per_floor":["M","$","?","?","?","R","E","?","T","R","E","M","E","$","R","B",null,"M","M","$","M","?","R","E","?","T","T","R","E","R","?","R","B",null,"M","$","?","?","T","R","M","R","T","R","E","?","?","$","R","B"],"character_chosen":"IRONCLAD","items_purchased":["Shrug It Off","War Paint","Evolve","TheAbacus"],"campfire_rested":0,"item_purchase_floors":[14,14,36,48],"current_hp_per_floor":[74,74,63,63,63,63,69,69,69,69,75,75,75,75,75,70,74,71,75,75,73,75,75,75,75,75,75,75,64,64,64,64,54,70,67,67,60,60,60,60,50,50,50,50,37,37,55,55,55,0],"gold":32,"neow_bonus":"THREE_ENEMY_KILL","is_prod":false,"is_daily":false,"chose_seed":false,"campfire_upgraded":7,"win_rate":0,"timestamp":1557402224,"path_taken":["M","$","?","?","?","R","E","?","T","R","E","M","E","$","R","BOSS","M","M","$","M","?","R","E","?","T","?","R","E","R","?","R","BOSS","M","$","?","?","?","R","M","R","T","R","E","?","?","?","R","BOSS"],"build_version":"2019-01-23","purchased_purges":3,"victory":false,"max_hp_per_floor":[75,75,75,75,75,75,75,75,75,75,75,75,75,75,75,75,75,75,75,75,75,75,75,75,75,75,75,75,75,75,75,75,75,75,75,75,75,75,75,75,75,75,75,75,75,75,75,75,75,75],"card_choices":[{"not_picked":["Cleave","Iron Wave"],"picked":"Ghostly Armor","floor":1.0},{"not_picked":["Seeing Red","Anger"],"picked":"Carnage","floor":7.0},{"not_picked":["Berserk","Metallicize"],"picked":"Demon Form","floor":11.0},{"not_picked":["Perfected Strike","Anger","Sentinel"],"picked":"SKIP","floor":12.0},{"not_picked":["Pommel Strike","Armaments"],"picked":"Inflame","floor":13.0},{"not_picked":["Brutality","Demon Form"],"picked":"Immolate","floor":16.0},{"not_picked":["Flex","Pommel Strike","Thunderclap"],"picked":"SKIP","floor":18.0},{"not_picked":["Twin Strike","Cleave+1","Headbutt"],"picked":"SKIP","floor":19.0},{"not_picked":["Anger","Clothesline"],"picked":"Havoc+1","floor":21.0},{"not_picked":["Iron Wave","Warcry"],"picked":"Body Slam","floor":24.0},{"not_picked":["Spot Weakness","Headbutt","Exhume"],"picked":"SKIP","floor":29.0},{"not_picked":["Exhume","Immolate"],"picked":"Limit Break","floor":33.0},{"not_picked":["Headbutt","Clothesline"],"picked":"True Grit","floor":35.0},{"not_picked":["Burning Pact","Clothesline"],"picked":"Shrug It Off+1","floor":41.0},{"not_picked":["Spot Weakness","Feed","Cleave"],"picked":"SKIP","floor":45.0}],"player_experience":1906601,"relics_obtained":[{"floor":7.0,"key":"Torii"},{"floor":9.0,"key":"Blood Vial"},{"floor":11.0,"key":"FossilizedHelix"},{"floor":13.0,"key":"Meat on the Bone"},{"floor":22.0,"key":"Red Mask"},{"floor":24.0,"key":"Juzu Bracelet"},{"floor":29.0,"key":"Girya"},{"floor":45.0,"key":"Potion Belt"},{"floor":45.0,"key":"Charon\u0027s Ashes"},{"floor":47.0,"key":"Dead Branch"}],"event_choices":[{"damage_healed":0.0,"max_hp_gain":0.0,"max_hp_loss":0.0,"gold_gain":75.0,"event_name":"World of Goop","player_choice":"Gather Gold","floor":3.0,"gold_loss":0.0,"damage_taken":11.0},{"damage_healed":0.0,"max_hp_gain":0.0,"max_hp_loss":0.0,"gold_gain":0.0,"event_name":"Liars Game","player_choice":"Ignored","floor":4.0,"gold_loss":0.0,"damage_taken":0.0},{"cards_removed":["Strike_R"],"damage_healed":0.0,"max_hp_gain":0.0,"max_hp_loss":0.0,"gold_gain":0.0,"event_name":"Living Wall","player_choice":"Forget","floor":5.0,"gold_loss":0.0,"damage_taken":0.0},{"cards_removed":["Strike_R"],"damage_healed":0.0,"max_hp_gain":0.0,"max_hp_loss":0.0,"gold_gain":0.0,"event_name":"The Cleric","player_choice":"Card Removal","floor":8.0,"gold_loss":75.0,"damage_taken":0.0},{"damage_healed":0.0,"max_hp_gain":0.0,"max_hp_loss":0.0,"gold_gain":0.0,"event_name":"Masked Bandits","player_choice":"Fought Bandits","floor":22.0,"gold_loss":0.0,"damage_taken":0.0},{"damage_healed":0.0,"max_hp_gain":0.0,"max_hp_loss":0.0,"gold_gain":50.0,"event_name":"Nest","player_choice":"Stole From Cult","floor":31.0,"gold_loss":0.0,"damage_taken":0.0},{"damage_healed":0.0,"max_hp_gain":0.0,"max_hp_loss":0.0,"gold_gain":50.0,"event_name":"FaceTrader","player_choice":"Touch","floor":37.0,"gold_loss":0.0,"damage_taken":7.0},{"damage_healed":0.0,"max_hp_gain":0.0,"max_hp_loss":0.0,"gold_gain":0.0,"event_name":"Match and Keep!","player_choice":"1 cards matched","floor":38.0,"gold_loss":0.0,"damage_taken":0.0,"cards_obtained":["Limit Break"]},{"damage_healed":0.0,"max_hp_gain":0.0,"max_hp_loss":0.0,"gold_gain":0.0,"event_name":"Mysterious Sphere","player_choice":"Ignored","floor":46.0,"gold_loss":0.0,"damage_taken":0.0},{"damage_healed":0.0,"max_hp_gain":0.0,"max_hp_loss":0.0,"gold_gain":0.0,"event_name":"MindBloom","player_choice":"Fight","floor":47.0,"gold_loss":0.0,"damage_taken":0.0}],"is_beta":false,"boss_relics":[{"not_picked":["Sozu","Eternal Feather"],"picked":"Cursed Key"},{"not_picked":["Snecko Eye","Runic Cube"],"picked":"Black Star"}],"items_purged_floors":[2,20,36],"is_endless":false,"potions_floor_spawned":[11,12,16,21,22,41,45,47],"killed_by":"Time Eater","ascension_level":20}