{"gold_per_floor":[110,260,260,22,35,35,69,69,96,96,106,86,86,117,117,190,190,210,220,220,250,270,270],"floor_reached":23,"playtime":604,"items_purged":["Decay"],"score":345,"play_id":"e5e8cf9e-f1ad-4c13-82cb-9d9c6bfe97a6","local_time":"20180921151310","is_ascension_mode":true,"campfire_choices":[{"data":"Sunder","floor":6.0,"key":"SMITH"},{"data":"Zap","floor":8.0,"key":"SMITH"},{"data":"Hyperbeam","floor":10.0,"key":"SMITH"},{"data":"Consume","floor":13.0,"key":"SMITH"},{"data":"Capacitor","floor":15.0,"key":"SMITH"}],"neow_cost":"CURSE","seed_source_timestamp":239096545442524,"circlet_count":0,"master_deck":["Strike_B","Strike_B","Strike_B","Strike_B","Defend_B","Defend_B","Defend_B","Defend_B","Zap+1","Dualcast","AscendersBane","Cold Snap","Capacitor+1","Leap","FTL","Sunder+1","Hyperbeam+1","Consume+1","Core Surge","Electrodynamics","Ball Lightning","Steam","Glacier","Conserve Battery","Cold Snap","Defragment","Loop","Defragment","Leap"],"special_seed":0,"relics":["Cracked Core","Cables","Blood Vial","Ancient Tea Set","Orrery","Red Mask"],"potions_floor_usage":[19,21],"damage_taken":[{"damage":15.0,"enemies":"Jaw Worm","floor":1.0,"turns":4.0},{"damage":0.0,"enemies":"Small Slimes","floor":5.0,"turns":3.0},{"damage":2.0,"enemies":"3 Sentries","floor":7.0,"turns":6.0},{"damage":0.0,"enemies":"2 Louse","floor":11.0,"turns":1.0},{"damage":34.0,"enemies":"Lagavulin","floor":14.0,"turns":6.0},{"damage":15.0,"enemies":"The Guardian","floor":16.0,"turns":10.0},{"damage":0,"enemies":"Chosen","floor":18,"turns":6},{"damage":5,"enemies":"Spheric Guardian","floor":19,"turns":3},{"damage":46,"floor":21,"turns":4},{"damage":12,"enemies":"Snecko","floor":22,"turns":5},{"damage":21,"enemies":"Book of Stabbing","floor":23,"turns":5}],"seed_played":"5689364189353295032","potions_obtained":[{"floor":1.0,"key":"Explosive Potion"},{"floor":7.0,"key":"SkillPotion"},{"floor":16.0,"key":"Swift Potion"}],"is_trial":false,"path_per_floor":["M","?","?","$","M","R","E","R","T","R","M","?","R","E","R","B",null,"M","M","?","?","M"],"character_chosen":"DEFECT","items_purchased":["Capacitor","Leap","FTL"],"campfire_rested":0,"item_purchase_floors":[4,4,4],"current_hp_per_floor":[63,63,63,63,63,63,61,61,61,61,63,63,63,31,31,18,68,70,67,67,23,13,0],"gold":270,"neow_bonus":"TWENTY_PERCENT_HP_BONUS","is_prod":false,"is_daily":false,"chose_seed":false,"campfire_upgraded":5,"win_rate":0,"timestamp":1537553590,"path_taken":["M","?","?","$","M","R","E","R","T","R","M","?","R","E","R","BOSS","M","M","?","?","M","E"],"build_version":"2018-07-12","purchased_purges":1,"victory":false,"max_hp_per_floor":[85,85,85,85,85,85,85,85,85,85,85,85,85,85,85,85,85,85,85,85,85,85,85],"card_choices":[{"not_picked":["Rebound","Blizzard"],"picked":"Cold Snap","floor":1.0},{"not_picked":["Glacier","Steam"],"picked":"Sunder","floor":5.0},{"not_picked":["Leap","Go for the Eyes"],"picked":"Hyperbeam","floor":7.0},{"not_picked":["Steam","Heatsinks"],"picked":"Consume","floor":11.0},{"not_picked":["Compile Driver","Hologram"],"picked":"Core Surge","floor":14.0},{"not_picked":["Meteor Strike","Buffer"],"picked":"Electrodynamics","floor":16.0},{"not_picked":["Barrage","Coolheaded"],"picked":"Ball Lightning","floor":17.0},{"not_picked":["Consume","Go for the Eyes"],"picked":"Steam","floor":17.0},{"not_picked":["Streamline","Steam Power"],"picked":"Glacier","floor":17.0},{"not_picked":["Recycle","Gash"],"picked":"Conserve Battery","floor":17.0},{"not_picked":["Steam","Turbo"],"picked":"Cold Snap","floor":17.0},{"not_picked":["Conserve Battery","Storm"],"picked":"Defragment","floor":18},{"not_picked":["Undo","Go for the Eyes"],"picked":"Loop","floor":19},{"not_picked":["All For One","FTL"],"picked":"Defragment","floor":21},{"not_picked":["Steam","Heatsinks"],"picked":"Leap","floor":22}],"player_experience":847870,"relics_obtained":[{"floor":7.0,"key":"Cables"},{"floor":9.0,"key":"Blood Vial"},{"floor":14.0,"key":"Ancient Tea Set"},{"floor":21,"key":"Red Mask"}],"event_choices":[{"event_name":"Liars Game","player_choice":"agreed","floor":2.0,"damage_taken":0.0},{"event_name":"Living Wall","player_choice":"Forget","floor":3.0,"damage_taken":0.0},{"event_name":"The Woman in Blue","player_choice":"Bought 1 Potion","floor":12.0,"damage_taken":0.0},{"event_name":"Ghosts","player_choice":"Ignored","floor":20,"damage_taken":0},{"event_name":"Masked Bandits","player_choice":"Fought over 220 gold","floor":21,"damage_taken":0}],"boss_relics":[{"not_picked":["Tiny House","Empty Cage"],"picked":"Orrery"}],"items_purged_floors":[4],"is_endless":false,"potions_floor_spawned":[1,7,16,18],"killed_by":"Book of Stabbing","ascension_level":15}