{"gold_per_floor":[114,134,151,2,12,46,61,61,61,88,88,88],"floor_reached":12,"playtime":464,"items_purged":[],"score":180,"play_id":"4b5c9d61-b3a4-4001-8765-b6e7475e4e6e","local_time":"20190224215620","is_ascension_mode":true,"campfire_choices":[{"data":"Immolate","floor":8.0,"key":"SMITH"}],"neow_cost":"NONE","seed_source_timestamp":343340100146565,"circlet_count":0,"master_deck":["AscendersBane","Strike_R","Strike_R","Strike_R","Strike_R","Strike_R","Defend_R","Defend_R","Defend_R","Defend_R","Bash","Demon Form","Pommel Strike","Flex","Immolate+1","True Grit","Feel No Pain","Burning Pact","Injury","Clumsy","Reaper","Havoc"],"special_seed":0,"relics":["Burning Blood","Dead Branch","Blue Candle","Bottled Tornado"],"potions_floor_usage":[],"damage_taken":[{"damage":12.0,"enemies":"Cultist","floor":1.0,"turns":4.0},{"damage":0.0,"enemies":"2 Louse","floor":2.0,"turns":4.0},{"damage":9.0,"enemies":"Jaw Worm","floor":3.0,"turns":3.0},{"damage":16.0,"enemies":"Lots of Slimes","floor":5.0,"turns":3.0},{"damage":31.0,"enemies":"Gremlin Nob","floor":6.0,"turns":4.0},{"damage":0.0,"enemies":"Gremlin Gang","floor":7.0,"turns":1.0},{"damage":27.0,"enemies":"Lagavulin","floor":10.0,"turns":9.0},{"damage":7,"enemies":"Gremlin Nob","floor":12,"turns":3}],"seed_played":"-1336574784176468045","potions_obtained":[{"floor":5.0,"key":"GamblersBrew"},{"floor":6.0,"key":"EssenceOfSteel"},{"floor":10.0,"key":"LiquidBronze"}],"is_trial":false,"path_per_floor":["M","M","M","$","M","E","M","R","T","E","?","E"],"character_chosen":"IRONCLAD","items_purchased":["Immolate"],"campfire_rested":0,"item_purchase_floors":[4],"current_hp_per_floor":[62,68,65,65,55,30,36,36,36,15,15,8],"gold":88,"neow_bonus":"ONE_RANDOM_RARE_CARD","is_prod":false,"is_daily":false,"chose_seed":false,"campfire_upgraded":1,"win_rate":0,"timestamp":1551016580,"path_taken":["M","M","?","$","M","E","M","R","T","E","?","E"],"build_version":"2019-01-23","purchased_purges":0,"victory":false,"max_hp_per_floor":[75,75,75,75,75,75,75,75,75,75,75,75],"card_choices":[{"not_picked":["Sword Boomerang","Anger"],"picked":"Pommel Strike","floor":1.0},{"not_picked":["Perfected Strike","Twin Strike"],"picked":"Flex","floor":2.0},{"not_picked":["Thunderclap","Wild Strike","Heavy Blade"],"picked":"SKIP","floor":3.0},{"not_picked":["Exhume","Headbutt","Spot Weakness"],"picked":"SKIP","floor":5.0},{"not_picked":["Thunderclap","Burning Pact"],"picked":"True Grit","floor":6.0},{"not_picked":["Sword Boomerang","Dropkick"],"picked":"Feel No Pain","floor":7.0},{"not_picked":["Perfected Strike","Blood for Blood"],"picked":"Burning Pact","floor":10.0}],"player_experience":1044696,"relics_obtained":[{"floor":6.0,"key":"Dead Branch"},{"floor":9.0,"key":"Blue Candle"},{"floor":10.0,"key":"Bottled Tornado"}],"event_choices":[{"damage_healed":0.0,"max_hp_gain":0.0,"max_hp_loss":0.0,"gold_gain":0.0,"event_name":"Match and Keep!","player_choice":"4 cards matched","floor":11.0,"gold_loss":0.0,"damage_taken":0.0,"cards_obtained":["Injury","Clumsy","Reaper","Havoc"]},{"damage_healed":0.0,"max_hp_gain":0.0,"max_hp_loss":0.0,"gold_gain":0.0,"event_name":"Match and Keep!","player_choice":"4 cards matched","floor":11.0,"gold_loss":0.0,"damage_taken":0.0,"cards_obtained":["Injury","Clumsy","Reaper","Havoc"]}],"is_beta":false,"boss_relics":[],"items_purged_floors":[],"is_endless":false,"potions_floor_spawned":[5,6,10],"killed_by":"Gremlin Nob","ascension_level":20}