{"gold_per_floor":[13,28,46,61,136,162,162,195,195,210,210,210,228,251,251,354,354,372,372,42,56,56,56,82,82,82,101,101,133,133,143,143,242,242,259,259,37,54,64,64,95,106,106,106,106,124,124,144,144,144],"floor_reached":51,"playtime":1918,"items_purged":[],"score":912,"play_id":"8f568554-1fab-485f-9c72-9c5de1996654","local_time":"20180803010913","is_ascension_mode":true,"campfire_choices":[{"data":"Sunder","floor":7,"key":"SMITH"},{"floor":12,"key":"REST"},{"data":"Go for the Eyes","floor":15,"key":"SMITH"},{"data":"Coolheaded","floor":23,"key":"SMITH"},{"floor":28,"key":"REST"},{"data":"Static Discharge","floor":32,"key":"SMITH"},{"data":"Capacitor","floor":40,"key":"SMITH"},{"data":"Buffer","floor":44,"key":"SMITH"},{"data":"Loop","floor":47,"key":"SMITH"},{"data":"Heatsinks","floor":49,"key":"SMITH"}],"neow_cost":"NO_GOLD","seed_source_timestamp":26278451681548,"circlet_count":0,"master_deck":["Strike_B","Strike_B","Strike_B","Defend_B","Defend_B","Defend_B","Defend_B","Zap+1","Dualcast","Sunder+1","Rip and Tear","Static Discharge+1","Cold Snap","Leap","Go for the Eyes+1","Coolheaded+1","Cold Snap","Thunder Strike","Undo","Force Field","Defragment+1","Double Energy+1","Ball Lightning+1","Force Field","Auto Shields","Creative AI","Buffer+1","Ball Lightning+1","Capacitor+1","Streamline+1","Force Field+1","Auto Shields+1","Writhe","Loop+1","Heatsinks+1"],"relics":["Cracked Core","Bird Faced Urn","Dodecahedron","Cables","Ornamental Fan","Bag of Marbles","Snecko Eye","Meat on the Bone","FaceOfCleric","Singing Bowl","Letter Opener","Bottled Flame","Pantograph","Cursed Key","Oddly Smooth Stone","Prayer Wheel"],"potions_floor_usage":[16,24,33,41,41],"damage_taken":[{"damage":2,"enemies":"Jaw Worm","floor":1,"turns":3},{"damage":2,"enemies":"Small Slimes","floor":2,"turns":2},{"damage":3,"enemies":"2 Louse","floor":3,"turns":2},{"damage":0,"enemies":"Large Slime","floor":4,"turns":4},{"damage":24,"enemies":"Gremlin Nob","floor":6,"turns":4},{"damage":2,"enemies":"3 Sentries","floor":8,"turns":7},{"damage":6,"enemies":"2 Fungi Beasts","floor":10,"turns":2},{"damage":0,"enemies":"Blue Slaver","floor":13,"turns":3},{"damage":1,"enemies":"Slime Boss","floor":16,"turns":10},{"damage":12,"enemies":"Shell Parasite","floor":18,"turns":6},{"damage":0,"enemies":"2 Thieves","floor":21,"turns":2},{"damage":21,"enemies":"Slavers","floor":24,"turns":7},{"damage":8,"enemies":"Cultist and Chosen","floor":27,"turns":4},{"damage":10,"enemies":"Gremlin Leader","floor":29,"turns":6},{"damage":6,"enemies":"Snake Plant","floor":31,"turns":3},{"damage":32,"enemies":"Champ","floor":33,"turns":10},{"damage":0,"enemies":"Orb Walker","floor":35,"turns":3},{"damage":0,"enemies":"3 Darklings","floor":38,"turns":4},{"damage":1,"enemies":"Spire Growth","floor":39,"turns":3},{"damage":6,"enemies":"2 Orb Walkers","floor":41,"turns":5},{"damage":5,"enemies":"Flame Bruiser 2 Orb","floor":42,"turns":4},{"damage":3,"enemies":"Transient","floor":46,"turns":5},{"damage":14,"enemies":"3 Darklings","floor":48,"turns":4},{"damage":70,"enemies":"Donu and Deca","floor":50,"turns":10}],"seed_played":"-4502182355534412542","potions_obtained":[{"floor":3,"key":"Weak Potion"},{"floor":10,"key":"AttackPotion"},{"floor":13,"key":"FearPotion"},{"floor":16,"key":"Strength Potion"},{"floor":29,"key":"PowerPotion"},{"floor":31,"key":"Poison Potion"},{"floor":35,"key":"SteroidPotion"},{"floor":39,"key":"AttackPotion"},{"floor":46,"key":"Fire Potion"}],"is_trial":false,"path_per_floor":["M","M","M","M","?","E","R","E","T","M","?","R","M","T","R","B",null,"M","?","$","M","?","R","E","T","T","M","R","E","?","M","R","B",null,"M","?","$","M","M","R","E","M","T","R","?","M","R","M","R","B"],"character_chosen":"DEFECT","items_purchased":["Force Field","Meat on the Bone","Oddly Smooth Stone","Capacitor"],"campfire_rested":2,"item_purchase_floors":[20,20,37,37],"current_hp_per_floor":[73,71,68,70,59,37,37,35,35,29,29,51,51,51,51,52,75,63,63,63,65,65,65,47,47,47,44,67,62,62,57,57,80,80,81,81,81,84,87,87,88,89,89,89,89,87,87,88,88,56],"gold":144,"neow_bonus":"ONE_RARE_RELIC","is_prod":false,"is_daily":false,"chose_seed":false,"campfire_upgraded":8,"win_rate":0,"timestamp":1533269353,"path_taken":["M","M","M","M","?","E","R","E","T","M","?","R","M","?","R","BOSS","M","?","$","?","?","R","E","?","T","M","R","E","?","M","R","BOSS","M","?","$","M","M","R","E","?","T","R","?","M","R","M","R","BOSS"],"build_version":"2018-07-12","purchased_purges":0,"victory":true,"max_hp_per_floor":[75,75,75,75,75,75,75,75,75,75,75,75,75,75,75,75,75,75,75,75,75,75,75,76,76,76,77,77,78,78,79,79,80,80,81,81,81,84,87,87,88,89,89,89,89,90,90,91,91,92],"card_choices":[{"not_picked":["Conserve Battery","Compile Driver"],"picked":"Sunder","floor":1},{"not_picked":["Beam Cell","Lockon"],"picked":"Rip and Tear","floor":2},{"not_picked":["Compile Driver","Double Energy"],"picked":"Static Discharge","floor":3},{"not_picked":["Lockon","Amplify"],"picked":"Cold Snap","floor":4},{"not_picked":["Hologram","Reinforced Body"],"picked":"Leap","floor":6},{"not_picked":["Static Discharge","Chill"],"picked":"Go for the Eyes","floor":8},{"not_picked":["Hologram","Compile Driver"],"picked":"Coolheaded","floor":10},{"not_picked":["Barrage","Self Repair"],"picked":"Cold Snap","floor":13},{"not_picked":["Creative AI","Machine Learning"],"picked":"Thunder Strike","floor":16},{"not_picked":["Steam+1","Barrage"],"picked":"Undo","floor":18},{"not_picked":["Ball Lightning","Rebound"],"picked":"Defragment+1","floor":21},{"not_picked":["Sweeping Beam+1","Loop"],"picked":"Double Energy+1","floor":24},{"not_picked":["Barrage","Conserve Battery"],"picked":"Ball Lightning+1","floor":27},{"not_picked":["Redo","Ball Lightning"],"picked":"Force Field","floor":29},{"not_picked":["Force Field+1","Coolheaded"],"picked":"Creative AI","floor":31},{"not_picked":["Hyperbeam","Creative AI"],"picked":"Buffer","floor":33},{"not_picked":["Gash+1","Recycle+1"],"picked":"Ball Lightning+1","floor":35},{"not_picked":["Chill+1","Aggregate+1","Conserve Battery"],"picked":"Singing Bowl","floor":38},{"not_picked":["Hologram","Go for the Eyes","Gash"],"picked":"Singing Bowl","floor":39},{"not_picked":["Darkness+1","Rebound"],"picked":"Streamline+1","floor":41},{"not_picked":["Tempest","Reprogram"],"picked":"Force Field+1","floor":42},{"not_picked":["Gash+1","Ball Lightning+1"],"picked":"Auto Shields+1","floor":42},{"not_picked":["Rebound","Ball Lightning+1"],"picked":"Loop","floor":46},{"not_picked":["Turbo","Go for the Eyes","Sunder+1"],"picked":"SKIP","floor":46},{"not_picked":["Redo+1","Beam Cell"],"picked":"Heatsinks","floor":48},{"not_picked":["Go for the Eyes+1","Auto Shields","Rebound+1"],"picked":"SKIP","floor":48}],"player_experience":432322,"relics_obtained":[{"floor":6,"key":"Dodecahedron"},{"floor":8,"key":"Cables"},{"floor":9,"key":"Ornamental Fan"},{"floor":14,"key":"Bag of Marbles"},{"floor":24,"key":"Singing Bowl"},{"floor":25,"key":"Letter Opener"},{"floor":26,"key":"Bottled Flame"},{"floor":29,"key":"Pantograph"},{"floor":41,"key":"Prayer Wheel"}],"event_choices":[{"event_name":"World of Goop","player_choice":"Gather Gold","floor":5,"damage_taken":0},{"event_name":"Living Wall","player_choice":"Grow","floor":11,"damage_taken":0},{"event_name":"Drug Dealer","player_choice":"Ignored","floor":19,"damage_taken":0},{"event_name":"FaceTrader","player_choice":"Trade","floor":22,"damage_taken":0},{"event_name":"Transmorgrifier","player_choice":"Transform","floor":30,"damage_taken":0},{"event_name":"Tomb of Lord Red Mask","player_choice":"Ignored","floor":36,"damage_taken":0},{"event_name":"Winding Halls","player_choice":"Writhe","floor":45,"damage_taken":0}],"boss_relics":[{"not_picked":["Tiny House","Philosopher\u0027s Stone"],"picked":"Snecko Eye"},{"not_picked":["Nuclear Battery","White Beast Statue"],"picked":"Cursed Key"}],"items_purged_floors":[],"is_endless":false,"potions_floor_spawned":[3,10,13,16,29,31,35,39,46],"ascension_level":4}