{"path_per_floor":["M","?","M","M","M","R","E","R","T","M","E","M","R","M","R","B",null,"M","M","$","M","M","R","M","R","T","?","E","R","?","E","R","B",null,"M"],"character_chosen":"DEFECT","items_purchased":[],"gold_per_floor":[112,112,124,134,147,147,176,176,176,161,192,206,206,223,223,321,321,336,326,251,266,278,278,292,292,292,292,324,324,324,353,353,455,455,473,473],"floor_reached":36,"campfire_rested":3,"playtime":2770,"item_purchase_floors":[],"current_hp_per_floor":[75,89,80,77,46,46,19,45,45,30,15,12,40,27,27,2,96,71,46,46,31,11,11,5,33,33,33,30,30,30,30,30,25,48,15,0],"items_purged":["Regret"],"gold":473,"score":557,"play_id":"c3437e59-b699-4646-8df2-55b1f2ad4e1f","local_time":"20180609091411","is_prod":false,"is_daily":false,"chose_seed":false,"is_ascension_mode":true,"campfire_upgraded":5,"win_rate":0,"timestamp":1528553651,"campfire_choices":[{"data":"Zap","floor":6,"key":"SMITH"},{"floor":8,"key":"REST"},{"floor":13,"key":"REST"},{"data":"Creative AI","floor":15,"key":"SMITH"},{"data":"Dualcast","floor":23,"key":"SMITH"},{"floor":25,"key":"REST"},{"data":"Thunder Strike","floor":29,"key":"SMITH"},{"data":"Defragment","floor":32,"key":"SMITH"}],"path_taken":["M","?","?","M","M","R","E","R","T","M","E","M","R","M","R","BOSS","M","M","$","M","M","R","M","R","T","?","E","R","?","E","R","BOSS","M","?"],"build_version":"2018-06-08","seed_source_timestamp":15343614965880,"purchased_purges":1,"victory":false,"master_deck":["Strike_B","Strike_B","Strike_B","Strike_B","Defend_B","Defend_B","Defend_B","Defend_B","Zap+1","Dualcast+1","Amplify","Tempest","Go for the Eyes","Conserve Battery","Hologram+1","Creative AI+1","Defragment+1","Recycle+1","Thunder Strike+1","Redo+1","Hologram+1","Leap+1","Consume+1","Ghostly+1","Ghostly+1","Ghostly+1","Ghostly+1","Ghostly+1","Reprogram+1","Hello World","Reboot+1","Capacitor+1","Hologram+1","Hello World","Tempest+1","Turbo+1"],"max_hp_per_floor":[75,89,89,89,89,89,89,89,89,89,96,96,96,96,96,96,96,96,96,96,96,96,96,96,96,96,48,48,48,48,48,48,48,48,48,48],"relics":["Cracked Core","Mango","Mummified Hand","Toxic Egg 2","Strawberry","Nuclear Battery","Girya","Smiling Mask","Anchor","Orrery"],"card_choices":[{"not_picked":["Doom and Gloom","Streamline","Barrage"],"picked":"SKIP","floor":1},{"not_picked":["Doom and Gloom","Streamline","Barrage"],"picked":"SKIP","floor":1},{"not_picked":["Stack","Coolheaded"],"picked":"Amplify","floor":3},{"not_picked":["Compile Driver","Beam Cell"],"picked":"Tempest","floor":4},{"not_picked":["Redo","Sweeping Beam"],"picked":"Go for the Eyes","floor":5},{"not_picked":["Streamline","Gash"],"picked":"Conserve Battery","floor":7},{"not_picked":["Ball Lightning","Defragment"],"picked":"Hologram+1","floor":10},{"not_picked":["Compile Driver","Melter"],"picked":"Creative AI","floor":11},{"not_picked":["Compile Driver","Auto Shields+1"],"picked":"Defragment","floor":12},{"not_picked":["Rip and Tear","Beam Cell"],"picked":"Recycle+1","floor":14},{"not_picked":["Hyperbeam","Reboot+1"],"picked":"Thunder Strike","floor":16},{"not_picked":["Defragment","Melter"],"picked":"Redo+1","floor":18},{"not_picked":["Beam Cell","Tempest+1"],"picked":"Hologram+1","floor":19},{"not_picked":["Loop","Streamline"],"picked":"Leap+1","floor":21},{"not_picked":["Hologram+1","Barrage","Undo+1"],"picked":"SKIP","floor":22},{"not_picked":["Doom and Gloom","Redo+1"],"picked":"Consume+1","floor":24},{"not_picked":["Redo+1","Recycle+1"],"picked":"Reprogram+1","floor":28},{"not_picked":["Hyperbeam","Steam+1"],"picked":"Hello World","floor":31},{"not_picked":["Core Surge","Rainbow+1"],"picked":"Reboot+1","floor":33},{"not_picked":["Rebound","Sunder"],"picked":"Capacitor+1","floor":34},{"not_picked":["Self Repair","Barrage"],"picked":"Hologram+1","floor":34},{"not_picked":["Streamline","Leap+1"],"picked":"Hello World","floor":34},{"not_picked":["FTL","Stack+1"],"picked":"Tempest+1","floor":34},{"not_picked":["Coolheaded+1","Ball Lightning"],"picked":"Turbo+1","floor":35}],"player_experience":211315,"potions_floor_usage":[11,33,35,36],"damage_taken":[{"damage":0,"enemies":"2 Louse","floor":1,"turns":1},{"damage":9,"enemies":"Small Slimes","floor":3,"turns":4},{"damage":3,"enemies":"Cultist","floor":4,"turns":4},{"damage":31,"enemies":"Lots of Slimes","floor":5,"turns":6},{"damage":27,"enemies":"Gremlin Nob","floor":7,"turns":4},{"damage":15,"enemies":"Exordium Thugs","floor":10,"turns":4},{"damage":22,"enemies":"3 Sentries","floor":11,"turns":6},{"damage":3,"enemies":"Looter","floor":12,"turns":3},{"damage":13,"enemies":"2 Fungi Beasts","floor":14,"turns":4},{"damage":25,"enemies":"Slime Boss","floor":16,"turns":6},{"damage":25,"enemies":"Shell Parasite","floor":18,"turns":4},{"damage":25,"enemies":"2 Thieves","floor":19,"turns":4},{"damage":15,"enemies":"Snecko","floor":21,"turns":4},{"damage":20,"enemies":"Snake Plant","floor":22,"turns":4},{"damage":6,"enemies":"Cultist and Chosen","floor":24,"turns":5},{"damage":3,"enemies":"Book of Stabbing","floor":28,"turns":6},{"damage":0,"enemies":"Gremlin Leader","floor":31,"turns":10},{"damage":5,"enemies":"Collector","floor":33,"turns":11},{"damage":33,"enemies":"3 Darklings","floor":35,"turns":6},{"damage":21,"floor":36,"turns":3}],"relics_obtained":[{"floor":7,"key":"Mummified Hand"},{"floor":9,"key":"Toxic Egg 2"},{"floor":11,"key":"Strawberry"},{"floor":26,"key":"Girya"},{"floor":28,"key":"Smiling Mask"},{"floor":31,"key":"Anchor"}],"event_choices":[{"event_name":"Big Fish","player_choice":"Box","floor":2,"damage_taken":0},{"event_name":"Ghosts","player_choice":"Became a Ghost","floor":27,"damage_taken":0},{"event_name":"Drug Dealer","player_choice":"Ignored","floor":30,"damage_taken":0},{"event_name":"Mysterious Sphere","player_choice":"Fight","floor":36,"damage_taken":0}],"boss_relics":[{"not_picked":["Runic Dome","Cursed Key"],"picked":"Nuclear Battery"},{"not_picked":["White Beast Statue","Inserter"],"picked":"Orrery"}],"items_purged_floors":[20],"potions_floor_spawned":[1,3,10,18,28,31,33,35],"seed_played":"3052557661238983561","ascension_level":3,"potions_obtained":[{"floor":1,"key":"FocusPotion"},{"floor":3,"key":"EssenceOfSteel"},{"floor":10,"key":"PowerPotion"},{"floor":18,"key":"SteroidPotion"},{"floor":31,"key":"Weak Potion"},{"floor":33,"key":"Fire Potion"},{"floor":35,"key":"Ancient Potion"}],"is_trial":false}