{"gold_per_floor":[113,126,146,165,115,115,147,322,322,322,322],"floor_reached":11,"playtime":332,"items_purged":[],"score":110,"play_id":"d710adc6-0555-44b7-bb16-785e526e52a5","local_time":"20190514182243","is_ascension_mode":true,"campfire_choices":[{"data":"Bash","floor":6,"key":"SMITH"}],"neow_cost":"NONE","seed_source_timestamp":1412369904538530,"circlet_count":0,"master_deck":["AscendersBane","Strike_R","Strike_R","Strike_R","Strike_R","Strike_R","Defend_R","Defend_R+1","Defend_R+1","Bash+1","Headbutt","Corruption","Disarm","Burning Pact","Inflame","Doubt"],"relics":["Burning Blood","Blue Candle","Question Card","War Paint"],"potions_floor_usage":[],"damage_taken":[{"damage":1,"enemies":"Cultist","floor":1,"turns":4},{"damage":16,"enemies":"Jaw Worm","floor":2,"turns":4},{"damage":0,"enemies":"Small Slimes","floor":3,"turns":3},{"damage":11,"enemies":"2 Fungi Beasts","floor":4,"turns":4},{"damage":52,"enemies":"Lagavulin","floor":7,"turns":8},{"damage":16,"enemies":"Exordium Thugs","floor":11,"turns":3}],"seed_played":"-3241220134542459339","potions_obtained":[{"floor":3,"key":"LiquidBronze"}],"is_trial":false,"path_per_floor":["M","M","M","M","?","R","E","?","T","?","M"],"character_chosen":"IRONCLAD","items_purchased":[],"campfire_rested":0,"item_purchase_floors":[],"current_hp_per_floor":[85,75,81,76,76,76,30,30,30,12,0],"gold":322,"neow_bonus":"TEN_PERCENT_HP_BONUS","is_prod":false,"is_daily":false,"chose_seed":false,"campfire_upgraded":1,"win_rate":0,"timestamp":1557872563,"path_taken":["M","M","?","M","?","R","E","?","T","?","M"],"build_version":"2019-01-23","purchased_purges":0,"victory":false,"max_hp_per_floor":[88,88,88,88,88,88,88,88,88,88,88],"card_choices":[{"not_picked":["Flex","Shrug It Off"],"picked":"Headbutt","floor":1},{"not_picked":["Evolve","Heavy Blade"],"picked":"Corruption","floor":2},{"not_picked":["Flex","Headbutt"],"picked":"Disarm","floor":3},{"not_picked":["Flex","Perfected Strike"],"picked":"Burning Pact","floor":4},{"not_picked":["Thunderclap","Infernal Blade"],"picked":"Inflame","floor":7}],"player_experience":244320,"relics_obtained":[{"floor":7,"key":"Blue Candle"},{"floor":9,"key":"Question Card"}],"event_choices":[{"cards_removed":["Defend_R"],"damage_healed":0,"gold_gain":0,"player_choice":"Card Removal","damage_taken":0,"max_hp_gain":0,"max_hp_loss":0,"event_name":"The Cleric","floor":5,"gold_loss":50},{"damage_healed":0,"gold_gain":175,"player_choice":"AGREE","damage_taken":0,"max_hp_gain":0,"max_hp_loss":0,"event_name":"Liars Game","floor":8,"gold_loss":0,"cards_obtained":["Doubt"]},{"damage_healed":0,"gold_gain":0,"player_choice":"Success","damage_taken":18,"relics_obtained":["War Paint"],"max_hp_gain":0,"max_hp_loss":0,"event_name":"Scrap Ooze","floor":10,"gold_loss":0}],"is_beta":false,"boss_relics":[],"items_purged_floors":[],"is_endless":false,"potions_floor_spawned":[3],"killed_by":"Exordium Thugs","ascension_level":10}