{"gold_per_floor":[219,229,239,389,98,98,133,151,151,185,245,255,255,255,255,327,327,346,365,132,148,163,163,189,189,212,212,237,162,162,175,175,252,252,268,268,286,1285,1285,1319,1319,1346,1346,1346,1357,1376,1388,1401,1401,1401,1401,1401,1401,302,331,331],"floor_reached":57,"playtime":3783,"items_purged":["Doubt","Strike_R","Strike_R"],"score":2799,"play_id":"7b026b41-1ce1-4e2c-b3d1-837b3636eee6","local_time":"20190512122121","is_ascension_mode":true,"campfire_choices":[{"data":"Immolate","floor":6.0,"key":"SMITH"},{"data":"Armaments","floor":13.0,"key":"SMITH"},{"data":"Demon Form","floor":15.0,"key":"SMITH"},{"data":"Dark Embrace","floor":23.0,"key":"SMITH"},{"data":"Body Slam","floor":25.0,"key":"SMITH"},{"data":"Feel No Pain","floor":27.0,"key":"SMITH"},{"data":"Second Wind","floor":32.0,"key":"SMITH"},{"data":"Power Through","floor":41.0,"key":"SMITH"},{"floor":44.0,"key":"REST"},{"floor":49.0,"key":"RECALL"},{"data":"Defend_R","floor":53.0,"key":"SMITH"}],"neow_cost":"NONE","seed_source_timestamp":1474209408773331,"circlet_count":0,"master_deck":["AscendersBane","Strike_R+1","Defend_R","Defend_R+1","Defend_R+1","Defend_R+1","Bash+1","Armaments+1","Power Through+1","Second Wind+1","Immolate+1","Demon Form+1","Shrug It Off+1","True Grit+1","Limit Break+1","Dark Embrace+1","Warcry+1","Feel No Pain+1","Burning Pact+1","Body Slam+1","Sentinel+1","Normality","Normality","True Grit+1","Burning Pact+1","Impatience+1"],"special_seed":0,"relics":["Burning Blood","Bottled Lightning","Toxic Egg 2","Kunai","Matryoshka","Sozu","Whetstone","Red Skull","Oddly Smooth Stone","Lantern","Runic Pyramid","Paper Frog","Happy Flower","War Paint","Medical Kit","Unceasing Top","Pocketwatch","Strawberry"],"potions_floor_usage":[],"damage_taken":[{"damage":2.0,"enemies":"2 Louse","floor":1.0,"turns":3.0},{"damage":12.0,"enemies":"Small Slimes","floor":2.0,"turns":5.0},{"damage":2.0,"enemies":"Cultist","floor":3.0,"turns":4.0},{"damage":5.0,"enemies":"3 Sentries","floor":7.0,"turns":4.0},{"damage":3.0,"enemies":"Blue Slaver","floor":8.0,"turns":4.0},{"damage":32.0,"enemies":"Gremlin Nob","floor":10.0,"turns":4.0},{"damage":40.0,"enemies":"Gremlin Nob","floor":11.0,"turns":5.0},{"damage":0.0,"enemies":"Looter","floor":12.0,"turns":3.0},{"damage":0.0,"enemies":"Hexaghost","floor":16.0,"turns":8.0},{"damage":0.0,"enemies":"Chosen","floor":18.0,"turns":6.0},{"damage":0.0,"enemies":"3 Byrds","floor":19.0,"turns":4.0},{"damage":16.0,"enemies":"Snake Plant","floor":21.0,"turns":11.0},{"damage":18.0,"enemies":"Centurion and Healer","floor":22.0,"turns":9.0},{"damage":30.0,"enemies":"Gremlin Leader","floor":24.0,"turns":5.0},{"damage":9.0,"enemies":"Slavers","floor":28.0,"turns":6.0},{"damage":0.0,"enemies":"3 Cultists","floor":31.0,"turns":4.0},{"damage":1.0,"enemies":"Automaton","floor":33.0,"turns":7.0},{"damage":0.0,"enemies":"Orb Walker","floor":35.0,"turns":3.0},{"damage":5.0,"enemies":"3 Darklings","floor":37.0,"turns":3.0},{"damage":15.0,"enemies":"Nemesis","floor":40.0,"turns":5.0},{"damage":45.0,"enemies":"Reptomancer","floor":42.0,"turns":7.0},{"damage":8.0,"enemies":"Jaw Worm Horde","floor":45.0,"turns":4.0},{"damage":0.0,"enemies":"Sphere and 2 Shapes","floor":46.0,"turns":4.0},{"damage":11.0,"enemies":"4 Shapes","floor":47.0,"turns":4.0},{"damage":0.0,"enemies":"Transient","floor":48.0,"turns":6.0},{"damage":2.0,"enemies":"Time Eater","floor":50.0,"turns":9.0},{"damage":6.0,"enemies":"Donu and Deca","floor":51.0,"turns":6.0},{"damage":29.0,"enemies":"Shield and Spear","floor":55.0,"turns":5.0},{"damage":39,"enemies":"The Heart","floor":56,"turns":7}],"seed_played":"594853221141114813","potions_obtained":[{"floor":2.0,"key":"PowerPotion"},{"floor":7.0,"key":"Explosive Potion"},{"floor":8.0,"key":"Fire Potion"}],"is_trial":false,"path_per_floor":["M","M","M","?","$","R","E","M","T","E","?","M","R","?","R","B",null,"M","M","$","M","M","R","E","R","T","R","E","?","?","M","R","B",null,"M","?","M","?","?","E","R","E","T","R","M","M","M","M","R","B","B",null,"R","$","E","B",null],"character_chosen":"IRONCLAD","items_purchased":["Second Wind","Immolate","Fire Potion","Warcry+1","Feel No Pain","Medical Kit","Unceasing Top","Pocketwatch","Impatience+1"],"campfire_rested":1,"item_purchase_floors":[5,5,5,20,20,54,54,54,54],"current_hp_per_floor":[72,66,70,70,70,70,71,74,74,48,14,20,20,20,20,26,63,69,75,75,65,53,53,29,29,29,29,26,26,26,32,32,37,66,72,71,71,71,71,62,62,23,23,44,42,48,43,49,49,53,53,67,67,67,51,18],"gold":331,"neow_bonus":"HUNDRED_GOLD","is_prod":false,"is_daily":false,"chose_seed":true,"campfire_upgraded":9,"win_rate":0,"timestamp":1557634881,"path_taken":["M","M","M","?","$","R","E","M","T","E","?","M","R","?","R","BOSS","M","M","$","?","M","R","E","R","T","R","E","?","?","M","R","BOSS","M","?","M","?","?","E","R","E","T","R","M","M","M","M","R","BOSS","BOSS","R","$","E","BOSS"],"build_version":"2019-01-23","purchased_purges":3,"victory":true,"max_hp_per_floor":[75,75,75,75,75,75,75,75,75,75,75,75,75,75,75,75,75,75,75,75,75,75,75,75,75,75,75,75,75,75,75,75,75,75,75,71,71,71,71,71,71,71,71,71,71,71,71,71,71,71,71,71,71,71,78,78],"card_choices":[{"not_picked":["Havoc","Searing Blow"],"picked":"Armaments","floor":1.0},{"not_picked":["True Grit","Warcry","Clash"],"picked":"SKIP","floor":2.0},{"not_picked":["Flame Barrier","Heavy Blade"],"picked":"Power Through","floor":3.0},{"not_picked":["Disarm","Ghostly Armor"],"picked":"Demon Form","floor":7.0},{"not_picked":["Metallicize","Intimidate","Warcry"],"picked":"SKIP","floor":8.0},{"not_picked":["Searing Blow","Clothesline"],"picked":"Shrug It Off+1","floor":10.0},{"not_picked":["Pommel Strike","Thunderclap"],"picked":"True Grit+1","floor":11.0},{"not_picked":["Twin Strike","Headbutt"],"picked":"Limit Break+1","floor":12.0},{"not_picked":["Feed","Berserk"],"picked":"Dark Embrace","floor":16.0},{"not_picked":["Ghostly Armor+1","Sword Boomerang","Wild Strike"],"picked":"SKIP","floor":18.0},{"not_picked":["Heavy Blade","Flame Barrier+1","Armaments+1"],"picked":"SKIP","floor":19.0},{"not_picked":["Whirlwind","Perfected Strike","Thunderclap"],"picked":"SKIP","floor":21.0},{"not_picked":["Whirlwind","Perfected Strike","Thunderclap"],"picked":"SKIP","floor":21.0},{"not_picked":["Second Wind+1","Armaments+1"],"picked":"Burning Pact+1","floor":22.0},{"not_picked":["Shockwave+1","Second Wind+1"],"picked":"Body Slam","floor":24.0},{"not_picked":["Disarm+1","Fiend Fire","Anger"],"picked":"SKIP","floor":28.0},{"not_picked":["Sentinel+1","Body Slam","Rampage"],"picked":"SKIP","floor":31.0},{"not_picked":["Body Slam","Rampage"],"picked":"Sentinel+1","floor":31.0},{"not_picked":["Clash+1","Body Slam+1","Fire Breathing"],"picked":"SKIP","floor":35.0},{"not_picked":["Iron Wave+1","Metallicize+1","Shrug It Off+1"],"picked":"SKIP","floor":37.0},{"not_picked":["Havoc+1","Clothesline","Warcry+1"],"picked":"SKIP","floor":40.0},{"not_picked":["Clash","Searing Blow"],"picked":"True Grit+1","floor":42.0},{"not_picked":["Pummel","Iron Wave+1","Shrug It Off+1"],"picked":"SKIP","floor":45.0},{"not_picked":["Armaments+1","Shockwave+1"],"picked":"Burning Pact+1","floor":46.0},{"not_picked":["Uppercut","Ghostly Armor+1","Anger+1"],"picked":"SKIP","floor":47.0},{"not_picked":["Anger","Second Wind+1","Armaments+1"],"picked":"SKIP","floor":48.0},{"not_picked":["Sword Boomerang","Iron Wave","Clothesline+1"],"picked":"SKIP","floor":55.0},{"not_picked":["Sword Boomerang","Iron Wave","Clothesline+1"],"picked":"SKIP","floor":55.0}],"player_experience":1939564,"relics_obtained":[{"floor":7.0,"key":"Bottled Lightning"},{"floor":9.0,"key":"Toxic Egg 2"},{"floor":10.0,"key":"Kunai"},{"floor":11.0,"key":"Matryoshka"},{"floor":24.0,"key":"Whetstone"},{"floor":26.0,"key":"Red Skull"},{"floor":26.0,"key":"Oddly Smooth Stone"},{"floor":28.0,"key":"Lantern"},{"floor":40.0,"key":"Paper Frog"},{"floor":42.0,"key":"Happy Flower"},{"floor":43.0,"key":"War Paint"},{"floor":55.0,"key":"Strawberry"}],"event_choices":[{"damage_healed":0.0,"max_hp_gain":0.0,"max_hp_loss":0.0,"gold_gain":150.0,"event_name":"Liars Game","player_choice":"AGREE","floor":4.0,"gold_loss":0.0,"damage_taken":0.0,"cards_obtained":["Doubt"]},{"damage_healed":0.0,"max_hp_gain":0.0,"max_hp_loss":0.0,"gold_gain":0.0,"event_name":"Dead Adventurer","player_choice":"Searched \u00271\u0027 times","floor":11.0,"gold_loss":0.0,"damage_taken":0.0},{"cards_removed":["Strike_R"],"damage_healed":0.0,"max_hp_gain":0.0,"max_hp_loss":0.0,"gold_gain":0.0,"event_name":"Purifier","player_choice":"Purged","floor":14.0,"gold_loss":0.0,"damage_taken":0.0},{"cards_removed":["Strike_R"],"damage_healed":0.0,"max_hp_gain":0.0,"max_hp_loss":0.0,"gold_gain":0.0,"event_name":"Beggar","player_choice":"Gave Gold","floor":29.0,"gold_loss":75.0,"damage_taken":0.0},{"damage_healed":0.0,"max_hp_gain":0.0,"max_hp_loss":0.0,"gold_gain":0.0,"event_name":"The Mausoleum","player_choice":"Ignored","floor":30.0,"gold_loss":0.0,"damage_taken":0.0},{"damage_healed":0.0,"max_hp_gain":0.0,"max_hp_loss":4.0,"gold_gain":0.0,"event_name":"Winding Halls","player_choice":"Max HP","floor":36.0,"gold_loss":0.0,"damage_taken":0.0},{"damage_healed":0.0,"max_hp_gain":0.0,"max_hp_loss":0.0,"gold_gain":999.0,"event_name":"MindBloom","player_choice":"Gold","floor":38.0,"gold_loss":0.0,"damage_taken":0.0,"cards_obtained":["Normality","Normality"]},{"damage_healed":0.0,"max_hp_gain":0.0,"max_hp_loss":0.0,"gold_gain":0.0,"event_name":"SensoryStone","player_choice":"Memory 1","floor":39.0,"gold_loss":0.0,"damage_taken":0.0}],"is_beta":false,"boss_relics":[{"not_picked":["Black Blood","Snecko Eye"],"picked":"Sozu"},{"not_picked":["Coffee Dripper","Orrery"],"picked":"Runic Pyramid"}],"items_purged_floors":[5,20,54],"is_endless":false,"potions_floor_spawned":[2,7,8,10,16,18,19,21,31,37,47,55],"ascension_level":20}