{"gold_per_floor":[110,129,5,22,33,64,64,64,64,64],"floor_reached":10,"playtime":372,"items_purged":[],"score":75,"play_id":"5acade09-30ba-409d-83a6-38d90e2e0d2f","local_time":"20190515044540","is_ascension_mode":true,"campfire_choices":[{"data":"Envenom","floor":8,"key":"SMITH"}],"neow_cost":"NONE","seed_source_timestamp":229930187757937,"circlet_count":0,"master_deck":["Defend_G","Defend_G","Defend_G","Defend_G","Strike_G","Strike_G","Strike_G","Strike_G","Survivor","Neutralize","Backstab","Well Laid Plans","Cloak And Dagger","Dagger Spray","Escape Plan","Envenom+1"],"relics":["Ring of the Snake","Du-Vu Doll"],"potions_floor_usage":[],"damage_taken":[{"damage":0,"enemies":"Small Slimes","floor":1,"turns":2},{"damage":3,"enemies":"Jaw Worm","floor":2,"turns":4},{"damage":0,"enemies":"2 Louse","floor":4,"turns":3},{"damage":0,"enemies":"Large Slime","floor":5,"turns":9},{"damage":46,"enemies":"Lagavulin","floor":6,"turns":8}],"seed_played":"-4313908417598057939","potions_obtained":[{"floor":4,"key":"LiquidBronze"},{"floor":6,"key":"Strength Potion"}],"is_trial":false,"path_per_floor":["M","M","$","M","M","E","?","R","T","$"],"character_chosen":"THE_SILENT","items_purchased":["Well Laid Plans","Cloak And Dagger"],"campfire_rested":0,"item_purchase_floors":[3,3],"current_hp_per_floor":[70,67,67,67,67,21,21,21,21,21],"gold":64,"neow_bonus":"TRANSFORM_CARD","is_prod":false,"is_daily":false,"chose_seed":false,"campfire_upgraded":1,"win_rate":0,"timestamp":1557909940,"path_taken":["M","M","$","M","M","E","?","R","T","?"],"build_version":"2019-01-23","purchased_purges":0,"victory":false,"max_hp_per_floor":[70,70,70,70,70,70,70,70,70,70],"card_choices":[{"not_picked":["Prepared","Calculated Gamble","Blur"],"picked":"SKIP","floor":1},{"not_picked":["Catalyst","Blade Dance","Outmaneuver"],"picked":"SKIP","floor":2},{"not_picked":["Blade Dance","Acrobatics"],"picked":"Dagger Spray","floor":4},{"not_picked":["Bane","Backflip","Predator"],"picked":"SKIP","floor":5},{"not_picked":["Choke","Quick Slash"],"picked":"Escape Plan","floor":6}],"player_experience":120294,"relics_obtained":[{"floor":6,"key":"Du-Vu Doll"}],"event_choices":[{"damage_healed":0,"gold_gain":0,"cards_transformed":["Strike_G"],"player_choice":"Change","damage_taken":0,"max_hp_gain":0,"max_hp_loss":0,"event_name":"Living Wall","floor":7,"gold_loss":0,"cards_obtained":["Envenom"]}],"is_beta":false,"boss_relics":[],"items_purged_floors":[],"is_endless":false,"potions_floor_spawned":[4,6],"ascension_level":2}