{"gold_per_floor":[113,113,113,129,145,145,177,177,177,177,196,223,298,314,314,414,414,430,441,366,366,466,495,513,513,582,600,248,248,259,270,270,365,365,381,381,81,99,118,146,146,165,191,191,211,246,257,271,271,271],"floor_reached":50,"playtime":2844,"items_purged":["Strike_B","Strike_B"],"score":729,"play_id":"666df280-e614-4fb0-8747-8b14ecc50f15","local_time":"20190510140500","is_ascension_mode":true,"campfire_choices":[{"data":"Barrage","floor":6,"key":"SMITH"},{"data":"Defragment","floor":8,"key":"SMITH"},{"data":"Cold Snap","floor":10,"key":"SMITH"},{"data":"Redo","floor":15,"key":"SMITH"},{"data":"Consume","floor":29,"key":"SMITH"},{"data":"Sunder","floor":32,"key":"SMITH"},{"data":"Biased Cognition","floor":41,"key":"SMITH"},{"floor":44,"key":"RECALL"},{"floor":49,"key":"REST"}],"neow_cost":"TEN_PERCENT_HP_LOSS","seed_source_timestamp":486813275357600,"circlet_count":0,"master_deck":["Defend_B","Defend_B","Defend_B","Defend_B","Zap+1","Dualcast+1","Barrage+1","Cold Snap+1","Coolheaded","Defragment+1","Go for the Eyes","Redo+1","Self Repair","Electrodynamics","Consume+1","Loop+1","Reinforced Body","Static Discharge","Rainbow","Capacitor+1","Sunder+1","Skim","Biased Cognition+1","Skim","Shrug It Off","Barrage+1","Parasite","Hologram+1","Loop","Metamorphosis","Uppercut"],"relics":["Cracked Core","Emotion Chip","Bottled Flame","Sozu","Happy Flower","Kunai","Lee\u0027s Waffle","Tiny Chest","Eternal Feather","PrismaticShard","Shuriken","Oddly Smooth Stone","Symbiotic Virus"],"potions_floor_usage":[7,14,50],"damage_taken":[{"damage":1,"enemies":"Cultist","floor":1,"turns":3},{"damage":0,"enemies":"Jaw Worm","floor":4,"turns":2},{"damage":0,"enemies":"2 Louse","floor":5,"turns":2},{"damage":8,"enemies":"Gremlin Nob","floor":7,"turns":3},{"damage":0,"enemies":"2 Fungi Beasts","floor":11,"turns":2},{"damage":1,"enemies":"3 Sentries","floor":12,"turns":5},{"damage":6,"enemies":"Gremlin Gang","floor":14,"turns":4},{"damage":1,"enemies":"Slime Boss","floor":16,"turns":13},{"damage":0,"enemies":"Spheric Guardian","floor":18,"turns":3},{"damage":8,"enemies":"Shell Parasite","floor":19,"turns":3},{"damage":31,"enemies":"Slavers","floor":23,"turns":3},{"damage":3,"enemies":"Chosen and Byrds","floor":24,"turns":5},{"damage":13,"enemies":"Centurion and Healer","floor":27,"turns":5},{"damage":19,"enemies":"Snake Plant","floor":30,"turns":3},{"damage":5,"enemies":"Snecko","floor":31,"turns":5},{"damage":42,"enemies":"Collector","floor":33,"turns":7},{"damage":8,"enemies":"Orb Walker","floor":35,"turns":5},{"damage":5,"enemies":"3 Shapes","floor":38,"turns":2},{"damage":0,"enemies":"Maw","floor":39,"turns":6},{"damage":0,"enemies":"Nemesis","floor":40,"turns":5},{"damage":5,"enemies":"Writhing Mass","floor":42,"turns":6},{"damage":33,"enemies":"3 Darklings","floor":45,"turns":4},{"damage":12,"enemies":"Giant Head","floor":46,"turns":7},{"damage":6,"enemies":"4 Shapes","floor":47,"turns":3},{"damage":18,"enemies":"Maw","floor":48,"turns":6},{"damage":71,"enemies":"Donu and Deca","floor":50,"turns":4}],"seed_played":"3749292054470364139","potions_obtained":[{"floor":5,"key":"Swift Potion"},{"floor":11,"key":"AttackPotion"},{"floor":16,"key":"EssenceOfSteel"}],"is_trial":false,"path_per_floor":["M","?","?","M","M","R","E","R","T","R","M","E","?","M","R","B",null,"M","M","$","?","?","E","M","?","T","M","$","R","M","M","R","B",null,"M","?","$","M","M","E","R","M","T","R","M","E","M","M","R","B"],"character_chosen":"DEFECT","items_purchased":["Lee\u0027s Waffle","Sunder","Tiny Chest","PrismaticShard"],"campfire_rested":1,"item_purchase_floors":[28,28,28,37],"current_hp_per_floor":[67,67,67,67,67,67,59,59,59,59,59,58,47,41,41,47,63,68,67,67,67,67,43,47,35,35,29,80,80,68,70,70,35,69,68,68,68,70,70,70,80,80,80,80,54,49,43,25,67,0],"gold":271,"neow_bonus":"REMOVE_TWO","is_prod":false,"is_daily":false,"chose_seed":false,"campfire_upgraded":7,"win_rate":0,"timestamp":1557493500,"path_taken":["M","?","?","M","?","R","E","R","T","R","M","E","?","M","R","BOSS","M","M","$","?","?","E","?","?","T","M","?","R","M","M","R","BOSS","M","?","?","?","M","E","R","M","T","R","M","E","M","M","R","BOSS"],"build_version":"2019-01-23","purchased_purges":2,"victory":false,"max_hp_per_floor":[68,68,68,68,68,68,68,68,68,68,68,68,68,68,68,68,68,68,68,68,68,68,68,68,73,73,73,80,80,80,80,80,80,80,80,80,80,80,80,80,80,80,80,80,80,80,80,80,80,80],"card_choices":[{"not_picked":["Beam Cell","Stack"],"picked":"Barrage","floor":1},{"not_picked":["Beam Cell","Conserve Battery"],"picked":"Cold Snap","floor":4},{"not_picked":["Rip and Tear","Conserve Battery"],"picked":"Coolheaded","floor":5},{"not_picked":["Creative AI","Turbo"],"picked":"Defragment","floor":7},{"not_picked":["Steam","Streamline"],"picked":"Go for the Eyes","floor":11},{"not_picked":["Barrage","Sweeping Beam"],"picked":"Redo","floor":12},{"not_picked":["Go for the Eyes","Barrage"],"picked":"Self Repair","floor":14},{"not_picked":["All For One","Machine Learning"],"picked":"Electrodynamics","floor":16},{"not_picked":["Scrape+1","Go for the Eyes"],"picked":"Consume","floor":18},{"not_picked":["Tempest","Gash"],"picked":"Loop+1","floor":19},{"not_picked":["Beam Cell","Go for the Eyes"],"picked":"Static Discharge","floor":23},{"not_picked":["Leap","Turbo+1"],"picked":"Rainbow","floor":24},{"not_picked":["Barrage","Reprogram"],"picked":"Capacitor+1","floor":27},{"not_picked":["Lockon","Compile Driver","Go for the Eyes"],"picked":"SKIP","floor":30},{"not_picked":["Reboot","Reprogram"],"picked":"Skim","floor":31},{"not_picked":["Reboot","Creative AI"],"picked":"Biased Cognition","floor":33},{"not_picked":["Hologram","Leap"],"picked":"Skim","floor":35},{"not_picked":["Dagger Throw","Static Discharge+1","Bouncing Flask"],"picked":"SKIP","floor":38},{"not_picked":["Outmaneuver+1","Dagger Spray+1"],"picked":"Shrug It Off","floor":39},{"not_picked":["Enlightenment","Outmaneuver+1"],"picked":"Barrage+1","floor":40},{"not_picked":["Ball Lightning","Limit Break"],"picked":"Hologram+1","floor":42},{"not_picked":["Clothesline","Flex+1"],"picked":"Loop","floor":45},{"not_picked":["Bane+1","Sword Boomerang"],"picked":"Metamorphosis","floor":46},{"not_picked":["Iron Wave+1","Streamline+1","Havoc+1"],"picked":"SKIP","floor":47},{"not_picked":["Eviscerate+1","Cold Snap"],"picked":"Uppercut","floor":48}],"player_experience":513420,"relics_obtained":[{"floor":7,"key":"Emotion Chip"},{"floor":12,"key":"Bottled Flame"},{"floor":23,"key":"Happy Flower"},{"floor":26,"key":"Kunai"},{"floor":40,"key":"Shuriken"},{"floor":43,"key":"Oddly Smooth Stone"},{"floor":46,"key":"Symbiotic Virus"}],"event_choices":[{"damage_healed":0,"gold_gain":0,"player_choice":"Grow","damage_taken":0,"max_hp_gain":0,"max_hp_loss":0,"event_name":"Living Wall","floor":2,"gold_loss":0,"cards_upgraded":["Zap"]},{"damage_healed":0,"gold_gain":0,"player_choice":"Forge","damage_taken":0,"max_hp_gain":0,"max_hp_loss":0,"event_name":"Accursed Blacksmith","floor":3,"gold_loss":0,"cards_upgraded":["Dualcast"]},{"damage_healed":0,"gold_gain":75,"player_choice":"Gather Gold","damage_taken":11,"max_hp_gain":0,"max_hp_loss":0,"event_name":"World of Goop","floor":13,"gold_loss":0},{"damage_healed":0,"gold_gain":0,"player_choice":"Read","damage_taken":0,"max_hp_gain":0,"max_hp_loss":0,"event_name":"The Library","floor":21,"gold_loss":0,"cards_obtained":["Reinforced Body"]},{"damage_healed":0,"gold_gain":100,"player_choice":"Pray","damage_taken":0,"max_hp_gain":0,"max_hp_loss":0,"event_name":"Golden Shrine","floor":22,"gold_loss":0},{"damage_healed":0,"gold_gain":0,"player_choice":"Shed Blood","damage_taken":17,"max_hp_gain":5,"max_hp_loss":0,"event_name":"Forgotten Altar","floor":25,"gold_loss":0},{"damage_healed":0,"gold_gain":0,"player_choice":"Ignored","damage_taken":0,"max_hp_gain":0,"max_hp_loss":0,"event_name":"SecretPortal","floor":36,"gold_loss":0}],"is_beta":false,"boss_relics":[{"not_picked":["White Beast Statue","Philosopher\u0027s Stone"],"picked":"Sozu"},{"not_picked":["Runic Pyramid","Empty Cage"],"picked":"Eternal Feather"}],"items_purged_floors":[20,37],"is_endless":false,"potions_floor_spawned":[5,11,16,18,27,33,35,38,45,47],"killed_by":"Donu and Deca","ascension_level":6}