{"gold_per_floor":[117,42,42,53,53,53,81,2,26,41,54,54,65,127,127,201,201,217,142,158,170,190,190,190,190,190,202,220,220,220,220,220,295,295,311,330,330,343,361,361,393,393,420,475,493,160,172,199,199,199,199,199,199,46,77,77],"floor_reached":57,"playtime":2931,"items_purged":["Uppercut"],"score":2803,"play_id":"095db7d0-b5f8-457a-b8d0-3f72cd3c8a38","local_time":"20190227172019","is_ascension_mode":true,"campfire_choices":[{"data":"Flex","floor":6.0,"key":"SMITH"},{"data":"Entrench","floor":15.0,"key":"SMITH"},{"data":"Body Slam","floor":23.0,"key":"SMITH"},{"data":"Barricade","floor":25.0,"key":"SMITH"},{"data":"Feel No Pain","floor":29.0,"key":"SMITH"},{"data":"Battle Trance","floor":32.0,"key":"SMITH"},{"floor":40.0,"key":"REST"},{"floor":42.0,"key":"REST"},{"floor":49.0,"key":"RECALL"},{"floor":53.0,"key":"REST"}],"neow_cost":"NONE","seed_source_timestamp":579667243534488,"circlet_count":0,"master_deck":["AscendersBane","Defend_R+1","Defend_R","Defend_R+1","Defend_R","Bash+1","Flex+1","Pummel+1","Battle Trance+1","Entrench+1","Spot Weakness","Body Slam+1","Barricade+1","True Grit+1","Shrug It Off+1","Warcry+1","Feel No Pain+1","Shrug It Off+1","Bloodletting+1","Juggernaut","Offering+1","Entrench+1","Exhume+1","Clash"],"special_seed":0,"relics":["Burning Blood","NeowsBlessing","Regal Pillow","Whetstone","Toxic Egg 2","Orrery","Letter Opener","Sozu","CultistMask","Paper Frog","Mango","Medical Kit","Bag of Marbles"],"potions_floor_usage":[],"damage_taken":[{"damage":2.0,"enemies":"Small Slimes","floor":1.0,"turns":2.0},{"damage":0.0,"enemies":"Jaw Worm","floor":4.0,"turns":1.0},{"damage":0.0,"enemies":"3 Sentries","floor":7.0,"turns":2.0},{"damage":0.0,"enemies":"2 Louse","floor":10.0,"turns":3.0},{"damage":16.0,"enemies":"Blue Slaver","floor":11.0,"turns":4.0},{"damage":3.0,"enemies":"Looter","floor":13.0,"turns":3.0},{"damage":25.0,"enemies":"Lagavulin Event","floor":14.0,"turns":5.0},{"damage":22.0,"enemies":"Hexaghost","floor":16.0,"turns":9.0},{"damage":32.0,"enemies":"Chosen","floor":18.0,"turns":6.0},{"damage":12.0,"enemies":"Shell Parasite","floor":20.0,"turns":6.0},{"damage":0.0,"enemies":"Cultist and Chosen","floor":21.0,"turns":11.0},{"damage":17.0,"enemies":"Sentry and Sphere","floor":22.0,"turns":19.0},{"damage":10.0,"enemies":"Snake Plant","floor":27.0,"turns":4.0},{"damage":5.0,"enemies":"Chosen and Byrds","floor":28.0,"turns":8.0},{"damage":24.0,"enemies":"Colosseum Slavers","floor":31.0,"turns":6.0},{"damage":16.0,"enemies":"Collector","floor":33.0,"turns":11.0},{"damage":12.0,"enemies":"3 Darklings","floor":35.0,"turns":6.0},{"damage":6.0,"enemies":"3 Shapes","floor":36.0,"turns":4.0},{"damage":6.0,"enemies":"Writhing Mass","floor":38.0,"turns":7.0},{"damage":10.0,"enemies":"Jaw Worm Horde","floor":39.0,"turns":6.0},{"damage":67.0,"enemies":"Reptomancer","floor":41.0,"turns":7.0},{"damage":14.0,"enemies":"2 Orb Walkers","floor":44.0,"turns":9.0},{"damage":10.0,"enemies":"Sphere and 2 Shapes","floor":45.0,"turns":4.0},{"damage":0.0,"enemies":"Spire Growth","floor":47.0,"turns":6.0},{"damage":6.0,"enemies":"Giant Head","floor":48.0,"turns":6.0},{"damage":9.0,"enemies":"Donu and Deca","floor":50.0,"turns":12.0},{"damage":45.0,"enemies":"Awakened One","floor":51.0,"turns":9.0},{"damage":54.0,"enemies":"Shield and Spear","floor":55.0,"turns":7.0},{"damage":24,"enemies":"The Heart","floor":56,"turns":10}],"seed_played":"8373025857096931278","potions_obtained":[{"floor":4.0,"key":"SneckoOil"},{"floor":10.0,"key":"Fruit Juice"},{"floor":14.0,"key":"FearPotion"},{"floor":16.0,"key":"LiquidBronze"},{"floor":18.0,"key":"GamblersBrew"},{"floor":22.0,"key":"BloodPotion"},{"floor":28.0,"key":"BloodPotion"},{"floor":33.0,"key":"Regen Potion"}],"is_trial":false,"path_per_floor":["M","?","?","M","$","R","E","$","T","M","M","?","M","?","R","B",null,"M","?","M","M","M","R","?","R","T","M","M","R","?","?","R","B",null,"M","M","?","M","M","R","E","R","T","?","M","$","M","E","R","B","B",null,"R","$","E","B",null],"character_chosen":"IRONCLAD","items_purchased":["Entrench","Medical Kit","Entrench+1","Exhume+1"],"campfire_rested":3,"item_purchase_floors":[8,46,46,54],"current_hp_per_floor":[72,72,65,71,71,71,75,75,75,75,65,42,45,31,31,15,64,38,38,32,38,27,27,27,27,27,31,32,32,32,22,22,12,63,57,57,57,57,53,80,19,58,58,79,75,75,81,81,81,78,39,80,94,94,46,28],"gold":77,"neow_bonus":"THREE_ENEMY_KILL","is_prod":false,"is_daily":false,"chose_seed":false,"campfire_upgraded":6,"win_rate":0,"timestamp":1551259219,"path_taken":["M","?","?","M","$","R","E","$","T","M","M","?","?","?","R","BOSS","M","?","M","M","M","R","?","R","T","?","M","R","?","?","R","BOSS","M","M","?","M","?","R","E","R","T","?","M","?","M","E","R","BOSS","BOSS","R","$","E","BOSS"],"build_version":"2019-01-23","purchased_purges":1,"victory":true,"max_hp_per_floor":[75,75,75,75,75,75,75,75,75,75,75,75,75,80,80,80,80,80,80,80,80,80,80,80,80,80,80,80,80,80,80,80,80,80,80,80,80,80,80,80,80,80,80,94,94,94,94,94,94,94,94,94,94,94,94,94],"card_choices":[{"not_picked":["Havoc","Spot Weakness"],"picked":"Flex","floor":1.0},{"not_picked":["Wild Strike","Heavy Blade"],"picked":"Pummel","floor":4.0},{"not_picked":["Uppercut","Clash"],"picked":"Battle Trance","floor":7.0},{"not_picked":["Infernal Blade","Intimidate","Headbutt"],"picked":"SKIP","floor":10.0},{"not_picked":["Cleave","Fire Breathing","Perfected Strike"],"picked":"SKIP","floor":11.0},{"not_picked":["Shockwave","Blood for Blood"],"picked":"Spot Weakness","floor":13.0},{"not_picked":["Rupture","Sever Soul"],"picked":"Body Slam","floor":14.0},{"not_picked":["Brutality","Feed"],"picked":"Barricade","floor":16.0},{"not_picked":["Warcry+1","Hemokinesis"],"picked":"True Grit+1","floor":17.0},{"not_picked":["Battle Trance+1","Heavy Blade"],"picked":"Shrug It Off+1","floor":17.0},{"not_picked":["Clash","Perfected Strike"],"picked":"Warcry+1","floor":17.0},{"not_picked":["Cleave","Armaments+1"],"picked":"Feel No Pain","floor":17.0},{"not_picked":["Pommel Strike","Sword Boomerang","Clash"],"picked":"SKIP","floor":18.0},{"not_picked":["Clash","Rupture"],"picked":"Shrug It Off+1","floor":20.0},{"not_picked":["Anger","Immolate","Battle Trance+1"],"picked":"SKIP","floor":21.0},{"not_picked":["Intimidate+1","Infernal Blade+1","Body Slam"],"picked":"SKIP","floor":22.0},{"not_picked":["Havoc+1","Twin Strike","Anger"],"picked":"SKIP","floor":27.0},{"not_picked":["Iron Wave","Havoc+1"],"picked":"Bloodletting+1","floor":28.0},{"not_picked":["Exhume+1","Berserk"],"picked":"Offering+1","floor":33.0},{"not_picked":["Dual Wield+1","Shrug It Off+1","True Grit+1"],"picked":"SKIP","floor":35.0},{"not_picked":["Bloodletting+1","True Grit+1","Wild Strike"],"picked":"SKIP","floor":36.0},{"not_picked":["Bloodletting+1","True Grit+1","Wild Strike"],"picked":"SKIP","floor":36.0},{"not_picked":["Pommel Strike","Thunderclap","Bloodletting+1"],"picked":"SKIP","floor":38.0},{"not_picked":["Body Slam","Twin Strike","Sentinel+1"],"picked":"SKIP","floor":39.0},{"not_picked":["Sword Boomerang","Intimidate+1","Thunderclap"],"picked":"SKIP","floor":41.0},{"not_picked":["Immolate","Headbutt","Heavy Blade"],"picked":"SKIP","floor":45.0},{"not_picked":["Anger","Twin Strike","Heavy Blade"],"picked":"SKIP","floor":47.0},{"not_picked":["Iron Wave","Demon Form","Brutality"],"picked":"SKIP","floor":48.0},{"not_picked":["Wild Strike+1","Shockwave+1"],"picked":"Clash","floor":55.0}],"player_experience":1083386,"relics_obtained":[{"floor":7.0,"key":"Regal Pillow"},{"floor":9.0,"key":"Whetstone"},{"floor":26.0,"key":"Letter Opener"},{"floor":41.0,"key":"Paper Frog"},{"floor":44.0,"key":"Mango"},{"floor":55.0,"key":"Bag of Marbles"}],"event_choices":[{"cards_removed":["Strike_R"],"damage_healed":0.0,"max_hp_gain":0.0,"max_hp_loss":0.0,"gold_gain":0.0,"event_name":"The Cleric","player_choice":"Card Removal","floor":2.0,"gold_loss":75.0,"damage_taken":0.0},{"cards_removed":["Strike_R"],"damage_healed":0.0,"max_hp_gain":0.0,"max_hp_loss":0.0,"gold_gain":0.0,"event_name":"Golden Wing","player_choice":"Card Removal","floor":3.0,"gold_loss":0.0,"damage_taken":7.0},{"damage_healed":0.0,"max_hp_gain":0.0,"max_hp_loss":0.0,"gold_gain":0.0,"event_name":"Shining Light","player_choice":"Entered Light","floor":12.0,"gold_loss":0.0,"damage_taken":23.0,"cards_upgraded":["Defend_R","Defend_R"]},{"damage_healed":0.0,"max_hp_gain":0.0,"max_hp_loss":0.0,"gold_gain":0.0,"event_name":"Dead Adventurer","player_choice":"Searched \u00273\u0027 times","floor":14.0,"gold_loss":0.0,"damage_taken":0.0,"relics_obtained":["Toxic Egg 2"]},{"cards_removed":["Strike_R"],"damage_healed":0.0,"max_hp_gain":0.0,"max_hp_loss":0.0,"gold_gain":0.0,"event_name":"Beggar","player_choice":"Gave Gold","floor":19.0,"gold_loss":75.0,"damage_taken":0.0},{"damage_healed":0.0,"max_hp_gain":0.0,"max_hp_loss":0.0,"gold_gain":0.0,"event_name":"Match and Keep!","player_choice":"0 cards matched","floor":24.0,"gold_loss":0.0,"damage_taken":0.0,"cards_obtained":[]},{"damage_healed":0.0,"max_hp_gain":0.0,"max_hp_loss":0.0,"gold_gain":0.0,"cards_transformed":["Strike_R","Strike_R"],"event_name":"Drug Dealer","player_choice":"Became Test Subject","floor":30.0,"gold_loss":0.0,"damage_taken":0.0,"cards_obtained":["Juggernaut","Uppercut"]},{"damage_healed":0.0,"max_hp_gain":0.0,"max_hp_loss":0.0,"gold_gain":0.0,"event_name":"Colosseum","player_choice":"Fight","floor":31.0,"gold_loss":0.0,"damage_taken":0.0},{"damage_healed":0.0,"max_hp_gain":0.0,"max_hp_loss":0.0,"gold_gain":0.0,"event_name":"Colosseum","player_choice":"Fled From Nobs","floor":31.0,"gold_loss":0.0,"damage_taken":0.0},{"damage_healed":0.0,"max_hp_gain":0.0,"max_hp_loss":0.0,"gold_gain":0.0,"event_name":"FaceTrader","player_choice":"Trade","floor":37.0,"gold_loss":0.0,"damage_taken":0.0,"relics_obtained":["CultistMask"]},{"damage_healed":0.0,"max_hp_gain":0.0,"max_hp_loss":0.0,"gold_gain":0.0,"event_name":"Mysterious Sphere","player_choice":"Fight","floor":44.0,"gold_loss":0.0,"damage_taken":0.0}],"is_beta":false,"boss_relics":[{"not_picked":["Pandora\u0027s Box","Fusion Hammer"],"picked":"Orrery"},{"not_picked":["Eternal Feather","Black Star"],"picked":"Sozu"}],"items_purged_floors":[46],"is_endless":false,"potions_floor_spawned":[4,10,14,16,18,22,28,33,35,41,44,47,48],"ascension_level":20}