{"gold_per_floor":[116,127,204,224,235,249,277,277,301,301,25,44,58,91,91,162,162,176,195,19,29,44,94,107,107,107,134,150,150,200,200,200,279,279,293,293,311,327,327,327,362,362],"floor_reached":42,"playtime":2119,"items_purged":[],"score":896,"play_id":"307171d5-d691-422e-8c4c-fbab788ec289","local_time":"20181015115317","is_ascension_mode":true,"campfire_choices":[{"data":"Zap","floor":8.0,"key":"SMITH"},{"data":"Streamline","floor":10.0,"key":"SMITH"},{"data":"Barrage","floor":15.0,"key":"SMITH"},{"floor":25,"key":"REST"},{"floor":29,"key":"REST"},{"data":"Blizzard","floor":32,"key":"SMITH"},{"data":"Barrage","floor":40,"key":"SMITH"}],"neow_cost":"","seed_source_timestamp":97267005628078,"circlet_count":0,"master_deck":["Strike_B","Strike_B","Strike_B","Defend_B","Defend_B","Defend_B","Defend_B","Zap+1","Dualcast","AscendersBane","Streamline+1","Self Repair","White Noise","Compile Driver","Conserve Battery","Melter","Glacier","Glacier","Barrage+1","Rainbow","Genetic Algorithm","Ball Lightning","Thinking Ahead","Blizzard+1","Reinforced Body","Hologram","Electrodynamics","Doom and Gloom+1","Streamline","Chill","Barrage+1","Cold Snap","Defragment+1"],"special_seed":0,"relics":["Cracked Core","Pantograph","Art of War","Happy Flower","Runic Capacitor","Dead Branch","Sozu","Gremlin Horn","Ornamental Fan","Inserter","Calipers","Centennial Puzzle"],"potions_floor_usage":[35],"damage_taken":[{"damage":0.0,"enemies":"Cultist","floor":1.0,"turns":3.0},{"damage":5.0,"enemies":"Small Slimes","floor":2.0,"turns":4.0},{"damage":0.0,"enemies":"2 Louse","floor":4.0,"turns":2.0},{"damage":0.0,"enemies":"Large Slime","floor":5.0,"turns":4.0},{"damage":21.0,"enemies":"Blue Slaver","floor":6.0,"turns":4.0},{"damage":23.0,"enemies":"3 Sentries","floor":7.0,"turns":6.0},{"damage":7.0,"enemies":"Red Slaver","floor":12.0,"turns":2.0},{"damage":0.0,"enemies":"Looter","floor":13.0,"turns":3.0},{"damage":21.0,"enemies":"Gremlin Nob","floor":14.0,"turns":4.0},{"damage":0.0,"enemies":"Slime Boss","floor":16.0,"turns":6.0},{"damage":12.0,"enemies":"Shell Parasite","floor":18.0,"turns":4.0},{"damage":0.0,"enemies":"Spheric Guardian","floor":19.0,"turns":1.0},{"damage":6.0,"enemies":"Cultist and Chosen","floor":21.0,"turns":4.0},{"damage":15,"enemies":"Chosen and Byrds","floor":22,"turns":6},{"damage":29,"enemies":"Slaver and Parasite","floor":24,"turns":4},{"damage":35,"enemies":"Slavers","floor":27,"turns":5},{"damage":16,"enemies":"Snake Plant","floor":28,"turns":5},{"damage":30,"enemies":"Collector","floor":33,"turns":10},{"damage":0,"enemies":"3 Shapes","floor":35,"turns":4},{"damage":22,"enemies":"3 Darklings","floor":37,"turns":6},{"damage":20,"enemies":"Maw","floor":38,"turns":7},{"damage":0,"floor":39,"turns":4},{"damage":37,"enemies":"Giant Head","floor":41,"turns":8},{"damage":30,"enemies":"4 Shapes","floor":42,"turns":2}],"seed_played":"-5268703011724258565","potions_obtained":[{"floor":1.0,"key":"FearPotion"},{"floor":5.0,"key":"Strength Potion"},{"floor":14.0,"key":"Fire Potion"}],"is_trial":false,"path_per_floor":["M","M","T","M","M","M","E","R","T","R","$","M","M","E","R","B",null,"M","M","$","M","M","?","M","R","T","E","M","R","?","?","R","B",null,"M","?","M","M","?","R","E"],"character_chosen":"DEFECT","items_purchased":["Runic Capacitor","Glacier","Thinking Ahead"],"campfire_rested":2,"item_purchase_floors":[11,11,20],"current_hp_per_floor":[64,59,59,66,71,57,41,41,41,41,41,34,41,27,27,52,66,61,68,68,69,61,61,39,60,60,32,23,44,44,44,44,60,68,71,71,56,36,61,61,24,0],"gold":362,"neow_bonus":"","is_prod":false,"is_daily":false,"chose_seed":false,"campfire_upgraded":5,"win_rate":0,"timestamp":1539615197,"path_taken":["M","M","?","M","M","?","E","R","T","R","$","?","M","E","R","BOSS","M","M","$","M","M","?","M","R","T","E","M","R","?","?","R","BOSS","M","?","M","M","?","R","E","M"],"build_version":"2018-07-12","purchased_purges":0,"victory":false,"max_hp_per_floor":[71,71,71,71,71,71,71,71,71,71,71,71,71,71,71,71,71,71,71,71,71,71,71,71,71,71,71,71,71,71,71,71,71,71,71,71,71,71,71,71,71,71],"card_choices":[{"not_picked":["Undo","Beam Cell"],"picked":"Streamline","floor":1.0},{"not_picked":["Redo","Go for the Eyes"],"picked":"Self Repair","floor":2.0},{"not_picked":["Turbo","Redo"],"picked":"White Noise","floor":4.0},{"not_picked":["Redo","Rebound"],"picked":"Compile Driver","floor":5.0},{"not_picked":["Aggregate","Stack"],"picked":"Conserve Battery","floor":6.0},{"not_picked":["Tempest","Fusion"],"picked":"Melter","floor":7.0},{"not_picked":["Leap","FTL"],"picked":"Glacier","floor":12.0},{"not_picked":["Chaos","Heatsinks"],"picked":"Barrage","floor":13.0},{"not_picked":["Fusion","Streamline","Sweeping Beam"],"picked":"SKIP","floor":14.0},{"not_picked":["Thunder Strike","Amplify"],"picked":"Rainbow","floor":16.0},{"not_picked":["Compile Driver","Conserve Battery"],"picked":"Genetic Algorithm","floor":18.0},{"not_picked":["Capacitor","Chaos"],"picked":"Ball Lightning","floor":19.0},{"not_picked":["Cold Snap","Barrage"],"picked":"Blizzard","floor":21},{"not_picked":["Genetic Algorithm","Thunder Strike","Force Field"],"picked":"SKIP","floor":22},{"not_picked":["Leap","Scrape"],"picked":"Reinforced Body","floor":24},{"not_picked":["Meteor Strike","Rainbow","Streamline"],"picked":"SKIP","floor":27},{"not_picked":["Redo","Fusion"],"picked":"Hologram","floor":28},{"not_picked":["Meteor Strike","Amplify"],"picked":"Electrodynamics","floor":33},{"not_picked":["Rebound","Capacitor"],"picked":"Doom and Gloom+1","floor":35},{"not_picked":["Rebound","FTL"],"picked":"Chill","floor":37},{"not_picked":["Barrage","Self Repair","Reprogram+1"],"picked":"SKIP","floor":38},{"not_picked":["Self Repair","Reprogram+1"],"picked":"Barrage","floor":38},{"not_picked":["Conserve Battery","Reprogram+1"],"picked":"Cold Snap","floor":39},{"not_picked":["Turbo+1","Steam+1"],"picked":"Defragment+1","floor":41}],"player_experience":960762,"relics_obtained":[{"floor":3.0,"key":"Pantograph"},{"floor":7.0,"key":"Art of War"},{"floor":9.0,"key":"Happy Flower"},{"floor":14.0,"key":"Dead Branch"},{"floor":26,"key":"Gremlin Horn"},{"floor":27,"key":"Ornamental Fan"},{"floor":39,"key":"Calipers"},{"floor":41,"key":"Centennial Puzzle"}],"event_choices":[{"event_name":"Nest","player_choice":"Stole From Cult","floor":23,"damage_taken":0},{"event_name":"Golden Shrine","player_choice":"Pray","floor":30,"damage_taken":0},{"event_name":"Vampires","player_choice":"Ignored","floor":31,"damage_taken":0},{"event_name":"Transmorgrifier","player_choice":"Transform","floor":36,"damage_taken":0},{"event_name":"MindBloom","player_choice":"Fight","floor":39,"damage_taken":0}],"boss_relics":[{"not_picked":["Empty Cage","Lizard Tail"],"picked":"Sozu"},{"not_picked":["Busted Crown","Tiny House"],"picked":"Inserter"}],"items_purged_floors":[],"is_endless":false,"potions_floor_spawned":[1,5,13,14,19,22,27,28,37,41],"killed_by":"4 Shapes","ascension_level":15}