{"gold_per_floor":[119,119,9,9,23,23,49,49,49,59,59,59,127,143,143,243,243,255,283,283],"floor_reached":20,"playtime":1068,"items_purged":["Strike_B"],"score":213,"play_id":"9ce81a41-fbb0-4df3-9906-a6cfb275d8f6","local_time":"20190429192024","is_ascension_mode":true,"campfire_choices":[{"floor":6,"key":"REST"},{"floor":8,"key":"REST"},{"floor":11,"key":"REST"},{"floor":15,"key":"REST"}],"neow_cost":"PERCENT_DAMAGE","seed_source_timestamp":0,"circlet_count":0,"master_deck":["Strike_B+1","Strike_B","Strike_B","Defend_B","Defend_B","Defend_B","Defend_B","Zap","Dualcast","Multi-Cast","FTL+1","Conserve Battery","Go for the Eyes","Biased Cognition","Defragment","BootSequence"],"special_seed":0,"relics":["Cracked Core","Emotion Chip","Pocketwatch","Incense Burner","Blue Candle","Sozu","Red Mask"],"potions_floor_usage":[16,19],"damage_taken":[{"damage":0.0,"enemies":"2 Louse","floor":1.0,"turns":2.0},{"damage":6.0,"enemies":"Cultist","floor":5.0,"turns":3.0},{"damage":40,"enemies":"Lagavulin","floor":7,"turns":7},{"damage":0,"enemies":"Small Slimes","floor":10,"turns":2},{"damage":2,"enemies":"Exordium Wildlife","floor":14,"turns":2},{"damage":49,"enemies":"Slime Boss","floor":16,"turns":11},{"damage":12,"enemies":"Shell Parasite","floor":18,"turns":4},{"damage":24,"enemies":"Masked Bandits","floor":19,"turns":3},{"damage":23,"enemies":"3 Byrds","floor":20,"turns":3}],"seed_played":"-1090840175411231637","potions_obtained":[{"floor":1.0,"key":"LiquidBronze"},{"floor":5,"key":"Ancient Potion"},{"floor":16,"key":"Weak Potion"}],"is_trial":false,"path_per_floor":["M","?","$","?","M","R","E","R","T","M","R","?","T","M","R","B",null,"M","?","M"],"character_chosen":"DEFECT","items_purchased":["FTL"],"campfire_rested":4,"item_purchase_floors":[3],"current_hp_per_floor":[54,54,54,39,33,55,15,37,37,37,59,41,41,39,61,12,59,47,23,0],"gold":283,"neow_bonus":"THREE_RARE_CARDS","is_prod":false,"is_daily":false,"chose_seed":false,"campfire_upgraded":0,"win_rate":0,"timestamp":1556562024,"path_taken":["M","?","?","?","M","R","E","R","T","M","R","?","?","M","R","BOSS","M","?","M"],"build_version":"2019-01-23","purchased_purges":1,"victory":false,"max_hp_per_floor":[75,75,75,75,75,75,75,75,75,75,75,75,75,75,75,75,75,75,75,75],"card_choices":[{"not_picked":["Amplify","Thunder Strike"],"picked":"Multi-Cast","floor":0.0},{"not_picked":["Scrape","Sweeping Beam","Barrage"],"picked":"SKIP","floor":1.0},{"not_picked":["Turbo","Rip and Tear","Rebound"],"picked":"SKIP","floor":5},{"not_picked":["Hologram","Heatsinks"],"picked":"Conserve Battery","floor":7},{"not_picked":["Beam Cell","Steam Power","Hologram"],"picked":"SKIP","floor":10},{"not_picked":["Recycle","Compile Driver"],"picked":"Go for the Eyes","floor":14},{"not_picked":["Machine Learning","Hyperbeam"],"picked":"Biased Cognition","floor":16},{"not_picked":["Hologram+1","Steam Power"],"picked":"Defragment","floor":18},{"not_picked":["Steam Power","Gash"],"picked":"BootSequence","floor":19}],"player_experience":424888,"relics_obtained":[{"floor":7,"key":"Emotion Chip"},{"floor":9,"key":"Pocketwatch"},{"floor":13,"key":"Blue Candle"},{"floor":19,"key":"Red Mask"}],"event_choices":[{"damage_healed":0.0,"max_hp_gain":0.0,"max_hp_loss":0.0,"gold_gain":0.0,"event_name":"The Woman in Blue","player_choice":"Bought 0 Potions","floor":2.0,"gold_loss":0.0,"damage_taken":0.0},{"damage_healed":0.0,"max_hp_gain":0.0,"max_hp_loss":0.0,"gold_gain":0.0,"event_name":"Shining Light","player_choice":"Entered Light","floor":4.0,"gold_loss":0.0,"damage_taken":15.0,"cards_upgraded":["Strike_B","FTL"]},{"damage_healed":0,"gold_gain":0,"player_choice":"Success","damage_taken":18,"relics_obtained":["Incense Burner"],"max_hp_gain":0,"max_hp_loss":0,"event_name":"Scrap Ooze","floor":12,"gold_loss":0},{"damage_healed":0,"gold_gain":0,"player_choice":"Fought Bandits","damage_taken":0,"max_hp_gain":0,"max_hp_loss":0,"event_name":"Masked Bandits","floor":19,"gold_loss":0}],"is_beta":false,"boss_relics":[{"not_picked":["Empty Cage","Busted Crown"],"picked":"Sozu"}],"items_purged_floors":[3],"is_endless":false,"potions_floor_spawned":[1,5,16,19],"killed_by":"3 Byrds","ascension_level":5}