{"gold_per_floor":[110,63,63,63,81,81,106,106,131,131,131,141,141,66,66,170,170,188,88,101,101,101,101,101,114,114,114,127,127,143,163,163,163],"floor_reached":33,"playtime":700,"items_purged":["Strike_R","Strike_R"],"score":292,"play_id":"2253104a-c163-4a59-8112-9f6f403a8ecf","local_time":"20190427192254","is_ascension_mode":true,"campfire_choices":[{"data":"Armaments","floor":6,"key":"SMITH"},{"data":"Searing Blow","floor":8,"key":"SMITH"},{"data":"Searing Blow+1","floor":11,"key":"SMITH"},{"data":"Searing Blow+2","floor":13,"key":"SMITH"},{"data":"Searing Blow+3","floor":15,"key":"SMITH"},{"data":"Searing Blow+4","floor":23,"key":"SMITH"},{"data":"Searing Blow+5","floor":27,"key":"SMITH"},{"data":"Searing Blow+6","floor":29,"key":"SMITH"},{"data":"Searing Blow+7","floor":32,"key":"SMITH"}],"neow_cost":"NONE","seed_source_timestamp":382372385884991,"circlet_count":0,"master_deck":["Strike_R","Strike_R","Strike_R+1","Defend_R","Defend_R","Defend_R","Defend_R","Bash+1","Searing Blow+8","Armaments+1","Shrug It Off","Normality","Doubt","Double Tap"],"relics":["Burning Blood","Whetstone","Ancient Tea Set","Cursed Key","Question Card","Matryoshka"],"potions_floor_usage":[1,7,16,33,33],"damage_taken":[{"damage":0,"enemies":"2 Louse","floor":1,"turns":1},{"damage":1,"enemies":"Cultist","floor":5,"turns":3},{"damage":43,"enemies":"Lagavulin","floor":7,"turns":7},{"damage":0,"enemies":"Small Slimes","floor":12,"turns":3},{"damage":30,"enemies":"The Guardian","floor":16,"turns":12},{"damage":12,"enemies":"Chosen","floor":18,"turns":2},{"damage":1,"enemies":"Spheric Guardian","floor":20,"turns":4},{"damage":10,"enemies":"3 Cultists","floor":25,"turns":5},{"damage":0,"enemies":"Snake Plant","floor":28,"turns":1},{"damage":4,"enemies":"Centurion and Healer","floor":30,"turns":4},{"damage":35,"enemies":"Shelled Parasite and Fungi","floor":31,"turns":6},{"damage":69,"enemies":"Champ","floor":33,"turns":8}],"seed_played":"-3070479022964229472","potions_obtained":[{"floor":0,"key":"BloodPotion"},{"floor":0,"key":"EssenceOfSteel"},{"floor":0,"key":"Explosive Potion"},{"floor":1,"key":"Strength Potion"},{"floor":16,"key":"SpeedPotion"},{"floor":18,"key":"Weak Potion"},{"floor":28,"key":"Block Potion"}],"is_trial":false,"path_per_floor":["M","$","?","$","M","R","E","R","T","?","R","M","R","$","R","B",null,"M","$","M","?","?","R","T","M","T","R","M","R","M","M","R","B"],"character_chosen":"IRONCLAD","items_purchased":["Armaments"],"campfire_rested":0,"item_purchase_floors":[2],"current_hp_per_floor":[80,80,80,80,80,80,43,43,43,43,43,49,49,49,49,25,80,74,74,79,79,79,79,79,75,75,75,80,80,80,51,51,0],"gold":163,"neow_bonus":"THREE_SMALL_POTIONS","is_prod":false,"is_daily":false,"chose_seed":false,"campfire_upgraded":9,"win_rate":0,"timestamp":1556410974,"path_taken":["M","$","?","$","?","R","E","R","T","?","R","M","R","?","R","BOSS","M","$","M","?","?","R","?","?","T","R","M","R","M","M","R","BOSS"],"build_version":"2019-01-23","purchased_purges":2,"victory":false,"max_hp_per_floor":[80,80,80,80,80,80,80,80,80,80,80,80,80,80,80,80,80,80,80,80,80,80,80,80,80,80,80,80,80,80,80,80,80],"card_choices":[{"not_picked":["Cleave","Flex"],"picked":"Searing Blow","floor":1},{"not_picked":["Armaments","Flame Barrier","Reckless Charge"],"picked":"SKIP","floor":5},{"not_picked":["Perfected Strike","Pommel Strike","Immolate"],"picked":"SKIP","floor":7},{"not_picked":["Twin Strike","Seeing Red","Armaments"],"picked":"SKIP","floor":12},{"not_picked":["Power Through","True Grit","Wild Strike"],"picked":"SKIP","floor":18},{"not_picked":["Anger+1","Havoc","Body Slam"],"picked":"SKIP","floor":20},{"not_picked":["Power Through+1","Shrug It Off","Armaments","Bloodletting"],"picked":"SKIP","floor":25},{"not_picked":["Searing Blow","Infernal Blade+1","Anger","Perfected Strike"],"picked":"SKIP","floor":28},{"not_picked":["Twin Strike","Battle Trance","Sword Boomerang"],"picked":"Double Tap","floor":30},{"not_picked":["Heavy Blade","Pommel Strike","Havoc+1","Thunderclap"],"picked":"SKIP","floor":31}],"player_experience":112286,"relics_obtained":[{"floor":7,"key":"Whetstone"},{"floor":9,"key":"Ancient Tea Set"},{"floor":24,"key":"Question Card"},{"floor":26,"key":"Matryoshka"}],"event_choices":[{"damage_healed":0,"gold_gain":0,"player_choice":"0 cards matched","damage_taken":0,"max_hp_gain":0,"max_hp_loss":0,"event_name":"Match and Keep!","floor":3,"gold_loss":0,"cards_obtained":[]},{"damage_healed":0,"gold_gain":0,"player_choice":"Ignored","damage_taken":0,"max_hp_gain":0,"max_hp_loss":0,"event_name":"Liars Game","floor":10,"gold_loss":0},{"damage_healed":0,"gold_gain":0,"player_choice":"Read","damage_taken":0,"max_hp_gain":0,"max_hp_loss":0,"event_name":"The Library","floor":21,"gold_loss":0,"cards_obtained":["Shrug It Off"]},{"damage_healed":0,"gold_gain":0,"player_choice":"Ignored","damage_taken":0,"max_hp_gain":0,"max_hp_loss":0,"event_name":"Ghosts","floor":22,"gold_loss":0}],"is_beta":false,"boss_relics":[{"not_picked":["Sozu","Velvet Choker"],"picked":"Cursed Key"}],"items_purged_floors":[14,19],"is_endless":false,"potions_floor_spawned":[1,16,18,28,30],"killed_by":"Champ","ascension_level":4}