{"gold_per_floor":[112,30,30,48,48,48,61,94,120,155,7,7,42,59,59,135,135,146,146,171,171,15,15,46,57,113,113,133,167,167,43,43,114,114,128,128,128,128,148,148,165,165,217,18,18,18,18,49,49,49],"floor_reached":51,"playtime":1565,"items_purged":["Injury","Strike_B+1"],"score":1694,"play_id":"703962d5-3a7b-4b55-9b59-5f284e712f82","local_time":"20181014193457","is_ascension_mode":true,"campfire_choices":[{"data":"Zap","floor":6.0,"key":"SMITH"},{"data":"White Noise","floor":15.0,"key":"SMITH"},{"data":"Creative AI","floor":23.0,"key":"SMITH"},{"data":"Go for the Eyes","floor":27.0,"key":"SMITH"},{"data":"Loop","floor":30.0,"key":"SMITH"},{"floor":32.0,"key":"DIG"},{"data":"Defragment","floor":40.0,"key":"SMITH"},{"data":"Apotheosis","floor":45.0,"key":"SMITH"},{"data":"Buffer","floor":47.0,"key":"SMITH"},{"data":"Capacitor","floor":49,"key":"SMITH"}],"neow_cost":"CURSE","seed_source_timestamp":39036050226003,"circlet_count":0,"master_deck":["Strike_B+1","Strike_B+1","Defend_B+1","Defend_B+1","Defend_B+1","Defend_B+1","Zap+1","Dualcast","AscendersBane","Genetic Algorithm","FTL","Ball Lightning","Cold Snap","Electrodynamics","White Noise+1","Creative AI+1","Go for the Eyes+1","Storm+1","Go for the Eyes+1","BootSequence","Loop+1","Go for the Eyes","Coolheaded","Buffer+1","Defragment+1","Cold Snap+1","Reinforced Body","White Noise+1","Apotheosis+1","Capacitor+1"],"special_seed":0,"relics":["Cracked Core","Bag of Preparation","Anchor","Shuriken","Dead Branch","Coffee Dripper","Regal Pillow","Bag of Marbles","Shovel","Tiny Chest","Smiling Mask","Bird Faced Urn","Nuclear Battery","Torii","Pen Nib","Meat on the Bone","Potion Belt"],"potions_floor_usage":[50,50],"damage_taken":[{"damage":0.0,"enemies":"Small Slimes","floor":1.0,"turns":3.0},{"damage":0.0,"enemies":"Cultist","floor":4.0,"turns":4.0},{"damage":3.0,"enemies":"2 Louse","floor":7.0,"turns":2.0},{"damage":19.0,"enemies":"3 Sentries","floor":8.0,"turns":4.0},{"damage":10.0,"enemies":"Gremlin Nob","floor":10.0,"turns":3.0},{"damage":26.0,"enemies":"Lagavulin","floor":13.0,"turns":5.0},{"damage":5.0,"enemies":"Lots of Slimes","floor":14.0,"turns":3.0},{"damage":24.0,"enemies":"Hexaghost","floor":16.0,"turns":8.0},{"damage":0.0,"enemies":"3 Byrds","floor":18.0,"turns":2.0},{"damage":0.0,"enemies":"Gremlin Leader","floor":24.0,"turns":6.0},{"damage":2.0,"enemies":"2 Thieves","floor":25.0,"turns":2.0},{"damage":2.0,"enemies":"Centurion and Healer","floor":28.0,"turns":4.0},{"damage":7.0,"enemies":"Book of Stabbing","floor":29.0,"turns":4.0},{"damage":42.0,"enemies":"Champ","floor":33.0,"turns":10.0},{"damage":0.0,"enemies":"Orb Walker","floor":35.0,"turns":4.0},{"damage":25.0,"floor":38.0,"turns":5.0},{"damage":0.0,"enemies":"Flame Bruiser 1 Orb","floor":39.0,"turns":3.0},{"damage":12.0,"enemies":"Spire Growth","floor":41.0,"turns":4.0},{"damage":0.0,"enemies":"Nemesis","floor":48.0,"turns":5.0},{"damage":63,"enemies":"Donu and Deca","floor":50,"turns":6}],"seed_played":"3011394455371982694","potions_obtained":[{"floor":4.0,"key":"Explosive Potion"},{"floor":8.0,"key":"Fire Potion"},{"floor":10.0,"key":"SpeedPotion"},{"floor":14.0,"key":"SpeedPotion"},{"floor":28.0,"key":"FearPotion"},{"floor":33.0,"key":"Ancient Potion"},{"floor":37.0,"key":"Swift Potion"},{"floor":48.0,"key":"Fruit Juice"}],"is_trial":false,"path_per_floor":["M","$","?","M","?","R","M","E","T","E","$","?","E","M","R","B",null,"M","?","T","?","$","R","E","M","T","R","M","E","R","$","R","B",null,"M","?","?","?","M","R","M","?","T","$","R","T","R","E","R","B"],"character_chosen":"DEFECT","items_purchased":["FTL","Regen Potion","Bag of Marbles","Go for the Eyes","Coolheaded","Apotheosis"],"campfire_rested":0,"item_purchase_floors":[2,11,22,31,31,44],"current_hp_per_floor":[78,78,78,78,78,78,75,56,56,46,46,51,39,34,34,10,70,70,88,88,88,88,88,90,88,88,88,90,83,83,83,83,57,82,88,88,88,79,90,90,82,82,82,82,82,82,82,90,90,48],"gold":49,"neow_bonus":"TWENTY_PERCENT_HP_BONUS","is_prod":false,"is_daily":false,"chose_seed":false,"campfire_upgraded":9,"win_rate":0,"timestamp":1539556497,"path_taken":["M","$","?","M","?","R","M","E","T","E","$","?","E","M","R","BOSS","M","?","?","?","?","R","E","M","T","R","?","E","R","$","R","BOSS","M","?","?","?","M","R","M","?","T","$","R","?","R","E","R","BOSS"],"build_version":"2018-07-12","purchased_purges":2,"victory":true,"max_hp_per_floor":[85,85,85,85,85,85,85,85,85,85,85,90,90,90,90,90,90,90,90,90,90,90,90,90,90,90,90,90,90,90,90,90,90,90,90,90,90,90,90,90,90,90,90,90,90,90,90,90,90,95],"card_choices":[{"not_picked":["Chaos","Stack"],"picked":"Genetic Algorithm","floor":1.0},{"not_picked":["Recycle","Steam Power","Beam Cell"],"picked":"SKIP","floor":4.0},{"not_picked":["FTL","Hologram"],"picked":"Ball Lightning","floor":7.0},{"not_picked":["Hologram","Coolheaded"],"picked":"Cold Snap","floor":8.0},{"not_picked":["Rebound","Genetic Algorithm","Storm"],"picked":"SKIP","floor":10.0},{"not_picked":["Darkness","Thunder Strike"],"picked":"Electrodynamics","floor":13.0},{"not_picked":["Sweeping Beam","Stack"],"picked":"White Noise","floor":14.0},{"not_picked":["Hyperbeam","Multi-Cast"],"picked":"Creative AI","floor":16.0},{"not_picked":["FTL","Steam"],"picked":"Go for the Eyes","floor":18.0},{"not_picked":["Darkness","Stack"],"picked":"Storm+1","floor":24.0},{"not_picked":["Hyperbeam","Conserve Battery"],"picked":"Go for the Eyes+1","floor":25.0},{"not_picked":["Recycle","Ball Lightning"],"picked":"BootSequence","floor":28.0},{"not_picked":["Steam","Turbo"],"picked":"Loop","floor":29.0},{"not_picked":["Machine Learning","Core Surge"],"picked":"Buffer","floor":33.0},{"not_picked":["Turbo","Undo+1"],"picked":"Defragment","floor":35.0},{"not_picked":["Force Field+1","Beam Cell"],"picked":"Cold Snap+1","floor":38.0},{"not_picked":["Reprogram+1","Barrage"],"picked":"Reinforced Body","floor":39.0},{"not_picked":["Gash","Stack+1"],"picked":"White Noise+1","floor":41.0},{"not_picked":["Barrage","Blizzard"],"picked":"Capacitor","floor":48.0}],"player_experience":942685,"relics_obtained":[{"floor":8.0,"key":"Bag of Preparation"},{"floor":9.0,"key":"Anchor"},{"floor":10.0,"key":"Shuriken"},{"floor":13.0,"key":"Dead Branch"},{"floor":20.0,"key":"Regal Pillow"},{"floor":24.0,"key":"Shovel"},{"floor":26.0,"key":"Tiny Chest"},{"floor":29.0,"key":"Smiling Mask"},{"floor":32.0,"key":"Bird Faced Urn"},{"floor":38.0,"key":"Torii"},{"floor":43.0,"key":"Pen Nib"},{"floor":46.0,"key":"Meat on the Bone"},{"floor":48.0,"key":"Potion Belt"}],"event_choices":[{"event_name":"Liars Game","player_choice":"disagreed","floor":3.0,"damage_taken":0.0},{"event_name":"Match and Keep!","player_choice":"0 cards matched","floor":5.0,"damage_taken":0.0},{"event_name":"Big Fish","player_choice":"Donut","floor":12.0,"damage_taken":0.0},{"event_name":"The Library","player_choice":"Heal","floor":19.0,"damage_taken":0.0},{"event_name":"Back to Basics","player_choice":"Simplicity","floor":21.0,"damage_taken":0.0},{"event_name":"Tomb of Lord Red Mask","player_choice":"Ignored","floor":36.0,"damage_taken":0.0},{"event_name":"The Lab","player_choice":"Got Potions","floor":37.0,"damage_taken":0.0},{"event_name":"MindBloom","player_choice":"Fight","floor":38.0,"damage_taken":0.0},{"event_name":"Falling","player_choice":"Removed Attack","floor":42.0,"damage_taken":0.0}],"boss_relics":[{"not_picked":["Pandora\u0027s Box","Philosopher\u0027s Stone"],"picked":"Coffee Dripper"},{"not_picked":["Lizard Tail","Tiny House"],"picked":"Nuclear Battery"}],"items_purged_floors":[11,31],"is_endless":false,"potions_floor_spawned":[4,8,10,14,28,33,35,48],"ascension_level":15}