{"gold_per_floor":[119,129,129,142,142,168,180,217,299,311,30,45,75,75,75,170,170,181,193,293,293],"floor_reached":21,"playtime":1595,"items_purged":[],"score":177,"play_id":"fcba7ea3-ba60-40e6-9f67-293515197176","local_time":"20190515234939","is_ascension_mode":false,"campfire_choices":[{"data":"Impervious","floor":7,"key":"SMITH"},{"floor":10,"key":"REST"},{"data":"Armaments","floor":15,"key":"SMITH"}],"neow_cost":"NONE","seed_source_timestamp":878249394353500,"circlet_count":0,"master_deck":["Strike_R","Strike_R","Strike_R","Strike_R","Strike_R","Defend_R","Defend_R","Defend_R","Bash","Thunderclap+1","Twin Strike","Perfected Strike","Impervious+1","Cleave","Armaments+1","Rage","Feed","Combust+1","Doubt","Sword Boomerang+1","Rampage","True Grit"],"relics":["Burning Blood","MawBank","Odd Mushroom","Bottled Lightning","Shuriken","Pen Nib","Happy Flower","Astrolabe"],"potions_floor_usage":[12,16,16,18,19],"damage_taken":[{"damage":0,"enemies":"2 Louse","floor":1,"turns":2},{"damage":6,"enemies":"Small Slimes","floor":2,"turns":5},{"damage":1,"enemies":"Cultist","floor":4,"turns":4},{"damage":20,"enemies":"Gremlin Nob","floor":6,"turns":5},{"damage":21,"enemies":"The Mushroom Lair","floor":8,"turns":5},{"damage":0,"enemies":"Lots of Slimes","floor":12,"turns":1},{"damage":31,"enemies":"Slime Boss","floor":16,"turns":12},{"damage":32,"enemies":"2 Thieves","floor":18,"turns":3},{"damage":27,"enemies":"Spheric Guardian","floor":19,"turns":5},{"damage":34,"enemies":"Centurion and Healer","floor":21,"turns":6}],"seed_played":"-3360703210612269275","potions_obtained":[{"floor":1,"key":"Swift Potion"},{"floor":6,"key":"Explosive Potion"},{"floor":8,"key":"SkillPotion"},{"floor":12,"key":"PowerPotion"},{"floor":18,"key":"Energy Potion"}],"is_trial":false,"path_per_floor":["M","M","?","M","?","E","R","?","T","R","$","M","?","?","R","B",null,"M","M","?","M"],"character_chosen":"IRONCLAD","items_purchased":["Shuriken","Armaments"],"campfire_rested":1,"item_purchase_floors":[11,11],"current_hp_per_floor":[80,80,80,80,80,66,66,51,51,75,75,80,80,80,80,55,80,54,33,33,0],"gold":293,"neow_bonus":"THREE_CARDS","is_prod":false,"is_daily":false,"chose_seed":false,"campfire_upgraded":2,"win_rate":0.0,"timestamp":1557978579,"path_taken":["M","M","?","M","?","E","R","?","T","R","$","M","?","?","R","BOSS","M","M","?","M"],"build_version":"2019-01-23","purchased_purges":0,"victory":false,"max_hp_per_floor":[80,80,80,80,80,80,80,80,80,80,80,80,80,80,80,80,80,80,80,80,80],"card_choices":[{"not_picked":["Burning Pact","Twin Strike"],"picked":"Thunderclap","floor":0},{"not_picked":["Bloodletting","True Grit"],"picked":"Shockwave","floor":1},{"not_picked":["Second Wind","Feel No Pain"],"picked":"Twin Strike","floor":2},{"not_picked":["Twin Strike","Carnage"],"picked":"Perfected Strike","floor":4},{"not_picked":["Body Slam","True Grit"],"picked":"Impervious","floor":6},{"not_picked":["Flex","Second Wind"],"picked":"Cleave","floor":8},{"not_picked":["True Grit","Blood for Blood"],"picked":"Rage","floor":12},{"not_picked":["Offering","Bludgeon"],"picked":"Feed","floor":16},{"not_picked":["Clothesline+1","Headbutt"],"picked":"Rampage","floor":18},{"not_picked":["Flame Barrier","Rampage"],"picked":"True Grit","floor":19}],"player_experience":104669,"relics_obtained":[{"floor":6,"key":"MawBank"},{"floor":8,"key":"Odd Mushroom"},{"floor":9,"key":"Bottled Lightning"}],"event_choices":[{"damage_healed":0,"gold_gain":0,"player_choice":"Grow","damage_taken":0,"max_hp_gain":0,"max_hp_loss":0,"event_name":"Living Wall","floor":3,"gold_loss":0,"cards_upgraded":["Thunderclap"]},{"damage_healed":0,"gold_gain":0,"player_choice":"Ignored","damage_taken":0,"max_hp_gain":0,"max_hp_loss":0,"event_name":"Liars Game","floor":5,"gold_loss":0},{"damage_healed":0,"gold_gain":0,"player_choice":"Fought Mushrooms","damage_taken":0,"max_hp_gain":0,"max_hp_loss":0,"event_name":"Mushrooms","floor":8,"gold_loss":0},{"damage_healed":0,"gold_gain":30,"player_choice":"Searched \u00273\u0027 times","damage_taken":0,"relics_obtained":["Pen Nib"],"max_hp_gain":0,"max_hp_loss":0,"event_name":"Dead Adventurer","floor":13,"gold_loss":0},{"damage_healed":0,"gold_gain":0,"player_choice":"Box","damage_taken":0,"relics_obtained":["Happy Flower"],"max_hp_gain":0,"max_hp_loss":0,"event_name":"Big Fish","floor":14,"gold_loss":0,"cards_obtained":["Regret"]},{"damage_healed":0,"gold_gain":100,"player_choice":"Pray","damage_taken":0,"max_hp_gain":0,"max_hp_loss":0,"event_name":"Golden Shrine","floor":20,"gold_loss":0}],"is_beta":false,"boss_relics":[{"not_picked":["Calling Bell","Ectoplasm"],"picked":"Astrolabe"}],"items_purged_floors":[],"is_endless":false,"potions_floor_spawned":[1,6,8,12,18],"killed_by":"Centurion and Healer","ascension_level":0}