{"gold_per_floor":[111,111,128,128,128,158,158,15,38,52,66,81,96,128,128,223,223,238,148,162,181,198,233,233,266,266,292,308,64,82,93,93,93],"floor_reached":33,"playtime":1350,"items_purged":[],"score":381,"play_id":"8dd2a365-c3f5-4945-b63a-06012530d9df","local_time":"20181205212609","is_ascension_mode":true,"campfire_choices":[{"data":"Bash","floor":7.0,"key":"SMITH"},{"data":"Spot Weakness","floor":15.0,"key":"SMITH"},{"data":"Armaments","floor":24,"key":"SMITH"},{"data":"Iron Wave","floor":32,"key":"SMITH"}],"neow_cost":"NONE","seed_source_timestamp":1765770090658956,"circlet_count":0,"master_deck":["Strike_R","Strike_R","Strike_R","Strike_R","Defend_R","Defend_R","Defend_R","Defend_R","Bash+1","Rage+1","Shrug It Off","Heavy Blade","Spot Weakness+1","Iron Wave+1","Cleave","Armaments+1","Pommel Strike","Juggernaut","Pummel+1","Twin Strike","Thunderclap+1","Armaments+1","Metallicize","Pommel Strike","Battle Trance","Heavy Blade+1"],"special_seed":0,"relics":["Burning Blood","NeowsBlessing","Potion Belt","Bag of Marbles","Bronze Scales","Vajra","Dodecahedron","Coffee Dripper","Pear","Lantern","Question Card","Paper Frog","Pantograph"],"potions_floor_usage":[22,22,25,28,33,33],"damage_taken":[{"damage":0.0,"enemies":"Small Slimes","floor":1.0,"turns":1.0},{"damage":0.0,"enemies":"Jaw Worm","floor":3.0,"turns":1.0},{"damage":0.0,"enemies":"Gremlin Nob","floor":6.0,"turns":1.0},{"damage":0.0,"enemies":"2 Louse","floor":10.0,"turns":2.0},{"damage":9.0,"enemies":"Red Slaver","floor":11.0,"turns":4.0},{"damage":11.0,"enemies":"Gremlin Gang","floor":12.0,"turns":5.0},{"damage":3.0,"enemies":"Looter","floor":13.0,"turns":2.0},{"damage":14.0,"enemies":"3 Sentries","floor":14.0,"turns":5.0},{"damage":27.0,"enemies":"The Guardian","floor":16.0,"turns":11.0},{"damage":16.0,"enemies":"Spheric Guardian","floor":18.0,"turns":4.0},{"damage":0,"enemies":"3 Byrds","floor":20,"turns":2},{"damage":33,"enemies":"3 Cultists","floor":21,"turns":5},{"damage":1,"enemies":"Snake Plant","floor":22,"turns":3},{"damage":14,"enemies":"Gremlin Leader","floor":23,"turns":5},{"damage":39,"enemies":"Slavers","floor":25,"turns":5},{"damage":12,"enemies":"Book of Stabbing","floor":27,"turns":2},{"damage":26,"enemies":"Sentry and Sphere","floor":28,"turns":4},{"damage":0,"enemies":"3 Cultists","floor":30,"turns":2},{"damage":11,"enemies":"Snake Plant","floor":31,"turns":3},{"damage":42,"enemies":"Automaton","floor":33,"turns":6}],"seed_played":"6506666395157618623","potions_obtained":[{"floor":10.0,"key":"SkillPotion"},{"floor":12.0,"key":"SkillPotion"},{"floor":14.0,"key":"Fire Potion"},{"floor":21,"key":"Fire Potion"},{"floor":22,"key":"Regen Potion"},{"floor":27,"key":"Explosive Potion"},{"floor":28,"key":"EssenceOfSteel"},{"floor":31,"key":"LiquidBronze"}],"is_trial":false,"path_per_floor":["M","$","M","?","?","E","R","$","T","M","M","M","M","E","R","B",null,"M","?","M","M","M","E","R","E","T","E","M","$","M","M","R","B"],"character_chosen":"IRONCLAD","items_purchased":["Bronze Scales","Pantograph"],"campfire_rested":0,"item_purchase_floors":[8,29],"current_hp_per_floor":[80,80,80,80,55,61,61,61,61,67,64,59,62,54,54,33,80,70,70,76,49,54,56,56,37,37,31,11,11,17,12,12,0],"gold":93,"neow_bonus":"THREE_ENEMY_KILL","is_prod":false,"is_daily":false,"chose_seed":false,"campfire_upgraded":4,"win_rate":0,"timestamp":1544063169,"path_taken":["M","$","M","?","?","E","R","?","T","M","M","M","M","E","R","BOSS","M","?","M","M","?","E","R","E","T","E","?","?","?","M","R","BOSS"],"build_version":"2018-11-15","purchased_purges":0,"victory":false,"max_hp_per_floor":[80,80,80,80,80,80,80,80,80,80,80,80,80,80,80,80,80,80,80,80,80,80,90,90,90,90,90,90,90,90,90,90,90],"card_choices":[{"not_picked":["Perfected Strike","True Grit"],"picked":"Rage","floor":1.0},{"not_picked":["Entrench","Body Slam"],"picked":"Shrug It Off","floor":3.0},{"not_picked":["Havoc","Warcry"],"picked":"Heavy Blade","floor":6.0},{"not_picked":["True Grit","Rage"],"picked":"Spot Weakness","floor":10.0},{"not_picked":["Juggernaut","Second Wind"],"picked":"Iron Wave","floor":11.0},{"not_picked":["Hemokinesis","Body Slam"],"picked":"Cleave","floor":12.0},{"not_picked":["Corruption","Anger"],"picked":"Armaments","floor":13.0},{"not_picked":["Body Slam","Cleave"],"picked":"Pommel Strike","floor":14.0},{"not_picked":["Brutality","Dark Embrace"],"picked":"Juggernaut","floor":16.0},{"not_picked":["Power Through","Cleave"],"picked":"Pummel+1","floor":18.0},{"not_picked":["Anger","Wild Strike"],"picked":"Twin Strike","floor":20},{"not_picked":["Armaments+1","Anger+1"],"picked":"Thunderclap+1","floor":21},{"not_picked":["Brutality","Combust","Thunderclap"],"picked":"SKIP","floor":22},{"not_picked":["Sentinel","Warcry+1"],"picked":"Armaments+1","floor":23},{"not_picked":["Heavy Blade","Uppercut"],"picked":"Metallicize","floor":25},{"not_picked":["True Grit","Fire Breathing","Bloodletting+1","Heavy Blade"],"picked":"SKIP","floor":27},{"not_picked":["Searing Blow","Infernal Blade","True Grit"],"picked":"Pommel Strike","floor":28},{"not_picked":["Fiend Fire","Warcry","Rampage"],"picked":"Battle Trance","floor":30},{"not_picked":["Armaments+1","Wild Strike+1","Shrug It Off"],"picked":"Heavy Blade+1","floor":31}],"player_experience":130630,"relics_obtained":[{"floor":6.0,"key":"Bag of Marbles"},{"floor":9.0,"key":"Vajra"},{"floor":14.0,"key":"Dodecahedron"},{"floor":23,"key":"Pear"},{"floor":25,"key":"Lantern"},{"floor":26,"key":"Question Card"},{"floor":27,"key":"Paper Frog"}],"event_choices":[{"damage_healed":0.0,"max_hp_gain":0.0,"max_hp_loss":0.0,"gold_gain":0.0,"event_name":"Liars Game","player_choice":"Ignored","floor":4.0,"gold_loss":0.0,"damage_taken":0.0},{"damage_healed":0.0,"max_hp_gain":0.0,"max_hp_loss":0.0,"gold_gain":0.0,"event_name":"Scrap Ooze","player_choice":"Success","floor":5.0,"gold_loss":0.0,"damage_taken":25.0,"relics_obtained":["Potion Belt"]},{"cards_removed":["Strike_R"],"damage_healed":0.0,"max_hp_gain":0.0,"max_hp_loss":0.0,"gold_gain":0.0,"event_name":"Designer","player_choice":"Upgrade and Remove","floor":19.0,"gold_loss":90.0,"damage_taken":0.0,"cards_upgraded":["Rage"]}],"is_beta":false,"boss_relics":[{"not_picked":["Runic Cube","Astrolabe"],"picked":"Coffee Dripper"}],"items_purged_floors":[],"is_endless":false,"potions_floor_spawned":[10,12,14,21,22,27,28,31],"killed_by":"Automaton","ascension_level":2}