{"path_per_floor":["M","M","?","M","T","R","E","?","T","M","R","E","M","?","R"],"character_chosen":"DEFECT","items_purchased":[],"gold_per_floor":[15,35,35,53,53,53,85,114,183,203,203,230,250,250,250,250],"floor_reached":16,"campfire_rested":1,"playtime":625,"item_purchase_floors":[],"current_hp_per_floor":[73,73,78,78,78,78,69,56,56,37,37,7,7,7,31,0],"items_purged":[],"gold":250,"score":121,"play_id":"5adf3ed3-fb6d-47aa-89d6-369c265661df","local_time":"20180605035410","is_prod":false,"is_daily":false,"chose_seed":false,"is_ascension_mode":true,"campfire_upgraded":2,"win_rate":0,"timestamp":1528188850,"campfire_choices":[{"data":"Zap","floor":6,"key":"SMITH"},{"data":"Dualcast","floor":11,"key":"SMITH"},{"floor":15,"key":"REST"}],"path_taken":["M","M","?","M","?","R","E","?","T","M","R","E","?","?","R","BOSS"],"build_version":"2018-06-04","seed_source_timestamp":328129498969085,"purchased_purges":0,"victory":false,"master_deck":["Strike_B","Strike_B","Defend_B","Defend_B","Defend_B","Zap+1","Dualcast+1","Conserve Battery","Storm","Redo","Seek","Redo+1","Storm","Force Field+1"],"max_hp_per_floor":[75,75,80,80,80,80,80,80,80,80,80,80,80,80,80,80],"relics":["Cracked Core","Letter Opener","Odd Mushroom","Toxic Egg 2"],"card_choices":[{"not_picked":["Recycle","Redo"],"picked":"Conserve Battery","floor":1},{"not_picked":["Turbo","Leap"],"picked":"Storm","floor":2},{"not_picked":["Skim","Chaos"],"picked":"Redo","floor":4},{"not_picked":["Ball Lightning","FTL"],"picked":"Seek","floor":7},{"not_picked":["Gash","Beam Cell"],"picked":"Redo+1","floor":10},{"not_picked":["Coolheaded+1","Static Discharge"],"picked":"Storm","floor":12},{"not_picked":["Gash","Sunder"],"picked":"Force Field+1","floor":13}],"player_experience":199001,"potions_floor_usage":[],"damage_taken":[{"damage":2,"enemies":"2 Louse","floor":1,"turns":2},{"damage":0,"enemies":"Jaw Worm","floor":2,"turns":3},{"damage":0,"enemies":"Cultist","floor":4,"turns":4},{"damage":9,"enemies":"3 Sentries","floor":7,"turns":5},{"damage":13,"floor":8,"turns":3},{"damage":19,"enemies":"Exordium Wildlife","floor":10,"turns":3},{"damage":30,"enemies":"Gremlin Nob","floor":12,"turns":4},{"damage":0,"enemies":"Large Slime","floor":13,"turns":3},{"damage":32,"enemies":"The Guardian","floor":16,"turns":9}],"relics_obtained":[{"floor":5,"key":"Letter Opener"},{"floor":8,"key":"Odd Mushroom"},{"floor":9,"key":"Toxic Egg 2"}],"event_choices":[{"event_name":"Big Fish","player_choice":"Donut","floor":3,"damage_taken":0},{"event_name":"Mushrooms","player_choice":"Fought Mushrooms","floor":8,"damage_taken":0},{"event_name":"Living Wall","player_choice":"Forget","floor":14,"damage_taken":0}],"boss_relics":[],"items_purged_floors":[],"potions_floor_spawned":[],"seed_played":"1762737974128244843","killed_by":"The Guardian","ascension_level":2,"potions_obtained":[],"is_trial":false}