{"gold_per_floor":[362,79,154,170,170,204,204,248,274,297,316,354,354,379,379,478,478,501,501,426,426,446,446,465,465,465,490,508,523,544,280,280,280],"floor_reached":33,"playtime":1463,"items_purged":["Strike_R","Strike_R"],"score":588,"play_id":"158763d0-8516-45bb-89e6-9cb6e2315fde","local_time":"20190212170713","is_ascension_mode":true,"campfire_choices":[{"data":"Apotheosis","floor":7.0,"key":"SMITH"},{"data":"Burning Pact","floor":15.0,"key":"SMITH"},{"data":"Evolve","floor":23.0,"key":"SMITH"},{"data":"Entrench","floor":32.0,"key":"SMITH"}],"neow_cost":"TEN_PERCENT_HP_LOSS","seed_source_timestamp":0,"circlet_count":0,"master_deck":["AscendersBane","Strike_R","Strike_R","Defend_R","Defend_R","Defend_R","Defend_R","Bash","Evolve+1","Apotheosis+1","Flame Barrier","Spot Weakness","Sword Boomerang","Burning Pact+1","Impervious","Second Wind","Shrug It Off+1","Body Slam","Entrench+1","Inflame","Impervious"],"special_seed":0,"relics":["Burning Blood","Golden Idol","Anchor","Happy Flower","Lantern","StoneCalendar","Mark of Pain"],"potions_floor_usage":[33,33],"damage_taken":[{"damage":1.0,"enemies":"2 Louse","floor":1.0,"turns":4.0},{"damage":0.0,"enemies":"Small Slimes","floor":4.0,"turns":5.0},{"damage":24.0,"enemies":"Lagavulin","floor":6.0,"turns":7.0},{"damage":12.0,"enemies":"3 Sentries","floor":8.0,"turns":7.0},{"damage":0.0,"enemies":"Jaw Worm","floor":10.0,"turns":3.0},{"damage":2.0,"enemies":"3 Louse","floor":11.0,"turns":3.0},{"damage":16.0,"enemies":"Lagavulin","floor":12.0,"turns":7.0},{"damage":12.0,"enemies":"Lots of Slimes","floor":14.0,"turns":4.0},{"damage":24.0,"enemies":"The Guardian","floor":16.0,"turns":12.0},{"damage":0.0,"enemies":"3 Byrds","floor":18.0,"turns":3.0},{"damage":6.0,"enemies":"Colosseum Slavers","floor":19.0,"turns":4.0},{"damage":6.0,"enemies":"Chosen","floor":22.0,"turns":7.0},{"damage":14.0,"enemies":"Centurion and Healer","floor":24.0,"turns":5.0},{"damage":18.0,"enemies":"Snecko","floor":27.0,"turns":7.0},{"damage":6.0,"enemies":"Snake Plant","floor":28.0,"turns":4.0},{"damage":12.0,"enemies":"Shelled Parasite and Fungi","floor":29.0,"turns":5.0},{"damage":3.0,"enemies":"Cultist and Chosen","floor":30.0,"turns":4.0},{"damage":42,"enemies":"Collector","floor":33,"turns":7}],"seed_played":"-4414926402243115188","potions_obtained":[{"floor":4.0,"key":"EssenceOfSteel"},{"floor":8.0,"key":"EssenceOfSteel"},{"floor":11.0,"key":"BloodPotion"},{"floor":14.0,"key":"Explosive Potion"},{"floor":18.0,"key":"Strength Potion"},{"floor":24.0,"key":"SteroidPotion"},{"floor":29.0,"key":"Swift Potion"}],"is_trial":false,"path_per_floor":["M","$","?","M","?","E","R","E","T","M","M","E","?","M","R","B",null,"M","?","?","?","M","R","M","?","T","M","M","M","M","$","R","B"],"character_chosen":"IRONCLAD","items_purchased":["Apotheosis","Impervious"],"campfire_rested":0,"item_purchase_floors":[2,31],"current_hp_per_floor":[68,68,57,63,62,44,44,38,38,44,48,38,38,32,32,20,52,58,58,58,58,58,58,50,50,50,38,38,32,35,35,35,0],"gold":280,"neow_bonus":"TWO_FIFTY_GOLD","is_prod":false,"is_daily":false,"chose_seed":false,"campfire_upgraded":4,"win_rate":0,"timestamp":1549962433,"path_taken":["M","$","?","M","?","E","R","E","T","M","M","E","?","M","R","BOSS","M","?","?","?","M","R","M","?","T","M","M","M","M","$","R","BOSS"],"build_version":"2019-01-23","purchased_purges":2,"victory":false,"max_hp_per_floor":[68,68,68,68,62,62,62,62,62,62,62,62,62,62,62,62,62,62,62,62,62,62,62,62,62,62,62,62,62,62,62,62,62],"card_choices":[{"not_picked":["Havoc","Perfected Strike"],"picked":"Evolve","floor":1.0},{"not_picked":["Clash","Infernal Blade"],"picked":"Flame Barrier","floor":4.0},{"not_picked":["Intimidate","Flame Barrier"],"picked":"Spot Weakness","floor":6.0},{"not_picked":["Headbutt","Thunderclap","Searing Blow"],"picked":"SKIP","floor":8.0},{"not_picked":["Dual Wield","Rage"],"picked":"Sword Boomerang","floor":10.0},{"not_picked":["Clash","Rage"],"picked":"Burning Pact","floor":11.0},{"not_picked":["Havoc","Perfected Strike","Clash"],"picked":"SKIP","floor":12.0},{"not_picked":["Cleave","Iron Wave","Brutality"],"picked":"SKIP","floor":14.0},{"not_picked":["Fiend Fire","Juggernaut"],"picked":"Impervious","floor":16.0},{"not_picked":["Hemokinesis","Infernal Blade","Iron Wave"],"picked":"SKIP","floor":18.0},{"not_picked":["Intimidate","Armaments"],"picked":"Shrug It Off","floor":22.0},{"not_picked":["Havoc+1","Searing Blow","Burning Pact"],"picked":"SKIP","floor":24.0},{"not_picked":["Sever Soul","Feel No Pain"],"picked":"Body Slam","floor":27.0},{"not_picked":["Heavy Blade","Armaments","Iron Wave"],"picked":"SKIP","floor":28.0},{"not_picked":["Sword Boomerang","Inflame"],"picked":"Entrench","floor":29.0},{"not_picked":["Heavy Blade","Body Slam"],"picked":"Inflame","floor":30.0}],"player_experience":884436,"relics_obtained":[{"floor":6.0,"key":"Anchor"},{"floor":8.0,"key":"Happy Flower"},{"floor":9.0,"key":"Lantern"},{"floor":12.0,"key":"StoneCalendar"}],"event_choices":[{"damage_healed":0.0,"max_hp_gain":0.0,"max_hp_loss":0.0,"gold_gain":75.0,"event_name":"World of Goop","player_choice":"Gather Gold","floor":3.0,"gold_loss":0.0,"damage_taken":11.0},{"damage_healed":0.0,"max_hp_gain":0.0,"max_hp_loss":6.0,"gold_gain":0.0,"event_name":"Golden Idol","player_choice":"Lose Max HP","floor":5.0,"gold_loss":0.0,"damage_taken":0.0,"relics_obtained":["Golden Idol"]},{"damage_healed":0.0,"max_hp_gain":0.0,"max_hp_loss":0.0,"gold_gain":0.0,"event_name":"Liars Game","player_choice":"Ignored","floor":13.0,"gold_loss":0.0,"damage_taken":0.0},{"damage_healed":0.0,"max_hp_gain":0.0,"max_hp_loss":0.0,"gold_gain":0.0,"event_name":"Colosseum","player_choice":"Fight","floor":19.0,"gold_loss":0.0,"damage_taken":0.0},{"damage_healed":0.0,"max_hp_gain":0.0,"max_hp_loss":0.0,"gold_gain":0.0,"event_name":"Colosseum","player_choice":"Fled From Nobs","floor":19.0,"gold_loss":0.0,"damage_taken":0.0},{"cards_removed":["Strike_R"],"damage_healed":0.0,"max_hp_gain":0.0,"max_hp_loss":0.0,"gold_gain":0.0,"event_name":"Beggar","player_choice":"Gave Gold","floor":20.0,"gold_loss":75.0,"damage_taken":0.0},{"damage_healed":0.0,"max_hp_gain":0.0,"max_hp_loss":0.0,"gold_gain":0.0,"event_name":"The Library","player_choice":"Read","floor":21.0,"gold_loss":0.0,"damage_taken":0.0,"cards_obtained":["Second Wind"]},{"damage_healed":0.0,"max_hp_gain":0.0,"max_hp_loss":0.0,"gold_gain":0.0,"event_name":"Upgrade Shrine","player_choice":"Upgraded","floor":25.0,"gold_loss":0.0,"damage_taken":0.0,"cards_upgraded":["Shrug It Off"]}],"is_beta":false,"boss_relics":[{"not_picked":["Cursed Key","Snecko Eye"],"picked":"Mark of Pain"}],"items_purged_floors":[2,31],"is_endless":false,"potions_floor_spawned":[4,8,11,14,18,24,29],"killed_by":"Collector","ascension_level":20}