{"gold_per_floor":[111,111,111,36,36,36,68,68,91,116,127,142,159,177,177,255,255,271,171,182,198,217,217,217,217],"floor_reached":25,"playtime":967,"items_purged":["Strike_R","Strike_R"],"score":526,"play_id":"d2907999-2ea8-4c45-8e2b-eebdd0486b73","local_time":"20190212162556","is_ascension_mode":true,"campfire_choices":[{"data":"Bash","floor":6.0,"key":"SMITH"},{"data":"Disarm","floor":8.0,"key":"SMITH"},{"data":"Whirlwind","floor":15.0,"key":"SMITH"},{"data":"Limit Break","floor":23,"key":"SMITH"}],"neow_cost":"NONE","seed_source_timestamp":0,"circlet_count":0,"master_deck":["AscendersBane","Strike_R","Strike_R","Defend_R","Defend_R","Defend_R","Defend_R","Bash+1","Disarm+1","Burning Pact+1","Shrug It Off","Whirlwind+1","Demon Form","Flex+1","Pommel Strike","Limit Break+1","Heavy Blade+1","Evolve"],"special_seed":0,"relics":["Burning Blood","NeowsBlessing","Lantern","Runic Dome","War Paint"],"potions_floor_usage":[21,25,25],"damage_taken":[{"damage":0.0,"enemies":"Jaw Worm","floor":1.0,"turns":1.0},{"damage":0.0,"enemies":"3 Sentries","floor":7.0,"turns":2.0},{"damage":0.0,"enemies":"Lagavulin","floor":10.0,"turns":1.0},{"damage":7.0,"enemies":"Small Slimes","floor":11.0,"turns":4.0},{"damage":1.0,"enemies":"Cultist","floor":12.0,"turns":3.0},{"damage":31.0,"enemies":"Exordium Thugs","floor":13.0,"turns":5.0},{"damage":12.0,"enemies":"Large Slime","floor":14.0,"turns":7.0},{"damage":48.0,"enemies":"Hexaghost","floor":16.0,"turns":11.0},{"damage":17.0,"enemies":"Shell Parasite","floor":18.0,"turns":4.0},{"damage":30.0,"enemies":"Spheric Guardian","floor":20.0,"turns":6.0},{"damage":0,"enemies":"Cultist and Chosen","floor":21,"turns":2},{"damage":22,"enemies":"Centurion and Healer","floor":22,"turns":6},{"damage":27,"enemies":"Shelled Parasite and Fungi","floor":25,"turns":1}],"seed_played":"6538286574922615957","potions_obtained":[{"floor":5.0,"key":"PowerPotion"},{"floor":5.0,"key":"AttackPotion"},{"floor":7.0,"key":"Weak Potion"},{"floor":16.0,"key":"EssenceOfSteel"},{"floor":18.0,"key":"Strength Potion"},{"floor":21,"key":"Swift Potion"},{"floor":22,"key":"BloodPotion"}],"is_trial":false,"path_per_floor":["M","?","?","$","?","R","E","R","T","E","M","M","M","M","R","B",null,"M","$","M","M","M","R","T","M"],"character_chosen":"IRONCLAD","items_purchased":[],"campfire_rested":0,"item_purchase_floors":[],"current_hp_per_floor":[74,79,72,72,72,72,78,78,78,80,79,80,55,49,49,7,62,51,51,27,33,17,17,17,0],"gold":217,"neow_bonus":"THREE_ENEMY_KILL","is_prod":false,"is_daily":false,"chose_seed":false,"campfire_upgraded":4,"win_rate":0,"timestamp":1549959956,"path_taken":["M","?","?","$","?","R","E","R","T","E","M","M","M","M","R","BOSS","M","$","M","?","M","R","?","M"],"build_version":"2019-01-23","purchased_purges":2,"victory":false,"max_hp_per_floor":[75,80,80,80,80,80,80,80,80,80,80,80,80,80,80,80,80,80,80,80,80,80,80,80,80],"card_choices":[{"not_picked":["Havoc","Warcry"],"picked":"Disarm","floor":1.0},{"not_picked":["Cleave","Clothesline"],"picked":"Burning Pact","floor":7.0},{"not_picked":["Warcry","Anger"],"picked":"Shrug It Off","floor":10.0},{"not_picked":["Corruption","Thunderclap"],"picked":"Whirlwind","floor":11.0},{"not_picked":["Clothesline","Armaments"],"picked":"Demon Form","floor":12.0},{"not_picked":["Headbutt","Intimidate"],"picked":"Flex","floor":13.0},{"not_picked":["Sentinel","Body Slam"],"picked":"Pommel Strike","floor":14.0},{"not_picked":["Juggernaut","Demon Form"],"picked":"Limit Break","floor":16.0},{"not_picked":["Clash","Thunderclap","Disarm"],"picked":"SKIP","floor":18.0},{"not_picked":["Corruption","Body Slam"],"picked":"Heavy Blade+1","floor":20.0},{"not_picked":["Intimidate","Warcry","Cleave+1"],"picked":"SKIP","floor":21},{"not_picked":["Hemokinesis","Body Slam"],"picked":"Evolve","floor":22}],"player_experience":883469,"relics_obtained":[{"floor":7.0,"key":"Lantern"},{"floor":24,"key":"War Paint"}],"event_choices":[{"damage_healed":0.0,"max_hp_gain":5.0,"max_hp_loss":0.0,"gold_gain":0.0,"event_name":"Big Fish","player_choice":"Donut","floor":2.0,"gold_loss":0.0,"damage_taken":0.0},{"cards_removed":["Strike_R"],"damage_healed":0.0,"max_hp_gain":0.0,"max_hp_loss":0.0,"gold_gain":0.0,"event_name":"Golden Wing","player_choice":"Card Removal","floor":3.0,"gold_loss":0.0,"damage_taken":7.0},{"damage_healed":0.0,"max_hp_gain":0.0,"max_hp_loss":0.0,"gold_gain":0.0,"event_name":"Lab","player_choice":"Got Potions","floor":5.0,"gold_loss":0.0,"damage_taken":0.0}],"is_beta":false,"boss_relics":[{"not_picked":["Velvet Choker","Fusion Hammer"],"picked":"Runic Dome"}],"items_purged_floors":[4,19],"is_endless":false,"potions_floor_spawned":[7,13,16,18,21,22],"killed_by":"Shelled Parasite and Fungi","ascension_level":20}