{"gold_per_floor":[115,40,56,68,87,122,122,122,147,179,179,179,179,79,79,175,175,195,195,70,70,101,101,127,127,127,153,153,172,201,220,220,319,319,339,339,349,368,368],"floor_reached":39,"playtime":1408,"items_purged":["Decay","Regret","Pain"],"score":570,"play_id":"1877f772-4d42-4ea5-ae34-7d6440470b36","local_time":"20190425235746","is_ascension_mode":true,"campfire_choices":[{"data":"Double Tap","floor":7,"key":"SMITH"},{"data":"Clash","floor":11,"key":"SMITH"},{"data":"Bash","floor":13,"key":"SMITH"},{"data":"Clash","floor":15,"key":"SMITH"},{"data":"Body Slam","floor":23,"key":"SMITH"},{"data":"Clash","floor":25,"key":"SMITH"},{"data":"Sadistic Nature","floor":28,"key":"SMITH"},{"floor":32,"key":"REST"}],"neow_cost":"CURSE","seed_source_timestamp":225283215867739,"circlet_count":0,"master_deck":["Strike_R","Strike_R+1","Strike_R","Strike_R","Strike_R","Defend_R","Defend_R+1","Defend_R","Defend_R","Bash+1","Sadistic Nature+1","Dark Shackles","Clash+1","Headbutt","Double Tap+1","Clash+1","Offering","Dropkick","Body Slam+1","Clash+1","Rupture","Brutality","Clash","Limit Break","PanicButton","Chrysalis","Madness","Seeing Red+1","Blood for Blood+1"],"relics":["Burning Blood","Vajra","PreservedInsect","Red Skull","Pen Nib","Orrery","WarpedTongs","Red Mask","Mummified Hand","Pear","Boot","Oddly Smooth Stone","Runic Pyramid"],"potions_floor_usage":[6,16,27,33,39],"damage_taken":[{"damage":2,"enemies":"Cultist","floor":1,"turns":3},{"damage":0,"enemies":"2 Louse","floor":3,"turns":2},{"damage":0,"enemies":"Small Slimes","floor":4,"turns":2},{"damage":17,"enemies":"Exordium Thugs","floor":5,"turns":5},{"damage":16,"enemies":"3 Sentries","floor":6,"turns":8},{"damage":0,"enemies":"Gremlin Nob","floor":10,"turns":2},{"damage":25,"enemies":"Hexaghost","floor":16,"turns":5},{"damage":7,"enemies":"Spheric Guardian","floor":18,"turns":3},{"damage":17,"enemies":"Masked Bandits","floor":22,"turns":3},{"damage":23,"enemies":"Gremlin Leader","floor":24,"turns":4},{"damage":19,"enemies":"Slavers","floor":27,"turns":3},{"damage":6,"enemies":"Shell Parasite","floor":29,"turns":1},{"damage":6,"enemies":"Gremlin Leader","floor":30,"turns":4},{"damage":0,"enemies":"Centurion and Healer","floor":31,"turns":4},{"damage":47,"enemies":"Collector","floor":33,"turns":6},{"damage":18,"enemies":"3 Darklings","floor":35,"turns":4},{"damage":33,"enemies":"3 Shapes","floor":37,"turns":3},{"damage":17,"enemies":"Spire Growth","floor":38,"turns":3},{"damage":33,"enemies":"3 Darklings","floor":39,"turns":4}],"seed_played":"-187637381707166903","potions_obtained":[{"floor":1,"key":"AttackPotion"},{"floor":5,"key":"AttackPotion"},{"floor":16,"key":"SkillPotion"},{"floor":18,"key":"BloodPotion"},{"floor":22,"key":"Block Potion"},{"floor":31,"key":"Block Potion"},{"floor":33,"key":"Regen Potion"}],"is_trial":false,"path_per_floor":["M","$","M","M","M","E","R","?","T","E","R","?","R","$","R","B",null,"M","?","$","?","?","R","E","R","T","E","R","M","E","M","R","B",null,"M","?","M","M","M"],"character_chosen":"IRONCLAD","items_purchased":[],"campfire_rested":1,"item_purchase_floors":[],"current_hp_per_floor":[80,80,80,80,69,59,59,43,43,49,49,49,49,49,49,30,80,79,79,79,79,68,68,51,51,61,48,48,48,48,54,81,40,90,78,68,41,30,0],"gold":368,"neow_bonus":"RANDOM_COLORLESS_2","is_prod":false,"is_daily":false,"chose_seed":false,"campfire_upgraded":7,"win_rate":0,"timestamp":1556254666,"path_taken":["M","?","?","M","M","E","R","?","T","E","R","?","R","$","R","BOSS","M","?","?","?","?","R","E","R","T","E","R","M","E","?","R","BOSS","M","?","M","M","M"],"build_version":"2019-01-23","purchased_purges":3,"victory":false,"max_hp_per_floor":[80,80,80,80,80,80,80,80,80,80,80,80,80,80,80,80,80,80,80,80,80,80,80,80,80,90,90,90,90,90,90,90,90,90,90,90,90,90,90],"card_choices":[{"not_picked":["Twin Strike","Seeing Red"],"picked":"Clash","floor":1},{"not_picked":["Wild Strike","Pommel Strike","Cleave"],"picked":"SKIP","floor":3},{"not_picked":["Shrug It Off","Thunderclap","Reckless Charge"],"picked":"SKIP","floor":4},{"not_picked":["Cleave","Perfected Strike"],"picked":"Headbutt","floor":5},{"not_picked":["Feel No Pain","Pommel Strike"],"picked":"Double Tap","floor":6},{"not_picked":["Clothesline","Headbutt"],"picked":"Clash","floor":10},{"not_picked":["Dark Embrace","Juggernaut"],"picked":"Offering","floor":16},{"not_picked":["Thunderclap","Iron Wave"],"picked":"Dropkick","floor":17},{"not_picked":["Pommel Strike","Searing Blow"],"picked":"Body Slam","floor":17},{"not_picked":["Disarm","Bloodletting","Cleave"],"picked":"SKIP","floor":18},{"not_picked":["Sword Boomerang+1","Anger","Thunderclap+1"],"picked":"SKIP","floor":24},{"not_picked":["Combust","Evolve+1","Bloodletting+1"],"picked":"SKIP","floor":27},{"not_picked":["Havoc+1","Anger+1"],"picked":"Rupture","floor":29},{"not_picked":["Thunderclap+1","Burning Pact"],"picked":"Brutality","floor":30},{"not_picked":["Thunderclap","Wild Strike"],"picked":"Clash","floor":31},{"not_picked":["Fiend Fire","Bludgeon"],"picked":"Limit Break","floor":33},{"not_picked":["Anger","Disarm+1","True Grit"],"picked":"SKIP","floor":35},{"not_picked":["Deep Breath","Secret Weapon"],"picked":"PanicButton","floor":36},{"not_picked":["The Bomb","Swift Strike"],"picked":"Chrysalis","floor":36},{"not_picked":["The Bomb","Good Instincts"],"picked":"Madness","floor":36},{"not_picked":["Dropkick","Armaments+1"],"picked":"Seeing Red+1","floor":37},{"not_picked":["Bloodletting+1","Sword Boomerang"],"picked":"Blood for Blood+1","floor":38}],"player_experience":104271,"relics_obtained":[{"floor":6,"key":"Vajra"},{"floor":9,"key":"PreservedInsect"},{"floor":10,"key":"Red Skull"},{"floor":22,"key":"Red Mask"},{"floor":24,"key":"Mummified Hand"},{"floor":26,"key":"Pear"},{"floor":27,"key":"Boot"},{"floor":30,"key":"Oddly Smooth Stone"}],"event_choices":[{"damage_healed":0,"gold_gain":0,"player_choice":"Entered Light","damage_taken":16,"max_hp_gain":0,"max_hp_loss":0,"event_name":"Shining Light","floor":8,"gold_loss":0,"cards_upgraded":["Defend_R","Strike_R"]},{"damage_healed":0,"gold_gain":0,"player_choice":"Box","damage_taken":0,"relics_obtained":["Pen Nib"],"max_hp_gain":0,"max_hp_loss":0,"event_name":"Big Fish","floor":12,"gold_loss":0,"cards_obtained":["Regret"]},{"damage_healed":0,"gold_gain":0,"player_choice":"Rummage","damage_taken":0,"relics_obtained":["WarpedTongs"],"max_hp_gain":0,"max_hp_loss":0,"event_name":"Accursed Blacksmith","floor":19,"gold_loss":0,"cards_obtained":["Pain"]},{"damage_healed":0,"gold_gain":0,"player_choice":"Read","damage_taken":0,"max_hp_gain":0,"max_hp_loss":0,"event_name":"The Library","floor":21,"gold_loss":0,"cards_obtained":["Clash"]},{"damage_healed":0,"gold_gain":0,"player_choice":"Fought Bandits","damage_taken":0,"max_hp_gain":0,"max_hp_loss":0,"event_name":"Masked Bandits","floor":22,"gold_loss":0},{"damage_healed":0,"gold_gain":0,"player_choice":"Memory 3","damage_taken":10,"max_hp_gain":0,"max_hp_loss":0,"event_name":"SensoryStone","floor":36,"gold_loss":0}],"is_beta":false,"boss_relics":[{"not_picked":["Runic Cube","Empty Cage"],"picked":"Orrery"},{"not_picked":["Astrolabe","Calling Bell"],"picked":"Runic Pyramid"}],"items_purged_floors":[2,14,20],"is_endless":false,"potions_floor_spawned":[1,5,16,18,22,31,33,38],"killed_by":"3 Darklings","ascension_level":2}