{"gold_per_floor":[117,132,151,164,182,182,214,234,305,305,334,334,46,46,46,149,149,104,104,104,104,104,104,104,104,104,53,53,0,0,0,0,0,0,0,0,0,0,0,0,0,0,0,0,0,0,0,0,0,0],"floor_reached":51,"playtime":3223,"items_purged":["Strike_B"],"score":795,"play_id":"06a547ed-b4d1-4259-9b2d-1b03ec8cdb30","local_time":"20180802175005","is_ascension_mode":true,"campfire_choices":[{"data":"Defragment","floor":6.0,"key":"SMITH"},{"floor":10.0,"key":"REST"},{"floor":12.0,"key":"REST"},{"data":"Loop","floor":15.0,"key":"SMITH"},{"floor":23.0,"key":"REST"},{"floor":25.0,"key":"REST"},{"data":"Fission","floor":28.0,"key":"SMITH"},{"floor":30.0,"key":"REST"},{"floor":32.0,"key":"REST"},{"floor":40,"key":"REST"},{"floor":45,"key":"REST"},{"data":"Darkness","floor":49,"key":"SMITH"}],"neow_cost":"NONE","seed_source_timestamp":0,"circlet_count":0,"master_deck":["Strike_B","Strike_B","Strike_B","Defend_B","Defend_B","Defend_B","Defend_B","Zap","Dualcast","Beam Cell","Sweeping Beam","Undo","Defragment+1","Redo","BootSequence","Reboot","White Noise","Coolheaded","Loop+1","Electrodynamics","Cold Snap","Steam","Fission+1","Redo+1","Glacier","Steam+1","Hologram","Seek","Conserve Battery+1","Madness","Madness","Mind Blast","Capacitor+1","Stack+1","Heatsinks","Auto Shields+1","Darkness+1"],"special_seed":0,"relics":["Cracked Core","Vajra","Blue Candle","Bottled Lightning","Orichalcum","Ectoplasm","Du-Vu Doll","Question Card","Anchor","Velvet Choker","Gambling Chip","Old Coin","Letter Opener"],"potions_floor_usage":[50],"damage_taken":[{"damage":6.0,"enemies":"Cultist","floor":1.0,"turns":3.0},{"damage":4.0,"enemies":"Small Slimes","floor":2.0,"turns":3.0},{"damage":9.0,"enemies":"2 Louse","floor":3.0,"turns":3.0},{"damage":4.0,"enemies":"2 Fungi Beasts","floor":4.0,"turns":3.0},{"damage":1.0,"enemies":"Large Slime","floor":5.0,"turns":4.0},{"damage":24.0,"enemies":"Gremlin Nob","floor":7.0,"turns":5.0},{"damage":17.0,"enemies":"Exordium Thugs","floor":8.0,"turns":5.0},{"damage":16.0,"enemies":"3 Sentries","floor":11.0,"turns":5.0},{"damage":11.0,"enemies":"Slime Boss","floor":16.0,"turns":9.0},{"damage":6.0,"enemies":"2 Thieves","floor":18.0,"turns":3.0},{"damage":11.0,"enemies":"Spheric Guardian","floor":19.0,"turns":4.0},{"damage":10.0,"enemies":"Cultist and Chosen","floor":20.0,"turns":6.0},{"damage":17.0,"enemies":"Snake Plant","floor":21.0,"turns":8.0},{"damage":17.0,"enemies":"Centurion and Healer","floor":22.0,"turns":4.0},{"damage":34.0,"enemies":"Slavers","floor":24.0,"turns":7.0},{"damage":25.0,"enemies":"Book of Stabbing","floor":31.0,"turns":7.0},{"damage":6.0,"enemies":"Automaton","floor":33.0,"turns":18.0},{"damage":0,"enemies":"3 Shapes","floor":35,"turns":4},{"damage":13,"enemies":"Orb Walker","floor":38,"turns":4},{"damage":23,"floor":39,"turns":8},{"damage":5,"enemies":"Sphere and 2 Shapes","floor":41,"turns":8},{"damage":6,"enemies":"Nemesis","floor":42,"turns":11},{"damage":0,"enemies":"Flame Bruiser 2 Orb","floor":47,"turns":10},{"damage":2,"enemies":"Spire Growth","floor":48,"turns":5},{"damage":51,"enemies":"Awakened One","floor":50,"turns":20}],"seed_played":"2664985629735294141","potions_obtained":[{"floor":3.0,"key":"LiquidBronze"},{"floor":7.0,"key":"EntropicBrew"},{"floor":8.0,"key":"GamblersBrew"},{"floor":18.0,"key":"Energy Potion"},{"floor":20.0,"key":"AttackPotion"},{"floor":31.0,"key":"Poison Potion"},{"floor":41,"key":"Ancient Potion"},{"floor":42,"key":"FearPotion"},{"floor":47,"key":"LiquidBronze"}],"is_trial":false,"path_per_floor":["M","M","M","M","M","R","E","M","T","R","E","R","$","?","R","B",null,"M","M","M","M","M","R","E","R","T","$","R","?","R","E","R","B",null,"M","?","?","M","?","R","M","E","T","$","R","$","M","M","R","B"],"character_chosen":"DEFECT","items_purchased":["White Noise","Coolheaded","Loop","PowerPotion","Fire Potion"],"campfire_rested":8,"item_purchase_floors":[13,13,13,13,27],"current_hp_per_floor":[69,65,56,52,51,51,27,10,10,32,16,38,38,38,38,27,75,69,58,48,31,14,36,2,24,24,24,24,24,46,28,50,44,75,75,66,61,48,25,47,42,36,36,36,58,58,58,56,56,12],"gold":0,"neow_bonus":"RANDOM_COMMON_RELIC","is_prod":false,"is_daily":false,"chose_seed":false,"campfire_upgraded":4,"win_rate":0,"timestamp":1533243005,"path_taken":["M","M","M","M","M","R","E","M","T","R","E","R","$","?","R","BOSS","M","M","M","M","?","R","E","R","T","$","R","?","R","E","R","BOSS","M","?","?","?","?","R","M","E","T","?","R","$","?","M","R","BOSS"],"build_version":"2018-07-12","purchased_purges":1,"victory":true,"max_hp_per_floor":[75,75,75,75,75,75,75,75,75,75,75,75,75,75,75,75,75,75,75,75,75,75,75,75,75,75,75,75,75,75,75,75,75,75,75,75,75,75,75,75,75,75,75,75,75,75,75,75,75,75],"card_choices":[{"not_picked":["Rebound","Chaos"],"picked":"Beam Cell","floor":1.0},{"not_picked":["Hello World","Compile Driver"],"picked":"Sweeping Beam","floor":2.0},{"not_picked":["Compile Driver","Go for the Eyes"],"picked":"Undo","floor":3.0},{"not_picked":["Gash","Turbo","Chaos"],"picked":"SKIP","floor":4.0},{"not_picked":["Gash","Turbo","Chaos"],"picked":"SKIP","floor":4.0},{"not_picked":["Redo","Leap"],"picked":"Defragment","floor":5.0},{"not_picked":["Sweeping Beam","Go for the Eyes"],"picked":"Redo","floor":7.0},{"not_picked":["Genetic Algorithm","Barrage"],"picked":"BootSequence","floor":8.0},{"not_picked":["Hello World","Amplify"],"picked":"Reboot","floor":11.0},{"not_picked":["Thunder Strike","Amplify"],"picked":"Electrodynamics","floor":16.0},{"not_picked":["Undo","Hello World"],"picked":"Cold Snap","floor":18.0},{"not_picked":["Stack","Barrage"],"picked":"Steam","floor":19.0},{"not_picked":["Turbo","Stack"],"picked":"Fission","floor":20.0},{"not_picked":["Cold Snap","Turbo"],"picked":"Redo+1","floor":21.0},{"not_picked":["Defragment","Tempest"],"picked":"Glacier","floor":22.0},{"not_picked":["BootSequence","Echo Form"],"picked":"Steam+1","floor":24.0},{"not_picked":["Go for the Eyes+1","Rip and Tear+1","Barrage+1"],"picked":"Hologram","floor":31.0},{"not_picked":["Creative AI","Buffer","Reboot"],"picked":"Seek","floor":33.0},{"not_picked":["Hologram+1","Heatsinks+1","Fusion+1"],"picked":"Conserve Battery+1","floor":35},{"not_picked":["Flash of Steel","Thinking Ahead","Dark Shackles"],"picked":"Mind Blast","floor":37},{"not_picked":["Hello World+1","Sunder+1","Barrage"],"picked":"Capacitor+1","floor":38},{"not_picked":["Steam","Leap+1","Go for the Eyes+1"],"picked":"Stack+1","floor":39},{"not_picked":["Self Repair+1","White Noise","Buffer","Heatsinks"],"picked":"SKIP","floor":41},{"not_picked":["Tempest","Aggregate","Steam+1"],"picked":"Heatsinks","floor":42},{"not_picked":["Go for the Eyes","Conserve Battery","Redo+1"],"picked":"Auto Shields+1","floor":47},{"not_picked":["Leap","Rebound+1","Barrage"],"picked":"Darkness","floor":48}],"player_experience":414842,"relics_obtained":[{"floor":7.0,"key":"Blue Candle"},{"floor":9.0,"key":"Bottled Lightning"},{"floor":11.0,"key":"Orichalcum"},{"floor":24.0,"key":"Du-Vu Doll"},{"floor":26.0,"key":"Question Card"},{"floor":31.0,"key":"Anchor"},{"floor":39,"key":"Gambling Chip"},{"floor":42,"key":"Old Coin"},{"floor":43,"key":"Letter Opener"}],"event_choices":[{"event_name":"Scrap Ooze","player_choice":"unsuccessful","floor":14.0,"damage_taken":0.0},{"event_name":"Masked Bandits","player_choice":"Paid Bandits 53 gold","floor":29.0,"damage_taken":0.0},{"event_name":"Winding Halls","player_choice":"Embrace Madness","floor":36,"damage_taken":0},{"event_name":"SensoryStone","player_choice":"Memory 2","floor":37,"damage_taken":0},{"event_name":"MindBloom","player_choice":"Fight","floor":39,"damage_taken":0}],"boss_relics":[{"not_picked":["Empty Cage","Nuclear Battery"],"picked":"Ectoplasm"},{"not_picked":["Philosopher\u0027s Stone","White Beast Statue"],"picked":"Velvet Choker"}],"items_purged_floors":[13],"is_endless":false,"potions_floor_spawned":[3,7,8,11,18,20,21,31,41,42,47],"ascension_level":2}