{"gold_per_floor":[110,260,185,110,130,164,164,191,265,291,308,34,34,54,54,132,132,152,152,167,167,96,127,127,138,163,60,60,160,174,174,174,252,252,267,293,307,51,61,89,89,121,148,180,180,56,75,94,94,94,94,94,94,28,60,60],"floor_reached":57,"playtime":4299,"items_purged":["Strike_R","Strike_R","Bash"],"score":2982,"play_id":"4a4bd27b-2c91-40b2-a19a-66ed9d076d1f","local_time":"20190416232940","is_ascension_mode":true,"campfire_choices":[{"data":"Fiend Fire","floor":7.0,"key":"SMITH"},{"data":"Whirlwind","floor":13.0,"key":"SMITH"},{"data":"Pommel Strike","floor":15.0,"key":"SMITH"},{"data":"Battle Trance","floor":24.0,"key":"SMITH"},{"data":"Bloodletting","floor":28.0,"key":"SMITH"},{"data":"Burning Pact","floor":32.0,"key":"SMITH"},{"floor":49.0,"key":"RECALL"},{"floor":53.0,"key":"REST"}],"neow_cost":"PERCENT_DAMAGE","seed_source_timestamp":37606721611074,"circlet_count":0,"master_deck":["AscendersBane","Defend_R","Defend_R","Defend_R","Defend_R","Fiend Fire+1","Demon Form","Inflame","Shrug It Off","Battle Trance+1","Pommel Strike+1","Reckless Charge","Whirlwind+1","Bloodletting+1","Feed","Warcry+1","Burning Pact+1","Armaments+1","Second Wind","Warcry","Power Through","Impervious","Warcry+1","Reaper","Sword Boomerang","Apotheosis","Double Tap","Rupture","Evolve","Feel No Pain","Parasite","Offering","Dual Wield"],"special_seed":0,"relics":["Burning Blood","Kunai","Potion Belt","The Courier","FossilizedHelix","Runic Cube","Vajra","Bronze Scales","Gambling Chip","Darkstone Periapt","Fusion Hammer","Anchor","StoneCalendar","Turnip","Question Card","Sundial","Pantograph"],"potions_floor_usage":[56,56],"damage_taken":[{"damage":7.0,"enemies":"Jaw Worm","floor":1.0,"turns":4.0},{"damage":0.0,"enemies":"Small Slimes","floor":5.0,"turns":5.0},{"damage":15.0,"enemies":"Lagavulin","floor":6.0,"turns":7.0},{"damage":31.0,"enemies":"Gremlin Nob","floor":10.0,"turns":4.0},{"damage":0.0,"enemies":"Cultist","floor":11.0,"turns":4.0},{"damage":0.0,"enemies":"Large Slime","floor":14.0,"turns":3.0},{"damage":3.0,"enemies":"Slime Boss","floor":16.0,"turns":6.0},{"damage":8.0,"enemies":"3 Byrds","floor":18.0,"turns":4.0},{"damage":7.0,"enemies":"2 Thieves","floor":20.0,"turns":4.0},{"damage":46.0,"enemies":"Slavers","floor":23.0,"turns":4.0},{"damage":0.0,"enemies":"Centurion and Healer","floor":25.0,"turns":4.0},{"damage":0.0,"enemies":"Colosseum Slavers","floor":29.0,"turns":5.0},{"damage":3.0,"enemies":"Colosseum Nobs","floor":29.0,"turns":6.0},{"damage":23.0,"enemies":"Snecko","floor":30.0,"turns":6.0},{"damage":22.0,"enemies":"Champ","floor":33.0,"turns":10.0},{"damage":0.0,"enemies":"Orb Walker","floor":35.0,"turns":1.0},{"damage":8.0,"enemies":"3 Shapes","floor":37.0,"turns":4.0},{"damage":26.0,"enemies":"Sphere and 2 Shapes","floor":39.0,"turns":6.0},{"damage":71.0,"enemies":"Reptomancer","floor":40.0,"turns":9.0},{"damage":118.0,"enemies":"Giant Head","floor":42.0,"turns":8.0},{"damage":45.0,"enemies":"Nemesis","floor":44.0,"turns":7.0},{"damage":25.0,"enemies":"3 Darklings","floor":47.0,"turns":6.0},{"damage":6.0,"enemies":"Writhing Mass","floor":48.0,"turns":7.0},{"damage":43.0,"enemies":"Time Eater","floor":50.0,"turns":8.0},{"damage":15.0,"enemies":"Donu and Deca","floor":51.0,"turns":6.0},{"damage":56.0,"enemies":"Shield and Spear","floor":55.0,"turns":5.0},{"damage":190,"enemies":"The Heart","floor":56,"turns":9}],"seed_played":"-8556956622389728037","potions_obtained":[{"floor":6.0,"key":"EssenceOfSteel"},{"floor":10.0,"key":"Dexterity Potion"},{"floor":11.0,"key":"PowerPotion"},{"floor":20.0,"key":"GamblersBrew"},{"floor":25.0,"key":"SpeedPotion"},{"floor":30.0,"key":"SpeedPotion"},{"floor":48.0,"key":"Explosive Potion"}],"is_trial":false,"path_per_floor":["M","?","?","$","M","E","R","T","T","E","M","$","R","M","R","B",null,"M","?","M","?","$","E","R","M","T","$","R","?","M","?","R","B",null,"M","T","M","$","M","E","?","E","T","E","?","$","M","M","R","B","B",null,"R","$","E","B",null],"character_chosen":"IRONCLAD","items_purchased":["Reckless Charge","Whirlwind","Bloodletting","Burning Pact","Warcry","Power Through","Apotheosis","Evolve","Feel No Pain","GamblersBrew"],"campfire_rested":1,"item_purchase_floors":[12,12,12,22,27,27,38,46,46,54],"current_hp_per_floor":[49,49,49,49,55,46,46,46,46,21,27,27,27,33,33,36,65,66,66,68,68,68,31,31,40,40,40,40,49,36,36,36,24,77,83,83,95,95,102,87,87,47,47,50,50,50,67,104,104,89,102,113,116,116,104,10],"gold":60,"neow_bonus":"TRANSFORM_TWO_CARDS","is_prod":false,"is_daily":false,"chose_seed":false,"campfire_upgraded":6,"win_rate":0,"timestamp":1555428580,"path_taken":["M","?","?","?","M","E","R","?","T","E","?","$","R","M","R","BOSS","M","?","?","?","$","E","R","M","T","$","R","?","M","?","R","BOSS","M","?","M","?","?","E","?","E","T","E","?","$","?","M","R","BOSS","BOSS","R","$","E","BOSS"],"build_version":"2019-01-23","purchased_purges":3,"victory":true,"max_hp_per_floor":[75,75,75,75,75,75,75,75,75,75,75,75,75,75,75,75,75,78,78,81,81,81,84,84,87,87,87,87,87,91,91,91,95,95,95,95,98,98,102,106,106,106,106,106,106,106,106,112,112,112,116,116,116,116,116,116],"card_choices":[{"not_picked":["Heavy Blade","Searing Blow"],"picked":"Inflame","floor":1.0},{"not_picked":["Uppercut","Iron Wave","Disarm"],"picked":"SKIP","floor":5.0},{"not_picked":["Flame Barrier","Wild Strike"],"picked":"Shrug It Off","floor":6.0},{"not_picked":["Iron Wave","Exhume"],"picked":"Battle Trance","floor":10.0},{"not_picked":["Wild Strike","Warcry"],"picked":"Pommel Strike","floor":11.0},{"not_picked":["Body Slam","Clash","Twin Strike"],"picked":"SKIP","floor":14.0},{"not_picked":["Body Slam","Clash","Twin Strike"],"picked":"SKIP","floor":14.0},{"not_picked":["Demon Form","Fiend Fire"],"picked":"Feed","floor":16.0},{"not_picked":["Havoc+1","Perfected Strike","Intimidate"],"picked":"SKIP","floor":18.0},{"not_picked":["Wild Strike","Shrug It Off+1"],"picked":"Warcry+1","floor":20.0},{"not_picked":["Headbutt+1","Corruption"],"picked":"Armaments+1","floor":23.0},{"not_picked":["Dual Wield","Searing Blow"],"picked":"Second Wind","floor":25.0},{"not_picked":["Heavy Blade","Warcry"],"picked":"Impervious","floor":30.0},{"not_picked":["Brutality","Immolate"],"picked":"Reaper","floor":33.0},{"not_picked":["Clash","Pummel"],"picked":"Sword Boomerang","floor":35.0},{"not_picked":["Clash","Infernal Blade+1","Flex"],"picked":"SKIP","floor":37.0},{"not_picked":["Entrench","Rage","Clash"],"picked":"SKIP","floor":39.0},{"not_picked":["Twin Strike","True Grit"],"picked":"Double Tap","floor":40.0},{"not_picked":["True Grit","Pummel","Pommel Strike"],"picked":"SKIP","floor":42.0},{"not_picked":["Blood for Blood","Cleave"],"picked":"Rupture","floor":44.0},{"not_picked":["Wild Strike+1","Twin Strike","Sword Boomerang","Clash+1"],"picked":"SKIP","floor":47.0},{"not_picked":["Clash","Metallicize+1","Cleave+1"],"picked":"Offering","floor":48.0},{"not_picked":["Whirlwind","Uppercut","Havoc"],"picked":"Dual Wield","floor":55.0}],"player_experience":1670344,"relics_obtained":[{"floor":6.0,"key":"Kunai"},{"floor":8.0,"key":"Potion Belt"},{"floor":9.0,"key":"The Courier"},{"floor":10.0,"key":"FossilizedHelix"},{"floor":23.0,"key":"Vajra"},{"floor":26.0,"key":"Bronze Scales"},{"floor":29.0,"key":"Gambling Chip"},{"floor":29.0,"key":"Darkstone Periapt"},{"floor":36.0,"key":"Anchor"},{"floor":40.0,"key":"StoneCalendar"},{"floor":42.0,"key":"Turnip"},{"floor":44.0,"key":"Question Card"},{"floor":55.0,"key":"Pantograph"}],"event_choices":[{"damage_healed":0.0,"max_hp_gain":0.0,"max_hp_loss":0.0,"gold_gain":150.0,"event_name":"Liars Game","player_choice":"AGREE","floor":2.0,"gold_loss":0.0,"damage_taken":0.0,"cards_obtained":["Doubt"]},{"cards_removed":["Doubt"],"damage_healed":0.0,"max_hp_gain":0.0,"max_hp_loss":0.0,"gold_gain":0.0,"event_name":"The Cleric","player_choice":"Card Removal","floor":3.0,"gold_loss":75.0,"damage_taken":0.0},{"cards_removed":["Strike_R"],"damage_healed":0.0,"max_hp_gain":0.0,"max_hp_loss":0.0,"gold_gain":0.0,"event_name":"Purifier","player_choice":"Purged","floor":19.0,"gold_loss":0.0,"damage_taken":0.0},{"damage_healed":0.0,"max_hp_gain":0.0,"max_hp_loss":0.0,"gold_gain":0.0,"event_name":"Vampires","player_choice":"Ignored","floor":21.0,"gold_loss":0.0,"damage_taken":0.0},{"damage_healed":0.0,"max_hp_gain":0.0,"max_hp_loss":0.0,"gold_gain":0.0,"event_name":"Colosseum","player_choice":"Fight","floor":29.0,"gold_loss":0.0,"damage_taken":0.0},{"damage_healed":0.0,"max_hp_gain":0.0,"max_hp_loss":0.0,"gold_gain":0.0,"event_name":"Colosseum","player_choice":"Fought Nobs","floor":29.0,"gold_loss":0.0,"damage_taken":0.0},{"damage_healed":0.0,"max_hp_gain":0.0,"max_hp_loss":0.0,"gold_gain":0.0,"event_name":"Duplicator","player_choice":"Copied","floor":31.0,"gold_loss":0.0,"damage_taken":0.0,"cards_obtained":["Warcry"]},{"damage_healed":0.0,"max_hp_gain":0.0,"max_hp_loss":0.0,"gold_gain":0.0,"event_name":"Tomb of Lord Red Mask","player_choice":"Ignored","floor":41.0,"gold_loss":0.0,"damage_taken":0.0},{"damage_healed":0.0,"max_hp_gain":0.0,"max_hp_loss":0.0,"gold_gain":0.0,"event_name":"WeMeetAgain","player_choice":"Gave Potion","floor":45.0,"gold_loss":0.0,"damage_taken":0.0,"relics_obtained":["Sundial"]}],"is_beta":false,"boss_relics":[{"not_picked":["White Beast Statue","Busted Crown"],"picked":"Runic Cube"},{"not_picked":["Snecko Eye","Calling Bell"],"picked":"Fusion Hammer"}],"items_purged_floors":[4,12,38],"is_endless":false,"potions_floor_spawned":[6,10,11,20,25,30,37,40,48],"ascension_level":20}