{"gold_per_floor":[110,124,139,139,155,186,186,248,272,285,285,3,3,0,0,102,102,117,117,133,153,2,2,35,52,52,52,76,76,76,409,409,511,511,527,540,540,615,634,634,647,647,671,671,671,132,143,43,43,43],"floor_reached":51,"playtime":1696,"items_purged":["Strike_B","Bite"],"score":904,"play_id":"f10ff0b0-0725-4a61-acb8-b02c48b0bf97","local_time":"20180803015430","is_ascension_mode":true,"campfire_choices":[{"floor":7,"key":"REST"},{"floor":11,"key":"REST"},{"data":"Defragment","floor":15,"key":"SMITH"},{"floor":23,"key":"REST"},{"data":"Rainbow","floor":27,"key":"SMITH"},{"data":"Echo Form","floor":30,"key":"SMITH"},{"data":"Darkness","floor":32,"key":"SMITH"},{"floor":40,"key":"REST"},{"floor":42,"key":"REST"},{"floor":44,"key":"REST"},{"floor":49,"key":"REST"}],"neow_cost":"NONE","seed_source_timestamp":29212323887865,"circlet_count":0,"master_deck":["Defend_B","Defend_B","Defend_B","Defend_B+1","Zap","Dualcast","Cold Snap+1","Sunder+1","Defragment+1","Auto Shields","Leap","Echo Form+1","Cold Snap","Rainbow+1","Conserve Battery","Coolheaded+1","Stack","Darkness+1","Bite","Bite","Bite","Bite","Sunder+1","Machine Learning","Storm","Go for the Eyes+1","Steam Power+1","Steam+1","Compile Driver+1"],"relics":["Black Star","Ancient Tea Set","Whetstone","Anchor","Tiny Chest","Runic Dome","DataDisk","Vajra","Orichalcum","Blue Candle","Centennial Puzzle","Emotion Chip","Old Coin","Nuclear Battery","Toxic Egg 2","Pen Nib","Runic Capacitor","Lantern","Art of War"],"potions_floor_usage":[6,8,31,33,50,50],"damage_taken":[{"damage":1,"enemies":"Cultist","floor":1,"turns":3},{"damage":5,"enemies":"Small Slimes","floor":2,"turns":4},{"damage":0,"enemies":"2 Louse","floor":3,"turns":3},{"damage":0,"enemies":"2 Fungi Beasts","floor":5,"turns":2},{"damage":36,"enemies":"Gremlin Nob","floor":6,"turns":5},{"damage":11,"enemies":"Lagavulin","floor":8,"turns":8},{"damage":12,"enemies":"Exordium Wildlife","floor":10,"turns":3},{"damage":38,"enemies":"Slime Boss","floor":16,"turns":7},{"damage":13,"enemies":"2 Thieves","floor":18,"turns":4},{"damage":0,"enemies":"Shell Parasite","floor":20,"turns":6},{"damage":6,"enemies":"Snecko","floor":21,"turns":4},{"damage":8,"enemies":"Book of Stabbing","floor":24,"turns":6},{"damage":4,"enemies":"Centurion and Healer","floor":25,"turns":7},{"damage":13,"enemies":"Slavers","floor":31,"turns":8},{"damage":16,"enemies":"Collector","floor":33,"turns":10},{"damage":21,"enemies":"Flame Bruiser 1 Orb","floor":35,"turns":6},{"damage":16,"enemies":"3 Darklings","floor":36,"turns":4},{"damage":22,"enemies":"Transient","floor":39,"turns":5},{"damage":53,"enemies":"Flame Bruiser 2 Orb","floor":41,"turns":6},{"damage":9,"enemies":"Spire Growth","floor":47,"turns":6},{"damage":51,"enemies":"Time Eater","floor":50,"turns":12}],"seed_played":"2644248553336594452","potions_obtained":[{"floor":1,"key":"SteroidPotion"},{"floor":5,"key":"Explosive Potion"},{"floor":6,"key":"Poison Potion"},{"floor":8,"key":"Dexterity Potion"},{"floor":20,"key":"Strength Potion"},{"floor":31,"key":"SkillPotion"},{"floor":39,"key":"Weak Potion"},{"floor":41,"key":"Fruit Juice"}],"is_trial":false,"path_per_floor":["M","M","M","?","M","E","R","E","T","M","R","$","?","?","R","B",null,"M","?","M","M","$","R","E","M","T","R","T","?","R","E","R","B",null,"M","M","T","?","M","R","M","R","T","R","?","$","M","$","R","B"],"character_chosen":"DEFECT","items_purchased":["Echo Form","Cold Snap","DataDisk","Runic Capacitor","Lantern","Art of War","Steam+1"],"campfire_rested":7,"item_purchase_floors":[12,12,22,46,46,46,46],"current_hp_per_floor":[74,69,69,54,54,18,40,29,29,19,41,41,41,41,41,5,58,47,47,49,45,45,67,61,59,59,59,59,59,59,66,66,66,73,64,50,50,43,31,53,12,34,34,56,56,56,55,55,75,41],"gold":43,"neow_bonus":"BOSS_RELIC","is_prod":false,"is_daily":false,"chose_seed":false,"campfire_upgraded":4,"win_rate":0,"timestamp":1533272070,"path_taken":["M","M","M","?","M","E","R","E","T","M","R","$","?","?","R","BOSS","M","?","?","M","$","R","E","M","T","R","?","?","R","E","R","BOSS","M","M","?","?","M","R","M","R","T","R","?","$","M","?","R","BOSS"],"build_version":"2018-07-12","purchased_purges":2,"victory":true,"max_hp_per_floor":[75,75,75,75,75,75,75,75,75,75,75,75,75,75,75,75,75,75,75,75,75,75,75,75,75,75,75,75,75,75,75,75,75,75,75,75,75,75,75,75,75,75,75,75,75,75,75,75,75,80],"card_choices":[{"not_picked":["Chill","Turbo"],"picked":"Cold Snap","floor":1},{"not_picked":["Reprogram","Coolheaded"],"picked":"Sunder","floor":2},{"not_picked":["Gash","Redo"],"picked":"Defragment","floor":3},{"not_picked":["Consume","Stack","Turbo"],"picked":"SKIP","floor":5},{"not_picked":["Darkness","Beam Cell"],"picked":"Auto Shields","floor":6},{"not_picked":["Heatsinks","Genetic Algorithm","Chaos"],"picked":"SKIP","floor":8},{"not_picked":["Coolheaded","Sweeping Beam"],"picked":"Leap","floor":10},{"not_picked":["Creative AI","Thunder Strike"],"picked":"Rainbow","floor":16},{"not_picked":["Streamline","Rebound+1"],"picked":"Conserve Battery","floor":18},{"not_picked":["Sweeping Beam","Streamline"],"picked":"Coolheaded+1","floor":20},{"not_picked":["Streamline","Cold Snap","Static Discharge"],"picked":"SKIP","floor":21},{"not_picked":["Rebound+1","Barrage"],"picked":"Stack","floor":24},{"not_picked":["Fusion","Thunder Strike"],"picked":"Darkness","floor":25},{"not_picked":["Compile Driver","Hologram"],"picked":"Sunder+1","floor":31},{"not_picked":["Multi-Cast","Hyperbeam"],"picked":"Machine Learning","floor":33},{"not_picked":["Tempest","Streamline"],"picked":"Storm","floor":35},{"not_picked":["Steam","Tempest"],"picked":"Go for the Eyes+1","floor":36},{"not_picked":["All For One","Gash"],"picked":"FTL+1","floor":39},{"not_picked":["Leap+1","Conserve Battery+1"],"picked":"Steam Power+1","floor":41},{"not_picked":["Darkness+1","Static Discharge+1"],"picked":"Compile Driver+1","floor":47}],"player_experience":435201,"relics_obtained":[{"floor":6,"key":"Ancient Tea Set"},{"floor":6,"key":"Whetstone"},{"floor":8,"key":"Anchor"},{"floor":8,"key":"Tiny Chest"},{"floor":9,"key":"Blood Vial"},{"floor":24,"key":"Vajra"},{"floor":24,"key":"Orichalcum"},{"floor":26,"key":"Blue Candle"},{"floor":28,"key":"Centennial Puzzle"},{"floor":31,"key":"Emotion Chip"},{"floor":31,"key":"Old Coin"},{"floor":37,"key":"Toxic Egg 2"},{"floor":43,"key":"Pen Nib"}],"event_choices":[{"event_name":"Shining Light","player_choice":"Entered Light","floor":4,"damage_taken":0},{"event_name":"Liars Game","player_choice":"disagreed","floor":13,"damage_taken":0},{"event_name":"World of Goop","player_choice":"Left","floor":14,"damage_taken":0},{"event_name":"Drug Dealer","player_choice":"Ignored","floor":19,"damage_taken":0},{"event_name":"Vampires","player_choice":"Became a vampire (Vial)","floor":29,"damage_taken":0},{"event_name":"FaceTrader","player_choice":"Touch","floor":38,"damage_taken":0},{"event_name":"Falling","player_choice":"Removed Attack","floor":45,"damage_taken":0}],"boss_relics":[{"not_picked":["Runic Pyramid","Calling Bell"],"picked":"Runic Dome"},{"not_picked":["Pandora\u0027s Box","Snecko Eye"],"picked":"Nuclear Battery"}],"items_purged_floors":[12,48],"is_endless":false,"potions_floor_spawned":[1,5,6,8,20,24,25,31,39,41],"ascension_level":5}