{"gold_per_floor":[116,116,191,207,221,221,231,231,255,275,275,303,65,96,96,96],"floor_reached":16,"playtime":419,"items_purged":[],"score":220,"play_id":"258406c7-c68b-4496-a571-373589698345","local_time":"20190505161507","is_ascension_mode":true,"campfire_choices":[{"data":"Zap","floor":6,"key":"SMITH"},{"floor":8,"key":"REST"},{"data":"Coolheaded","floor":11,"key":"SMITH"},{"data":"Consume","floor":15,"key":"SMITH"}],"neow_cost":"NONE","seed_source_timestamp":6190896248024,"circlet_count":0,"master_deck":["AscendersBane","Strike_B","Strike_B","Strike_B","Strike_B","Defend_B","Defend_B","Defend_B","Defend_B","Zap+1","Dualcast","Compile Driver","Cold Snap","Coolheaded+1","Cold Snap","FTL","Consume+1","Genetic Algorithm"],"relics":["Cracked Core","Juzu Bracelet","Regal Pillow","Bag of Preparation","Ornamental Fan","Bronze Scales","Mercury Hourglass"],"potions_floor_usage":[14],"damage_taken":[{"damage":0,"enemies":"2 Louse","floor":1,"turns":1},{"damage":0,"enemies":"Cultist","floor":4,"turns":3},{"damage":0,"enemies":"Small Slimes","floor":5,"turns":3},{"damage":20,"enemies":"Gremlin Gang","floor":7,"turns":4},{"damage":13,"enemies":"Lots of Slimes","floor":10,"turns":5},{"damage":27,"enemies":"Lagavulin","floor":12,"turns":7},{"damage":14,"enemies":"3 Sentries","floor":14,"turns":6},{"damage":20,"enemies":"Hexaghost","floor":16,"turns":9}],"seed_played":"4911716529242590401","potions_obtained":[{"floor":1,"key":"Ancient Potion"},{"floor":12,"key":"EssenceOfSteel"}],"is_trial":false,"path_per_floor":["M","?","?","M","M","R","M","R","T","M","R","E","$","E","R","B"],"character_chosen":"DEFECT","items_purchased":["Bronze Scales","Consume"],"campfire_rested":1,"item_purchase_floors":[13,13],"current_hp_per_floor":[64,64,53,53,53,53,33,69,69,56,56,29,29,15,15,0],"gold":96,"neow_bonus":"RANDOM_COMMON_RELIC","is_prod":false,"is_daily":false,"chose_seed":false,"campfire_upgraded":3,"win_rate":0,"timestamp":1557083707,"path_taken":["M","?","?","M","M","R","M","R","T","M","R","E","$","E","R","BOSS"],"build_version":"2019-01-23","purchased_purges":0,"victory":false,"max_hp_per_floor":[71,71,71,71,71,71,71,71,71,71,71,71,71,71,71,71],"card_choices":[{"not_picked":["Undo","Consume"],"picked":"Compile Driver","floor":1},{"not_picked":["Conserve Battery","Capacitor"],"picked":"Cold Snap","floor":4},{"not_picked":["Redo","Stack","Rebound"],"picked":"SKIP","floor":5},{"not_picked":["White Noise","Steam"],"picked":"Coolheaded","floor":7},{"not_picked":["Amplify","Recycle"],"picked":"Cold Snap","floor":10},{"not_picked":["Stack","Fusion"],"picked":"FTL","floor":12},{"not_picked":["Meteor Strike","Sweeping Beam"],"picked":"Genetic Algorithm","floor":14}],"player_experience":2256646,"relics_obtained":[{"floor":9,"key":"Bag of Preparation"},{"floor":12,"key":"Ornamental Fan"},{"floor":14,"key":"Mercury Hourglass"}],"event_choices":[{"damage_healed":0,"gold_gain":0,"player_choice":"Gave Potion","damage_taken":0,"relics_obtained":["Regal Pillow"],"max_hp_gain":0,"max_hp_loss":0,"event_name":"WeMeetAgain","floor":2,"gold_loss":0},{"damage_healed":0,"gold_gain":75,"player_choice":"Gather Gold","damage_taken":11,"max_hp_gain":0,"max_hp_loss":0,"event_name":"World of Goop","floor":3,"gold_loss":0}],"is_beta":false,"boss_relics":[],"items_purged_floors":[],"is_endless":false,"potions_floor_spawned":[1,12],"killed_by":"Hexaghost","ascension_level":20}