{"gold_per_floor":[118,118,118,128,142,174,174,188,212,222,60,93,58,58,58,58],"floor_reached":16,"playtime":691,"items_purged":[],"score":220,"play_id":"041fb234-674a-40a3-8729-c1a5ae022df7","local_time":"20190507135133","is_ascension_mode":true,"campfire_choices":[{"data":"Bash","floor":7,"key":"SMITH"},{"floor":15,"key":"REST"}],"neow_cost":"NONE","seed_source_timestamp":228957023334500,"circlet_count":0,"master_deck":["AscendersBane","Strike_R","Strike_R","Strike_R","Strike_R","Defend_R","Defend_R+1","Defend_R","Defend_R","Bash+1","Havoc+1","Blood for Blood","Dropkick","Twin Strike","Demon Form","Rupture","Impervious","Feel No Pain","Whirlwind"],"relics":["Burning Blood","Pen Nib","Bronze Scales","Dream Catcher","StoneCalendar"],"potions_floor_usage":[8,10,16],"damage_taken":[{"damage":2,"enemies":"Small Slimes","floor":1,"turns":5},{"damage":2,"enemies":"Jaw Worm","floor":4,"turns":5},{"damage":1,"enemies":"Cultist","floor":5,"turns":3},{"damage":35,"enemies":"Lagavulin","floor":6,"turns":5},{"damage":16,"enemies":"Exordium Thugs","floor":8,"turns":4},{"damage":7,"enemies":"Large Slime","floor":10,"turns":5},{"damage":21,"enemies":"3 Sentries","floor":12,"turns":11},{"damage":49,"enemies":"The Guardian","floor":16,"turns":5}],"seed_played":"7619841699882570946","potions_obtained":[{"floor":1,"key":"GamblersBrew"},{"floor":5,"key":"Energy Potion"},{"floor":8,"key":"Swift Potion"}],"is_trial":false,"path_per_floor":["M","?","?","M","M","E","R","M","T","M","$","E","?","?","R","B"],"character_chosen":"IRONCLAD","items_purchased":["Impervious","Feel No Pain"],"campfire_rested":1,"item_purchase_floors":[11,11],"current_hp_per_floor":[79,74,74,78,82,53,53,43,43,42,42,27,47,22,46,0],"gold":58,"neow_bonus":"TEN_PERCENT_HP_BONUS","is_prod":false,"is_daily":false,"chose_seed":false,"campfire_upgraded":1,"win_rate":0,"timestamp":1557233493,"path_taken":["M","?","?","M","M","E","R","?","T","M","?","E","?","?","R","BOSS"],"build_version":"2019-01-23","purchased_purges":0,"victory":false,"max_hp_per_floor":[82,82,82,82,82,82,82,82,82,82,82,82,82,82,82,82],"card_choices":[{"not_picked":["Reckless Charge","Combust"],"picked":"Havoc","floor":1},{"not_picked":["Sword Boomerang","Power Through"],"picked":"Dropkick","floor":4},{"not_picked":["Second Wind","Perfected Strike","Blood for Blood"],"picked":"SKIP","floor":5},{"not_picked":["Blood for Blood","Wild Strike"],"picked":"Twin Strike","floor":6},{"not_picked":["Rampage","Cleave"],"picked":"Demon Form","floor":8},{"not_picked":["Clash","Combust"],"picked":"Rupture","floor":10},{"not_picked":["Heavy Blade","Entrench"],"picked":"Whirlwind","floor":12}],"player_experience":468521,"relics_obtained":[{"floor":6,"key":"Bronze Scales"},{"floor":9,"key":"Dream Catcher"},{"floor":12,"key":"StoneCalendar"}],"event_choices":[{"damage_healed":0,"gold_gain":0,"player_choice":"Success","damage_taken":5,"relics_obtained":["Pen Nib"],"max_hp_gain":0,"max_hp_loss":0,"event_name":"Scrap Ooze","floor":2,"gold_loss":0},{"damage_healed":0,"gold_gain":0,"cards_transformed":["Strike_R"],"player_choice":"Transformed","damage_taken":0,"max_hp_gain":0,"max_hp_loss":0,"event_name":"Transmorgrifier","floor":3,"gold_loss":0,"cards_obtained":["Blood for Blood"]},{"damage_healed":20,"gold_gain":0,"player_choice":"Healed","damage_taken":0,"max_hp_gain":0,"max_hp_loss":0,"event_name":"The Cleric","floor":13,"gold_loss":35},{"damage_healed":0,"gold_gain":0,"player_choice":"Entered Light","damage_taken":25,"max_hp_gain":0,"max_hp_loss":0,"event_name":"Shining Light","floor":14,"gold_loss":0,"cards_upgraded":["Havoc","Defend_R"]}],"is_beta":false,"boss_relics":[],"items_purged_floors":[],"is_endless":false,"potions_floor_spawned":[1,5,8],"killed_by":"The Guardian","ascension_level":20}