{"gold_per_floor":[117,117,136,148,148,182,201,201,248,276,347,376,70,84,84,155,155,168,168,168,179,51,85,112,140,140,173,48,73,91,161,161,235,235,247,347,197,215,232,265,265,265,265,280,309,327,327,327,327,327,327,327,327,110,145,145],"floor_reached":57,"playtime":3488,"items_purged":["Strike_R","Bash","Sword Boomerang","Body Slam"],"score":2827,"play_id":"7305867c-b85b-4581-8440-da6a78a589cd","local_time":"20190506181705","is_ascension_mode":true,"campfire_choices":[{"data":"Carnage","floor":8.0,"key":"SMITH"},{"data":"Demon Form","floor":15.0,"key":"SMITH"},{"data":"Pommel Strike","floor":32,"key":"SMITH"},{"floor":41,"key":"RECALL"},{"data":"Reaper","floor":49,"key":"SMITH"},{"data":"Reaper","floor":53,"key":"SMITH"}],"neow_cost":"TEN_PERCENT_HP_LOSS","seed_source_timestamp":978766221414765,"circlet_count":0,"master_deck":["AscendersBane","Demon Form+1","Carnage+1","Shrug It Off+1","Power Through+1","Reaper+1","Shockwave+1","Armaments+1","Dual Wield+1","Havoc+1","Purity+1","Limit Break+1","Reaper+1","Entrench+1","True Grit+1","Warcry+1","Intimidate+1","Inflame+1","Impervious+1","Pommel Strike+1","Limit Break+1","Offering+1","Battle Trance+1","Burning Pact+1","Seeing Red+1","Burning Pact+1","Offering+1","Clash+1"],"special_seed":0,"relics":["Burning Blood","Toxic Egg 2","Bronze Scales","Pen Nib","Letter Opener","WingedGreaves","Pandora\u0027s Box","Blood Vial","Orichalcum","Strawberry","Darkstone Periapt","Mummified Hand","Sundial","Mark of Pain","Nunchaku","Self Forming Clay","Ornamental Fan","Molten Egg 2","Juzu Bracelet","Bag of Preparation","Shuriken"],"potions_floor_usage":[23,25,56],"damage_taken":[{"damage":2.0,"enemies":"Cultist","floor":1.0,"turns":4.0},{"damage":1.0,"enemies":"Small Slimes","floor":3.0,"turns":3.0},{"damage":14.0,"enemies":"Jaw Worm","floor":4.0,"turns":4.0},{"damage":19.0,"enemies":"Lagavulin","floor":6.0,"turns":9.0},{"damage":8.0,"enemies":"Blue Slaver","floor":7.0,"turns":3.0},{"damage":31.0,"enemies":"Gremlin Nob","floor":10.0,"turns":4.0},{"damage":10.0,"enemies":"Lagavulin","floor":12.0,"turns":6.0},{"damage":16.0,"enemies":"3 Louse","floor":14.0,"turns":4.0},{"damage":28.0,"enemies":"Slime Boss","floor":16.0,"turns":9.0},{"damage":10.0,"enemies":"Chosen","floor":18.0,"turns":4.0},{"damage":20.0,"enemies":"Shell Parasite","floor":21.0,"turns":6.0},{"damage":38,"enemies":"Slavers","floor":23,"turns":6},{"damage":15,"enemies":"Book of Stabbing","floor":24,"turns":5},{"damage":37,"enemies":"Slavers","floor":25,"turns":6},{"damage":25,"enemies":"Book of Stabbing","floor":27,"turns":5},{"damage":88,"enemies":"Gremlin Leader","floor":29,"turns":9},{"damage":34,"enemies":"Chosen and Byrds","floor":30,"turns":7},{"damage":21,"enemies":"Champ","floor":33,"turns":8},{"damage":30,"enemies":"3 Darklings","floor":35,"turns":4},{"damage":6,"enemies":"Mind Bloom Boss Battle","floor":36,"turns":6},{"damage":6,"enemies":"3 Shapes","floor":38,"turns":4},{"damage":26,"enemies":"Transient","floor":39,"turns":6},{"damage":47,"enemies":"Nemesis","floor":40,"turns":5},{"damage":6,"enemies":"Maw","floor":44,"turns":4},{"damage":22,"enemies":"Reptomancer","floor":45,"turns":4},{"damage":37,"enemies":"Spire Growth","floor":46,"turns":5},{"damage":24,"enemies":"Time Eater","floor":50,"turns":4},{"damage":62,"enemies":"Awakened One","floor":51,"turns":5},{"damage":60,"enemies":"Shield and Spear","floor":55,"turns":3},{"damage":132,"enemies":"The Heart","floor":56,"turns":6}],"seed_played":"-7187339593871027369","potions_obtained":[{"floor":1.0,"key":"SpeedPotion"},{"floor":4.0,"key":"Explosive Potion"},{"floor":16.0,"key":"Regen Potion"},{"floor":18.0,"key":"FearPotion"},{"floor":27,"key":"FearPotion"},{"floor":33,"key":"Strength Potion"}],"is_trial":false,"path_per_floor":["M","?","M","M","?","E","M","R","T","E","?","E","$","M","R","B",null,"M","?","?","M","$","E","E","E","T","E","$","E","M","T","R","B",null,"M","?","$","M","M","E","R","?","T","M","E","M","?","?","R","B","B",null,"R","$","E","B",null],"character_chosen":"IRONCLAD","items_purchased":["Dual Wield+1","Havoc+1","Purity+1","Pommel Strike","Bag of Preparation","PowerPotion"],"campfire_rested":0,"item_purchase_floors":[13,13,13,22,54,54],"current_hp_per_floor":[68,57,62,54,59,46,44,44,44,19,19,36,36,38,38,35,64,72,72,51,75,75,73,78,85,85,85,85,85,85,85,85,85,85,85,85,85,85,85,85,85,85,85,85,85,85,85,85,85,85,85,85,85,85,85,80],"gold":145,"neow_bonus":"THREE_RARE_CARDS","is_prod":false,"is_daily":false,"chose_seed":false,"campfire_upgraded":5,"win_rate":0,"timestamp":1557137825,"path_taken":["M","?","M","M","?","E","M","R","T","E","?","E","$","M","R","BOSS","M","?","?","M","$","E","E","E","T","E","?","E","M","?","R","BOSS","M","?","$","M","M","E","R","?","T","?","E","M","?","?","R","BOSS","BOSS","R","$","E","BOSS"],"build_version":"2019-01-23","purchased_purges":4,"victory":true,"max_hp_per_floor":[68,68,68,68,73,73,73,73,73,73,73,73,73,73,73,73,73,73,73,78,78,78,78,78,85,85,85,85,85,85,85,85,85,85,85,85,85,85,85,85,85,85,85,85,85,85,85,85,85,85,85,85,85,85,85,85],"card_choices":[{"not_picked":["Berserk","Brutality"],"picked":"Demon Form","floor":0.0},{"not_picked":["Clash","Ghostly Armor"],"picked":"Carnage","floor":1.0},{"not_picked":["Armaments+1","Pommel Strike"],"picked":"Shrug It Off+1","floor":3.0},{"not_picked":["Iron Wave","Twin Strike"],"picked":"Power Through+1","floor":4.0},{"not_picked":["Hemokinesis","Cleave","Headbutt"],"picked":"SKIP","floor":6.0},{"not_picked":["Feel No Pain","Battle Trance+1"],"picked":"Reaper","floor":7.0},{"not_picked":["Sever Soul","Power Through+1"],"picked":"Shockwave+1","floor":10.0},{"not_picked":["Shrug It Off+1","Perfected Strike"],"picked":"Armaments+1","floor":12.0},{"not_picked":["Clothesline","Combust"],"picked":"Sword Boomerang","floor":14.0},{"not_picked":["Barricade","Offering+1"],"picked":"Limit Break+1","floor":16.0},{"not_picked":["Flame Barrier+1","Perfected Strike","Sever Soul"],"picked":"SKIP","floor":18.0},{"not_picked":["Heavy Blade","Body Slam","Perfected Strike"],"picked":"SKIP","floor":21.0},{"not_picked":["Inflame","Sever Soul","Uppercut"],"picked":"SKIP","floor":23},{"not_picked":["Clash","Sword Boomerang","Armaments+1"],"picked":"SKIP","floor":24},{"not_picked":["Iron Wave","Spot Weakness+1"],"picked":"Limit Break+1","floor":25},{"not_picked":["True Grit+1","Combust","Wild Strike"],"picked":"SKIP","floor":27},{"not_picked":["Infernal Blade+1","True Grit+1","Shrug It Off+1"],"picked":"SKIP","floor":29},{"not_picked":["Sword Boomerang","Uppercut","Shockwave+1"],"picked":"SKIP","floor":30},{"not_picked":["Barricade","Juggernaut"],"picked":"Offering+1","floor":33},{"not_picked":["Pommel Strike","True Grit+1"],"picked":"Battle Trance+1","floor":35},{"not_picked":["Dual Wield+1","Perfected Strike+1"],"picked":"Burning Pact+1","floor":38},{"not_picked":["Clash","Iron Wave+1"],"picked":"Seeing Red+1","floor":39},{"not_picked":["Fire Breathing","Wild Strike+1","Headbutt"],"picked":"SKIP","floor":40},{"not_picked":["Armaments+1","Twin Strike+1","Clothesline"],"picked":"SKIP","floor":44},{"not_picked":["Anger","Headbutt"],"picked":"Burning Pact+1","floor":45},{"not_picked":["Shrug It Off+1","Rage+1"],"picked":"Offering+1","floor":46},{"not_picked":["Twin Strike+1","Flex+1"],"picked":"Clash+1","floor":55}],"player_experience":1873250,"relics_obtained":[{"floor":6.0,"key":"Bronze Scales"},{"floor":9.0,"key":"Pen Nib"},{"floor":10.0,"key":"Letter Opener"},{"floor":12.0,"key":"WingedGreaves"},{"floor":23,"key":"Blood Vial"},{"floor":24,"key":"Orichalcum"},{"floor":25,"key":"Strawberry"},{"floor":27,"key":"Darkstone Periapt"},{"floor":29,"key":"Mummified Hand"},{"floor":31,"key":"Sundial"},{"floor":36,"key":"Nunchaku"},{"floor":40,"key":"Self Forming Clay"},{"floor":43,"key":"Ornamental Fan"},{"floor":45,"key":"Molten Egg 2"},{"floor":55,"key":"Shuriken"}],"event_choices":[{"damage_healed":0.0,"max_hp_gain":0.0,"max_hp_loss":0.0,"gold_gain":0.0,"event_name":"Scrap Ooze","player_choice":"Success","floor":2.0,"gold_loss":0.0,"damage_taken":11.0,"relics_obtained":["Toxic Egg 2"]},{"damage_healed":0.0,"max_hp_gain":5.0,"max_hp_loss":0.0,"gold_gain":0.0,"event_name":"Big Fish","player_choice":"Donut","floor":5.0,"gold_loss":0.0,"damage_taken":0.0},{"damage_healed":0.0,"max_hp_gain":0.0,"max_hp_loss":0.0,"gold_gain":71.0,"event_name":"Golden Wing","player_choice":"Gained Gold","floor":11.0,"gold_loss":0.0,"damage_taken":0.0},{"damage_healed":0.0,"max_hp_gain":0.0,"max_hp_loss":0.0,"gold_gain":0.0,"event_name":"The Mausoleum","player_choice":"Ignored","floor":19.0,"gold_loss":0.0,"damage_taken":0.0},{"damage_healed":0.0,"max_hp_gain":5.0,"max_hp_loss":0.0,"gold_gain":0.0,"event_name":"Forgotten Altar","player_choice":"Shed Blood","floor":20.0,"gold_loss":0.0,"damage_taken":26.0},{"damage_healed":0,"gold_gain":0,"player_choice":"Fight","damage_taken":0,"max_hp_gain":0,"max_hp_loss":0,"event_name":"MindBloom","floor":36,"gold_loss":0},{"damage_healed":0,"gold_gain":0,"player_choice":"Upgraded","damage_taken":0,"max_hp_gain":0,"max_hp_loss":0,"event_name":"Upgrade Shrine","floor":42,"gold_loss":0,"cards_upgraded":["Inflame"]},{"damage_healed":0,"gold_gain":0,"player_choice":"Ignored","damage_taken":0,"max_hp_gain":0,"max_hp_loss":0,"event_name":"Tomb of Lord Red Mask","floor":47,"gold_loss":0},{"damage_healed":0,"gold_gain":0,"player_choice":"Gave Potion","damage_taken":0,"relics_obtained":["Juzu Bracelet"],"max_hp_gain":0,"max_hp_loss":0,"event_name":"WeMeetAgain","floor":48,"gold_loss":0}],"is_beta":false,"boss_relics":[{"not_picked":["Cursed Key","Calling Bell"],"picked":"Pandora\u0027s Box"},{"not_picked":["Tiny House","Eternal Feather"],"picked":"Mark of Pain"}],"items_purged_floors":[13,22,28,37],"is_endless":false,"potions_floor_spawned":[1,4,12,16,18,21,27,33,38,39,40,45],"ascension_level":20}