{"gold_per_floor":[213,228,241,255,39,74,86,133,145,188,213,225,249,315,327,339],"floor_reached":16,"playtime":434,"items_purged":[],"score":244,"play_id":"31fdf42f-cf86-4433-bd64-24dd7fe60ea7","local_time":"20190505150256","is_ascension_mode":true,"campfire_choices":[{"floor":7,"key":"REST"},{"floor":12,"key":"REST"},{"data":"Footwork","floor":15,"key":"SMITH"}],"neow_cost":"NONE","seed_source_timestamp":1846886033128,"circlet_count":0,"master_deck":["AscendersBane","Defend_G","Defend_G","Defend_G","Defend_G","Defend_G","Strike_G","Strike_G","Strike_G","Strike_G","Strike_G","Survivor","Neutralize","Dagger Spray","Predator","Flying Knee","Deflect","Crippling Poison","Backstab","Footwork+1","Deflect"],"relics":["Ring of the Snake","TwistedFunnel","MawBank","Lantern","Turnip"],"potions_floor_usage":[10,16,16],"damage_taken":[{"damage":6,"enemies":"Cultist","floor":1,"turns":5},{"damage":0,"enemies":"2 Louse","floor":2,"turns":4},{"damage":4,"enemies":"Small Slimes","floor":3,"turns":3},{"damage":3,"enemies":"Looter","floor":4,"turns":3},{"damage":32,"enemies":"Gremlin Nob","floor":6,"turns":4},{"damage":26,"enemies":"Lagavulin","floor":8,"turns":6},{"damage":4,"enemies":"3 Sentries","floor":10,"turns":6},{"damage":0,"enemies":"3 Louse","floor":11,"turns":3},{"damage":0,"enemies":"2 Fungi Beasts","floor":13,"turns":3},{"damage":24,"enemies":"Slime Boss","floor":16,"turns":7}],"seed_played":"-7977920510505735087","potions_obtained":[{"floor":3,"key":"LiquidBronze"},{"floor":6,"key":"Explosive Potion"},{"floor":10,"key":"EssenceOfSteel"},{"floor":13,"key":"Strength Potion"}],"is_trial":false,"path_per_floor":["M","M","M","M","$","E","R","E","T","E","M","R","M","?","R","B"],"character_chosen":"THE_SILENT","items_purchased":["TwistedFunnel"],"campfire_rested":2,"item_purchase_floors":[5],"current_hp_per_floor":[53,53,49,46,46,14,33,7,7,3,3,22,22,22,22,0],"gold":339,"neow_bonus":"HUNDRED_GOLD","is_prod":false,"is_daily":false,"chose_seed":false,"campfire_upgraded":1,"win_rate":0,"timestamp":1557079376,"path_taken":["M","?","M","M","$","E","R","E","T","E","M","R","M","?","R","BOSS"],"build_version":"2019-01-23","purchased_purges":0,"victory":false,"max_hp_per_floor":[66,66,66,66,66,66,66,66,66,66,66,66,66,66,66,66],"card_choices":[{"not_picked":["Deflect","Sucker Punch"],"picked":"Dagger Spray","floor":1},{"not_picked":["Outmaneuver","Cloak And Dagger"],"picked":"Predator","floor":2},{"not_picked":["Bane","Dagger Throw"],"picked":"Flying Knee","floor":3},{"not_picked":["Finisher","Masterful Stab"],"picked":"Deflect","floor":4},{"not_picked":["Escape Plan","Bouncing Flask"],"picked":"Crippling Poison","floor":6},{"not_picked":["Prepared","Blade Dance","Slice"],"picked":"SKIP","floor":8},{"not_picked":["Prepared","Blade Dance","Slice"],"picked":"SKIP","floor":8},{"not_picked":["Dodge and Roll","Bane"],"picked":"Backstab","floor":10},{"not_picked":["Blur","Slice"],"picked":"Footwork","floor":11},{"not_picked":["Masterful Stab","Quick Slash"],"picked":"Deflect","floor":13}],"player_experience":2253602,"relics_obtained":[{"floor":6,"key":"MawBank"},{"floor":8,"key":"Lantern"},{"floor":10,"key":"Turnip"}],"event_choices":[{"damage_healed":0,"gold_gain":54,"player_choice":"Gained Gold","damage_taken":0,"max_hp_gain":0,"max_hp_loss":0,"event_name":"Golden Wing","floor":14,"gold_loss":0}],"is_beta":false,"boss_relics":[],"items_purged_floors":[],"is_endless":false,"potions_floor_spawned":[3,6,10,13],"killed_by":"Slime Boss","ascension_level":20}