{"gold_per_floor":[19,194,211,211,136,136,162,162,162,194,204,204,216,226,226,299,299,311,221,131,131,56,56,56],"floor_reached":24,"playtime":1348,"items_purged":["Doubt"],"score":358,"play_id":"c006b02b-0d45-4975-815d-b3904e9572ef","local_time":"20190504160824","is_ascension_mode":true,"campfire_choices":[{"data":"Neutralize","floor":6,"key":"SMITH"},{"floor":8,"key":"REST"},{"floor":12,"key":"REST"},{"floor":15,"key":"REST"},{"data":"1","floor":23,"key":"LIFT"}],"neow_cost":"NO_GOLD","seed_source_timestamp":1553996955248100,"circlet_count":0,"master_deck":["AscendersBane","Defend_G","Defend_G","Defend_G+1","Defend_G","Defend_G","Survivor","Neutralize+1","A Thousand Cuts","Footwork","Deadly Poison","Crippling Poison","Leg Sweep","Blade Dance","Cloak And Dagger","After Image+1","Blade Dance","Bite","Bite","Bite","Bite","Bite"],"relics":["Ring of the Snake","Gambling Chip","Frozen Egg 2","Girya","WristBlade"],"potions_floor_usage":[10,16,16,24],"damage_taken":[{"damage":1,"enemies":"Small Slimes","floor":1,"turns":4},{"damage":0,"enemies":"2 Louse","floor":3,"turns":3},{"damage":35,"enemies":"Gremlin Nob","floor":7,"turns":6},{"damage":36,"enemies":"3 Sentries","floor":10,"turns":9},{"damage":0,"enemies":"Cultist","floor":11,"turns":4},{"damage":13,"enemies":"Exordium Wildlife","floor":13,"turns":9},{"damage":14,"enemies":"Lots of Slimes","floor":14,"turns":3},{"damage":18,"enemies":"Slime Boss","floor":16,"turns":10},{"damage":4,"enemies":"Shell Parasite","floor":18,"turns":12},{"damage":18,"enemies":"2 Thieves","floor":20,"turns":5},{"damage":40,"enemies":"Slavers","floor":24,"turns":3}],"seed_played":"5294209516997648190","potions_obtained":[{"floor":1,"key":"LiquidBronze"},{"floor":11,"key":"Strength Potion"},{"floor":13,"key":"Strength Potion"},{"floor":18,"key":"LiquidBronze"}],"is_trial":false,"path_per_floor":["M","?","M","?","$","R","E","R","T","E","M","R","M","M","R","B",null,"M","?","M","?","?","R","E"],"character_chosen":"THE_SILENT","items_purchased":[],"campfire_rested":3,"item_purchase_floors":[],"current_hp_per_floor":[62,62,62,62,62,62,27,48,48,12,12,33,20,6,27,9,55,51,51,33,33,33,33,0],"gold":56,"neow_bonus":"THREE_RARE_CARDS","is_prod":false,"is_daily":false,"chose_seed":false,"campfire_upgraded":1,"win_rate":0,"timestamp":1556982504,"path_taken":["M","?","M","?","$","R","E","R","T","E","M","R","?","M","R","BOSS","M","?","?","?","?","R","E"],"build_version":"2019-01-23","purchased_purges":1,"victory":false,"max_hp_per_floor":[70,70,70,70,70,70,70,70,70,70,70,70,70,70,70,70,70,70,70,70,49,49,49,49],"card_choices":[{"not_picked":["Bullet Time","Venomology"],"picked":"A Thousand Cuts","floor":0},{"not_picked":["Dagger Throw","Prepared"],"picked":"Footwork","floor":1},{"not_picked":["Expertise","Poisoned Stab"],"picked":"Deadly Poison","floor":3},{"not_picked":["Distraction","Outmaneuver"],"picked":"Catalyst","floor":7},{"not_picked":["Bane","Endless Agony"],"picked":"Leg Sweep","floor":10},{"not_picked":["Catalyst","Acrobatics"],"picked":"Blade Dance","floor":11},{"not_picked":["Deflect","Backstab"],"picked":"Cloak And Dagger","floor":13},{"not_picked":["Deadly Poison","Concentrate"],"picked":"Catalyst","floor":14},{"not_picked":["A Thousand Cuts+1","Tools of the Trade+1"],"picked":"After Image+1","floor":16},{"not_picked":["Quick Slash","Setup","Finisher"],"picked":"SKIP","floor":18},{"not_picked":["Blur","Eviscerate"],"picked":"Blade Dance","floor":20}],"player_experience":450715,"relics_obtained":[{"floor":7,"key":"Gambling Chip"},{"floor":9,"key":"Frozen Egg 2"},{"floor":10,"key":"Girya"}],"event_choices":[{"damage_healed":0,"gold_gain":175,"player_choice":"AGREE","damage_taken":0,"max_hp_gain":0,"max_hp_loss":0,"event_name":"Liars Game","floor":2,"gold_loss":0,"cards_obtained":["Doubt"]},{"damage_healed":0,"gold_gain":0,"cards_transformed":["Strike_G"],"player_choice":"Transformed","damage_taken":0,"max_hp_gain":0,"max_hp_loss":0,"event_name":"Transmorgrifier","floor":4,"gold_loss":0,"cards_obtained":["Crippling Poison"]},{"cards_removed":["Catalyst"],"damage_healed":0,"gold_gain":0,"player_choice":"Upgrade and Remove","damage_taken":0,"max_hp_gain":0,"max_hp_loss":0,"event_name":"Designer","floor":19,"gold_loss":90,"cards_upgraded":["Defend_G"]},{"damage_healed":0,"gold_gain":0,"player_choice":"Became a vampire","damage_taken":0,"max_hp_gain":0,"max_hp_loss":21,"event_name":"Vampires","floor":21,"gold_loss":0,"cards_obtained":["Bite","Bite","Bite","Bite","Bite"]},{"cards_removed":["Catalyst"],"damage_healed":0,"gold_gain":0,"player_choice":"Gave Gold","damage_taken":0,"max_hp_gain":0,"max_hp_loss":0,"event_name":"Beggar","floor":22,"gold_loss":75}],"is_beta":false,"boss_relics":[{"not_picked":["White Beast Statue","Coffee Dripper"],"picked":"WristBlade"}],"items_purged_floors":[5],"is_endless":false,"potions_floor_spawned":[1,11,13,14,18],"killed_by":"Slavers","ascension_level":13}