{"gold_per_floor":[16,32,52,67,87,87,115,115,197,197,297,130,462,482,482,580,630,643,663,679,692,706,706,716,12,12,12,41,41,41,54,54,150,150,167,267,281,281,298,298,328,342,342,342,352,35,35,55,55,55],"floor_reached":51,"playtime":2593,"items_purged":["Defend_R","Strike_R"],"score":871,"play_id":"6706d192-eaa6-4cf7-be63-3975207986dc","local_time":"20190421162110","is_ascension_mode":true,"campfire_choices":[{"data":"Iron Wave","floor":6.0,"key":"SMITH"},{"data":"Bash","floor":8.0,"key":"SMITH"},{"data":"Spot Weakness","floor":10.0,"key":"SMITH"},{"data":"Bandage Up","floor":15.0,"key":"SMITH"},{"data":"Sword Boomerang","floor":23.0,"key":"SMITH"},{"data":"Sword Boomerang","floor":27.0,"key":"SMITH"},{"data":"Bandage Up","floor":30.0,"key":"SMITH"},{"floor":32,"key":"REST"},{"floor":40,"key":"REST"},{"floor":44,"key":"REST"},{"data":"Clash","floor":47,"key":"SMITH"},{"floor":49,"key":"REST"}],"neow_cost":"NO_GOLD","seed_source_timestamp":0,"circlet_count":0,"master_deck":["Strike_R","Strike_R","Defend_R","Defend_R","Bash+1","Bandage Up+1","Madness","Iron Wave+1","Battle Trance","Spot Weakness+1","Clash+1","Bandage Up+1","Clash","Double Tap+1","Sword Boomerang+1","Sword Boomerang+1","Venomology+1","Secret Weapon+1","Hemokinesis+1","Impervious+1","Whirlwind+1","Warcry+1","Hologram+1","Prepared+1","Madness+1","Madness+1","Chill+1","Streamline+1","Dagger Spray+1","Purity+1"],"special_seed":0,"relics":["Burning Blood","Letter Opener","Sundial","Old Coin","Tiny House","PrismaticShard","Bag of Marbles","Toxic Egg 2","The Courier","Red Skull","Astrolabe","Du-Vu Doll","Turnip","Lantern","Kunai","Potion Belt"],"potions_floor_usage":[31,33,33,35,36,37,41,41,42,50,50,50],"damage_taken":[{"damage":8.0,"enemies":"2 Louse","floor":1.0,"turns":3.0},{"damage":1.0,"enemies":"Cultist","floor":2.0,"turns":3.0},{"damage":12.0,"enemies":"Jaw Worm","floor":3.0,"turns":4.0},{"damage":6.0,"enemies":"Blue Slaver","floor":4.0,"turns":4.0},{"damage":10.0,"enemies":"Exordium Wildlife","floor":5.0,"turns":5.0},{"damage":33.0,"enemies":"3 Sentries","floor":7.0,"turns":8.0},{"damage":28.0,"enemies":"Lagavulin","floor":13.0,"turns":8.0},{"damage":20.0,"enemies":"Large Slime","floor":14.0,"turns":7.0},{"damage":51.0,"enemies":"Slime Boss","floor":16.0,"turns":8.0},{"damage":33.0,"enemies":"2 Thieves","floor":18.0,"turns":3.0},{"damage":14.0,"enemies":"Shell Parasite","floor":19.0,"turns":4.0},{"damage":11.0,"enemies":"Snake Plant","floor":20.0,"turns":3.0},{"damage":14.0,"enemies":"Centurion and Healer","floor":21.0,"turns":5.0},{"damage":17.0,"enemies":"Chosen and Byrds","floor":22.0,"turns":4.0},{"damage":8.0,"enemies":"Shelled Parasite and Fungi","floor":24.0,"turns":3.0},{"damage":39.0,"enemies":"Gremlin Leader","floor":28.0,"turns":5.0},{"damage":46,"enemies":"Sentry and Sphere","floor":31,"turns":6},{"damage":54,"enemies":"Champ","floor":33,"turns":8},{"damage":15,"enemies":"3 Shapes","floor":35,"turns":5},{"damage":36,"enemies":"Mind Bloom Boss Battle","floor":36,"turns":7},{"damage":3,"enemies":"Orb Walker","floor":37,"turns":3},{"damage":86,"enemies":"Spire Growth","floor":39,"turns":5},{"damage":13,"enemies":"Giant Head","floor":41,"turns":5},{"damage":17,"enemies":"Maw","floor":42,"turns":6},{"damage":41,"enemies":"Writhing Mass","floor":45,"turns":5},{"damage":28,"enemies":"Spire Growth","floor":48,"turns":4},{"damage":93,"enemies":"Awakened One","floor":50,"turns":9}],"seed_played":"1939989747186852993","potions_obtained":[{"floor":2.0,"key":"Fire Potion"},{"floor":7.0,"key":"Regen Potion"},{"floor":13.0,"key":"SpeedPotion"},{"floor":14.0,"key":"Weak Potion"},{"floor":17.0,"key":"Fruit Juice"},{"floor":18.0,"key":"Block Potion"},{"floor":24.0,"key":"Swift Potion"},{"floor":33,"key":"SpeedPotion"},{"floor":35,"key":"Regen Potion"},{"floor":42,"key":"Strength Potion"}],"is_trial":false,"path_per_floor":["M","M","M","M","M","R","E","R","T","R","?","$","E","M","R","B",null,"M","M","M","M","M","R","M","$","T","R","E","?","R","M","R","B",null,"M","?","M","?","M","R","E","M","T","R","M","$","R","M","R","B",null],"character_chosen":"IRONCLAD","items_purchased":["Bandage Up","PrismaticShard","Bag of Marbles","Toxic Egg 2","Kunai","Potion Belt"],"campfire_rested":4,"item_purchase_floors":[12,25,25,25,46,46],"current_hp_per_floor":[80,80,74,78,78,78,55,55,55,55,55,55,41,35,35,15,90,67,69,70,72,71,71,79,79,79,79,56,56,56,28,55,19,90,81,77,86,75,7,34,39,40,40,67,44,44,44,34,61,15],"gold":55,"neow_bonus":"RANDOM_COLORLESS_2","is_prod":false,"is_daily":false,"chose_seed":false,"campfire_upgraded":8,"win_rate":0.0,"timestamp":1555881670,"path_taken":["M","M","M","M","M","R","E","R","T","R","?","$","E","M","R","BOSS","M","M","?","M","M","R","M","$","T","R","E","?","R","M","R","BOSS","M","?","M","?","M","R","E","M","T","R","M","$","R","M","R","BOSS"],"build_version":"2019-01-23","purchased_purges":2,"victory":true,"max_hp_per_floor":[80,80,80,80,80,80,80,80,80,80,80,80,80,80,80,80,90,90,90,90,90,90,90,90,90,90,90,90,90,90,90,90,90,90,90,90,90,90,90,90,90,90,90,90,90,90,90,90,90,90],"card_choices":[{"not_picked":["Armaments","Warcry"],"picked":"Iron Wave","floor":1.0},{"not_picked":["Warcry","True Grit","Armaments"],"picked":"SKIP","floor":2.0},{"not_picked":["Infernal Blade","Body Slam","Havoc"],"picked":"SKIP","floor":3.0},{"not_picked":["Entrench","Havoc"],"picked":"Battle Trance","floor":4.0},{"not_picked":["Sentinel","Cleave"],"picked":"Spot Weakness","floor":5.0},{"not_picked":["Reaper","Thunderclap"],"picked":"Clash","floor":7.0},{"not_picked":["Burning Pact","Shockwave","Flex"],"picked":"SKIP","floor":13.0},{"not_picked":["Flex","Thunderclap"],"picked":"Clash","floor":14.0},{"not_picked":["Immolate","Impervious"],"picked":"Double Tap","floor":16.0},{"not_picked":["Clothesline","Pummel"],"picked":"Sword Boomerang","floor":17.0},{"not_picked":["Corruption","Second Wind","Flex"],"picked":"SKIP","floor":18.0},{"not_picked":["Thunderclap","Havoc+1","Ghostly Armor"],"picked":"SKIP","floor":19.0},{"not_picked":["Sentinel","Armaments","Feel No Pain"],"picked":"SKIP","floor":20.0},{"not_picked":["Perfected Strike","Inflame"],"picked":"Sword Boomerang","floor":21.0},{"not_picked":["Armaments","Spot Weakness","Wild Strike"],"picked":"SKIP","floor":22.0},{"not_picked":["Armaments","Spot Weakness","Wild Strike"],"picked":"SKIP","floor":22.0},{"not_picked":["Perfected Strike","Shrug It Off","Twin Strike+1"],"picked":"SKIP","floor":24.0},{"not_picked":["Cold Snap","Cleave+1"],"picked":"Venomology+1","floor":28.0},{"not_picked":["Masterful Stab","Go for the Eyes","Armaments+1"],"picked":"SKIP","floor":31},{"not_picked":["Immolate","Transmutation+1"],"picked":"Secret Weapon+1","floor":33},{"not_picked":["Reckless Charge","Feel No Pain"],"picked":"Warcry+1","floor":35},{"not_picked":["Catalyst+1","Flying Knee+1"],"picked":"Hologram+1","floor":36},{"not_picked":["Sever Soul+1","Clothesline"],"picked":"Prepared+1","floor":37},{"not_picked":["Poisoned Stab+1","Perfected Strike"],"picked":"Chill+1","floor":39},{"not_picked":["Backflip+1","Magnetism","Acrobatics+1"],"picked":"SKIP","floor":41},{"not_picked":["Havoc+1","Blood for Blood+1"],"picked":"Streamline+1","floor":42},{"not_picked":["Feel No Pain","Perfected Strike"],"picked":"Dagger Spray+1","floor":45},{"not_picked":["Deadly Poison+1","Dash"],"picked":"Purity+1","floor":48}],"player_experience":93788,"relics_obtained":[{"floor":7.0,"key":"Letter Opener"},{"floor":9.0,"key":"Sundial"},{"floor":13.0,"key":"Old Coin"},{"floor":26.0,"key":"The Courier"},{"floor":28.0,"key":"Red Skull"},{"floor":36,"key":"Du-Vu Doll"},{"floor":41,"key":"Turnip"},{"floor":43,"key":"Lantern"}],"event_choices":[{"damage_healed":0.0,"max_hp_gain":0.0,"max_hp_loss":0.0,"gold_gain":100.0,"event_name":"Golden Shrine","player_choice":"Pray","floor":11.0,"gold_loss":0.0,"damage_taken":0.0},{"damage_healed":0.0,"max_hp_gain":0.0,"max_hp_loss":0.0,"gold_gain":0.0,"event_name":"Ghosts","player_choice":"Ignored","floor":29.0,"gold_loss":0.0,"damage_taken":0.0},{"damage_healed":0,"gold_gain":0,"player_choice":"Fight","damage_taken":0,"max_hp_gain":0,"max_hp_loss":0,"event_name":"MindBloom","floor":36,"gold_loss":0},{"damage_healed":0,"gold_gain":0,"player_choice":"Embrace Madness","damage_taken":11,"max_hp_gain":0,"max_hp_loss":0,"event_name":"Winding Halls","floor":38,"gold_loss":0,"cards_obtained":["Madness","Madness"]}],"is_beta":false,"boss_relics":[{"not_picked":["Eternal Feather","Lizard Tail"],"picked":"Tiny House"},{"not_picked":["Snecko Eye","Calling Bell"],"picked":"Astrolabe"}],"items_purged_floors":[12,25],"is_endless":false,"potions_floor_spawned":[2,7,13,14,18,22,24,33,35,36,42],"ascension_level":4}