{"gold_per_floor":[117,32,32,50,50,80,90,90,172,189,223,282,312,326,326,403,403,423,95,20,20,70,100,100,100],"floor_reached":25,"playtime":1042,"items_purged":["Strike_R"],"score":524,"play_id":"f2fe0146-184d-49a4-8995-7c5a48e7fc4b","local_time":"20190226101805","is_ascension_mode":true,"campfire_choices":[{"data":"Carnage","floor":8.0,"key":"SMITH"},{"data":"Limit Break","floor":15.0,"key":"SMITH"},{"data":"Body Slam","floor":24,"key":"SMITH"}],"neow_cost":"NONE","seed_source_timestamp":0,"circlet_count":0,"master_deck":["AscendersBane","Strike_R","Strike_R","Defend_R","Defend_R","Defend_R","Defend_R","Bash","Evolve","Flex","Carnage+1","Shrug It Off","Body Slam+1","Burning Pact","Ghostly Armor","Limit Break+1","Offering","Shrug It Off","Power Through","Flex","Havoc","Second Wind","Exhume"],"special_seed":0,"relics":["Burning Blood","NeowsBlessing","Anchor","Red Skull","The Courier","Frozen Egg 2","Calipers","Nunchaku","Runic Dome","Shuriken"],"potions_floor_usage":[23,25],"damage_taken":[{"damage":0.0,"enemies":"Small Slimes","floor":1.0,"turns":1.0},{"damage":0.0,"enemies":"Jaw Worm","floor":4.0,"turns":1.0},{"damage":0.0,"enemies":"Gremlin Nob","floor":6.0,"turns":1.0},{"damage":0.0,"enemies":"2 Louse","floor":7.0,"turns":4.0},{"damage":7.0,"enemies":"Large Slime","floor":10.0,"turns":6.0},{"damage":40.0,"enemies":"3 Sentries","floor":11.0,"turns":8.0},{"damage":17.0,"enemies":"3 Sentries","floor":12.0,"turns":9.0},{"damage":5.0,"enemies":"Gremlin Nob","floor":13.0,"turns":3.0},{"damage":1.0,"enemies":"2 Fungi Beasts","floor":14.0,"turns":3.0},{"damage":26.0,"enemies":"Hexaghost","floor":16.0,"turns":9.0},{"damage":23.0,"enemies":"3 Byrds","floor":18.0,"turns":11.0},{"damage":11,"enemies":"Gremlin Leader","floor":23,"turns":8},{"damage":19,"enemies":"Book of Stabbing","floor":25,"turns":3}],"seed_played":"7964317774236933085","potions_obtained":[{"floor":7.0,"key":"Regen Potion"},{"floor":10.0,"key":"EssenceOfSteel"},{"floor":14.0,"key":"Swift Potion"},{"floor":16.0,"key":"Weak Potion"},{"floor":18.0,"key":"EssenceOfSteel"}],"is_trial":false,"path_per_floor":["M","$","?","M","?","E","M","R","T","M","E","?","E","M","R","B",null,"M","$","?","?","?","E","R","E"],"character_chosen":"IRONCLAD","items_purchased":["Evolve","Shrug It Off","Power Through","Flex","Havoc","Second Wind","PowerPotion"],"campfire_rested":0,"item_purchase_floors":[2,19,19,19,19,19,19],"current_hp_per_floor":[74,74,56,62,55,61,67,67,67,66,47,36,37,42,42,22,62,45,45,45,24,24,19,19,0],"gold":100,"neow_bonus":"THREE_ENEMY_KILL","is_prod":false,"is_daily":false,"chose_seed":false,"campfire_upgraded":3,"win_rate":0,"timestamp":1551147485,"path_taken":["M","$","?","M","?","E","M","R","T","M","E","?","E","M","R","BOSS","M","$","?","?","?","E","R","E"],"build_version":"2019-01-23","purchased_purges":1,"victory":false,"max_hp_per_floor":[75,75,75,75,75,75,75,75,75,75,75,75,75,75,75,75,75,75,75,75,80,80,80,80,80],"card_choices":[{"not_picked":["Cleave","Headbutt","Clothesline"],"picked":"SKIP","floor":1.0},{"not_picked":["Clash","Twin Strike"],"picked":"Flex","floor":4.0},{"not_picked":["Intimidate","Clothesline"],"picked":"Carnage","floor":6.0},{"not_picked":["Whirlwind","Body Slam"],"picked":"Shrug It Off","floor":7.0},{"not_picked":["Havoc","Pommel Strike"],"picked":"Body Slam","floor":10.0},{"not_picked":["Rupture","Havoc","Clash"],"picked":"SKIP","floor":11.0},{"not_picked":["Armaments","Blood for Blood"],"picked":"Burning Pact","floor":12.0},{"not_picked":["Carnage","Havoc"],"picked":"Ghostly Armor","floor":13.0},{"not_picked":["Thunderclap","Reckless Charge"],"picked":"Limit Break","floor":14.0},{"not_picked":["Feed","Exhume"],"picked":"Offering","floor":16.0},{"not_picked":["Perfected Strike","Body Slam","Cleave"],"picked":"SKIP","floor":18.0},{"not_picked":["Heavy Blade+1","Armaments","Exhume"],"picked":"SKIP","floor":23},{"not_picked":["Heavy Blade+1","Armaments"],"picked":"Exhume","floor":23}],"player_experience":1066254,"relics_obtained":[{"floor":6.0,"key":"Red Skull"},{"floor":9.0,"key":"The Courier"},{"floor":11.0,"key":"Frozen Egg 2"},{"floor":13.0,"key":"Nunchaku"},{"floor":23,"key":"Shuriken"}],"event_choices":[{"damage_healed":0.0,"max_hp_gain":0.0,"max_hp_loss":0.0,"gold_gain":0.0,"event_name":"Scrap Ooze","player_choice":"Success","floor":3.0,"gold_loss":0.0,"damage_taken":18.0,"relics_obtained":["Anchor"]},{"cards_removed":["Strike_R"],"damage_healed":0.0,"max_hp_gain":0.0,"max_hp_loss":0.0,"gold_gain":0.0,"event_name":"Golden Wing","player_choice":"Card Removal","floor":5.0,"gold_loss":0.0,"damage_taken":7.0},{"damage_healed":0.0,"max_hp_gain":0.0,"max_hp_loss":0.0,"gold_gain":0.0,"event_name":"Dead Adventurer","player_choice":"Searched \u00272\u0027 times","floor":12.0,"gold_loss":0.0,"damage_taken":0.0,"relics_obtained":["Calipers"]},{"cards_removed":["Strike_R"],"damage_healed":0.0,"max_hp_gain":0.0,"max_hp_loss":0.0,"gold_gain":0.0,"event_name":"Beggar","player_choice":"Gave Gold","floor":20.0,"gold_loss":75.0,"damage_taken":0.0},{"damage_healed":0.0,"max_hp_gain":5.0,"max_hp_loss":0.0,"gold_gain":0.0,"event_name":"Forgotten Altar","player_choice":"Shed Blood","floor":21.0,"gold_loss":0.0,"damage_taken":26.0},{"damage_healed":0.0,"max_hp_gain":0.0,"max_hp_loss":0.0,"gold_gain":50.0,"event_name":"Nest","player_choice":"Stole From Cult","floor":22.0,"gold_loss":0.0,"damage_taken":0.0}],"is_beta":false,"boss_relics":[{"not_picked":["Eternal Feather","Cursed Key"],"picked":"Runic Dome"}],"items_purged_floors":[19],"is_endless":false,"potions_floor_spawned":[7,10,14,16,18],"killed_by":"Book of Stabbing","ascension_level":20}