{"gold_per_floor":[13,23,23,23,37,72,91,122,147,161,161,161,186,205,205,301,301,313,332,345,444,461,461],"floor_reached":23,"playtime":1284,"items_purged":[],"score":247,"play_id":"f8025e24-bb99-4c0e-a4ca-e757ede6e02a","local_time":"20190515212233","is_ascension_mode":true,"campfire_choices":[{"data":"Defragment","floor":11.0,"key":"SMITH"},{"data":"Thunder Strike","floor":15.0,"key":"SMITH"}],"neow_cost":"NO_GOLD","seed_source_timestamp":0,"circlet_count":0,"master_deck":["Strike_B+1","Strike_B","Strike_B","Strike_B+1","Defend_B","Defend_B","Defend_B","Defend_B","Zap+1","Dualcast","Thunder Strike+1","Chill","Genetic Algorithm","Sweeping Beam","Go for the Eyes","Consume","Defragment+1","Rebound","Auto Shields","Seek","Loop","Glacier"],"special_seed":0,"relics":["Cracked Core","Boot","Whetstone","Bag of Preparation","Dream Catcher","Vajra","Black Star"],"potions_floor_usage":[22],"damage_taken":[{"damage":0.0,"enemies":"Cultist","floor":1.0,"turns":3.0},{"damage":7.0,"enemies":"Small Slimes","floor":2.0,"turns":4.0},{"damage":4.0,"enemies":"Jaw Worm","floor":5.0,"turns":3.0},{"damage":12.0,"enemies":"3 Sentries","floor":6.0,"turns":8.0},{"damage":19.0,"enemies":"Lots of Slimes","floor":7.0,"turns":3.0},{"damage":12.0,"enemies":"Gremlin Nob","floor":8.0,"turns":4.0},{"damage":0.0,"enemies":"3 Louse","floor":10.0,"turns":2.0},{"damage":6.0,"enemies":"Lagavulin","floor":13.0,"turns":6.0},{"damage":4.0,"enemies":"Exordium Wildlife","floor":14.0,"turns":3.0},{"damage":7.0,"enemies":"Slime Boss","floor":16.0,"turns":8.0},{"damage":4,"enemies":"Shell Parasite","floor":18,"turns":8},{"damage":2,"enemies":"3 Byrds","floor":19,"turns":5},{"damage":15,"enemies":"Snake Plant","floor":20,"turns":4},{"damage":14,"enemies":"Snecko","floor":22,"turns":9},{"damage":42,"enemies":"Book of Stabbing","floor":23,"turns":10}],"seed_played":"-3952758488857106961","potions_obtained":[{"floor":1.0,"key":"Energy Potion"},{"floor":5.0,"key":"FocusPotion"},{"floor":7.0,"key":"FocusPotion"},{"floor":10.0,"key":"Regen Potion"},{"floor":13.0,"key":"Block Potion"},{"floor":20,"key":"Weak Potion"},{"floor":22,"key":"SteroidPotion"}],"is_trial":false,"path_per_floor":["M","M","$","?","M","E","M","E","T","M","R","?","E","M","R","B",null,"M","M","M","?","M","E"],"character_chosen":"DEFECT","items_purchased":[],"campfire_rested":0,"item_purchase_floors":[],"current_hp_per_floor":[75,68,68,68,64,52,33,21,21,21,21,21,30,26,26,19,75,71,69,54,54,40,0],"gold":461,"neow_bonus":"THREE_RARE_CARDS","is_prod":false,"is_daily":false,"chose_seed":false,"campfire_upgraded":2,"win_rate":0,"timestamp":1557969753,"path_taken":["M","M","?","?","M","E","M","E","T","?","R","?","E","M","R","BOSS","M","?","M","?","M","E"],"build_version":"2019-01-23","purchased_purges":0,"victory":false,"max_hp_per_floor":[75,75,75,75,75,75,75,75,75,75,75,75,75,75,75,75,75,75,75,75,75,75,75],"card_choices":[{"not_picked":["Rainbow","Amplify"],"picked":"Thunder Strike","floor":0.0},{"not_picked":["Heatsinks","Compile Driver"],"picked":"Chill","floor":1.0},{"not_picked":["Stack","Redo"],"picked":"Genetic Algorithm","floor":2.0},{"not_picked":["Blizzard","Rebound"],"picked":"Sweeping Beam","floor":5.0},{"not_picked":["Scrape","Aggregate"],"picked":"Go for the Eyes","floor":6.0},{"not_picked":["Genetic Algorithm","Streamline"],"picked":"Consume","floor":7.0},{"not_picked":["Sweeping Beam","Go for the Eyes","Beam Cell"],"picked":"SKIP","floor":8.0},{"not_picked":["Buffer","Sunder"],"picked":"Defragment","floor":10.0},{"not_picked":["Beam Cell","Steam"],"picked":"Rebound","floor":13.0},{"not_picked":["Rebound","Sweeping Beam"],"picked":"Auto Shields","floor":14.0},{"not_picked":["Rainbow","Buffer"],"picked":"Seek","floor":16.0},{"not_picked":["Leap","Barrage+1","Force Field"],"picked":"SKIP","floor":18},{"not_picked":["Sunder","Go for the Eyes"],"picked":"Loop","floor":19},{"not_picked":["Lockon","Sunder"],"picked":"Glacier","floor":20},{"not_picked":["Heatsinks+1","Barrage","Auto Shields"],"picked":"SKIP","floor":22}],"player_experience":250780,"relics_obtained":[{"floor":6.0,"key":"Whetstone"},{"floor":8.0,"key":"Bag of Preparation"},{"floor":9.0,"key":"Dream Catcher"},{"floor":13.0,"key":"Vajra"}],"event_choices":[{"damage_healed":0.0,"max_hp_gain":0.0,"max_hp_loss":0.0,"gold_gain":0.0,"event_name":"WeMeetAgain","player_choice":"Gave Potion","floor":4.0,"gold_loss":0.0,"damage_taken":0.0,"relics_obtained":["Boot"]},{"damage_healed":0.0,"max_hp_gain":0.0,"max_hp_loss":0.0,"gold_gain":0.0,"event_name":"Accursed Blacksmith","player_choice":"Forge","floor":12.0,"gold_loss":0.0,"damage_taken":0.0,"cards_upgraded":["Zap"]},{"damage_healed":0,"gold_gain":99,"player_choice":"Stole From Cult","damage_taken":0,"max_hp_gain":0,"max_hp_loss":0,"event_name":"Nest","floor":21,"gold_loss":0}],"is_beta":false,"boss_relics":[{"not_picked":["Runic Dome","Runic Pyramid"],"picked":"Black Star"}],"items_purged_floors":[],"is_endless":false,"potions_floor_spawned":[1,5,7,10,13,20,22],"killed_by":"Book of Stabbing","ascension_level":3}