{"gold_per_floor":[109,121,139,155,155,187,187,152,152,178,192,212,247,258,258,335,335,347,447,13,13,25,25,37,49,117,117,150,165,192,210,210,287,287,307,407,377,389,406,406,440,440,440,473,473,7,37,37,37,37,37,37,37,37,65,65],"floor_reached":57,"playtime":2934,"items_purged":["Injury"],"score":2779,"play_id":"56203615-c1ba-4389-989e-4f19b6b5264c","local_time":"20190502190127","is_ascension_mode":true,"campfire_choices":[{"floor":7.0,"key":"REST"},{"data":"Bouncing Flask","floor":15.0,"key":"SMITH"},{"data":"Crippling Poison","floor":23.0,"key":"SMITH"},{"data":"Footwork","floor":32.0,"key":"SMITH"},{"data":"After Image","floor":40.0,"key":"SMITH"},{"floor":45.0,"key":"REST"},{"floor":49,"key":"RECALL"},{"data":"Noxious Fumes","floor":53,"key":"SMITH"}],"neow_cost":"NONE","seed_source_timestamp":77191732044597,"circlet_count":0,"master_deck":["AscendersBane","Defend_G","Defend_G","Defend_G","Defend_G","Defend_G","Strike_G","Strike_G","Strike_G","Strike_G","Strike_G","Survivor","Neutralize","Bouncing Flask+1","Quick Slash","Dash","Deadly Poison","Glass Knife","Crippling Poison+1","Backstab","Adrenaline","PiercingWail","Leg Sweep+1","Footwork+1","Deflect","After Image+1","Catalyst+1","Blur","PiercingWail+1","Dodge and Roll+1","Dark Shackles","Backflip+1","Footwork","Noxious Fumes+1","Prepared+1","Burst+1","Crippling Poison+1","Leg Sweep+1","Endless Agony+1","Backflip+1"],"special_seed":0,"relics":["Ring of the Snake","Anchor","Torii","The Courier","Gremlin Horn","Odd Mushroom","Mercury Hourglass","Cursed Key","Shovel","Pear","Meat on the Bone","Singing Bowl","Potion Belt","StoneCalendar","Black Star","Tough Bandages","Bronze Scales","Kunai","Question Card","Toxic Egg 2","PreservedInsect","Calipers","Bag of Preparation","Mummified Hand"],"potions_floor_usage":[56,56],"damage_taken":[{"damage":0.0,"enemies":"2 Louse","floor":1.0,"turns":3.0},{"damage":7.0,"enemies":"Small Slimes","floor":2.0,"turns":6.0},{"damage":2.0,"enemies":"Cultist","floor":3.0,"turns":4.0},{"damage":1.0,"enemies":"Looter","floor":4.0,"turns":3.0},{"damage":29.0,"enemies":"3 Sentries","floor":6.0,"turns":14.0},{"damage":26.0,"enemies":"Gremlin Nob","floor":10.0,"turns":4.0},{"damage":1.0,"enemies":"Blue Slaver","floor":11.0,"turns":3.0},{"damage":0.0,"enemies":"The Mushroom Lair","floor":12.0,"turns":4.0},{"damage":11.0,"enemies":"3 Sentries","floor":13.0,"turns":9.0},{"damage":0.0,"enemies":"Gremlin Gang","floor":14.0,"turns":3.0},{"damage":16.0,"enemies":"The Guardian","floor":16.0,"turns":9.0},{"damage":10.0,"enemies":"Spheric Guardian","floor":18.0,"turns":4.0},{"damage":1.0,"enemies":"Colosseum Slavers","floor":19.0,"turns":3.0},{"damage":15.0,"enemies":"Colosseum Nobs","floor":19.0,"turns":5.0},{"damage":0.0,"enemies":"2 Thieves","floor":22.0,"turns":3.0},{"damage":0.0,"enemies":"Snake Plant","floor":24.0,"turns":3.0},{"damage":3.0,"enemies":"Chosen and Byrds","floor":25.0,"turns":5.0},{"damage":34.0,"enemies":"Gremlin Leader","floor":28.0,"turns":6.0},{"damage":1.0,"enemies":"Sentry and Sphere","floor":29.0,"turns":3.0},{"damage":10.0,"enemies":"Slavers","floor":30.0,"turns":6.0},{"damage":1.0,"enemies":"3 Cultists","floor":31.0,"turns":4.0},{"damage":49.0,"enemies":"Automaton","floor":33.0,"turns":13.0},{"damage":13.0,"enemies":"3 Shapes","floor":35.0,"turns":6.0},{"damage":1.0,"enemies":"Mind Bloom Boss Battle","floor":36.0,"turns":6.0},{"damage":11.0,"enemies":"3 Darklings","floor":38.0,"turns":5.0},{"damage":7.0,"enemies":"Writhing Mass","floor":39.0,"turns":5.0},{"damage":24.0,"enemies":"Nemesis","floor":41.0,"turns":9.0},{"damage":42.0,"enemies":"Giant Head","floor":44.0,"turns":8.0},{"damage":7.0,"enemies":"Reptomancer","floor":47.0,"turns":7.0},{"damage":0.0,"enemies":"Transient","floor":48.0,"turns":4.0},{"damage":8,"enemies":"Donu and Deca","floor":50,"turns":11},{"damage":14,"enemies":"Awakened One","floor":51,"turns":29},{"damage":64,"enemies":"Shield and Spear","floor":55,"turns":7},{"damage":30,"enemies":"The Heart","floor":56,"turns":12}],"seed_played":"-5446501247470167103","potions_obtained":[{"floor":2.0,"key":"GamblersBrew"},{"floor":10.0,"key":"Block Potion"},{"floor":11.0,"key":"Poison Potion"},{"floor":12.0,"key":"GhostInAJar"},{"floor":13.0,"key":"Dexterity Potion"},{"floor":16.0,"key":"Weak Potion"},{"floor":22.0,"key":"Weak Potion"},{"floor":25.0,"key":"Regen Potion"},{"floor":29.0,"key":"FearPotion"},{"floor":30.0,"key":"PowerPotion"},{"floor":35.0,"key":"Regen Potion"},{"floor":37.0,"key":"AttackPotion"},{"floor":37.0,"key":"SmokeBomb"},{"floor":44.0,"key":"Weak Potion"},{"floor":47.0,"key":"EssenceOfSteel"},{"floor":55,"key":"SpeedPotion"}],"is_trial":false,"path_per_floor":["M","M","M","M","?","E","R","?","T","E","M","?","E","M","R","B",null,"M","?","$","?","M","R","M","M","T","?","E","M","E","M","R","B",null,"M","?","?","M","M","R","E","?","T","E","R","$","E","M","R","B","B",null,"R","$","E","B",null],"character_chosen":"THE_SILENT","items_purchased":["Meat on the Bone","Singing Bowl","Footwork","Noxious Fumes","Prepared+1","Burst+1","Crippling Poison+1","Leg Sweep+1"],"campfire_rested":2,"item_purchase_floors":[20,20,46,46,46,46,46,46],"current_hp_per_floor":[59,52,50,49,49,20,39,55,55,29,28,28,17,17,17,1,50,40,34,34,12,26,26,40,51,51,87,53,52,59,58,58,21,72,59,60,60,49,54,54,42,36,36,21,49,49,54,54,54,58,56,85,85,85,33,15],"gold":65,"neow_bonus":"RANDOM_COMMON_RELIC","is_prod":false,"is_daily":false,"chose_seed":false,"campfire_upgraded":5,"win_rate":0,"timestamp":1556834487,"path_taken":["M","M","M","M","?","E","R","?","T","E","M","?","E","M","R","BOSS","M","?","$","?","M","R","M","M","T","?","E","?","E","M","R","BOSS","M","?","?","?","M","R","E","?","T","E","R","$","E","M","R","BOSS","BOSS","R","$","E","BOSS"],"build_version":"2019-01-23","purchased_purges":1,"victory":true,"max_hp_per_floor":[66,66,66,66,66,66,66,66,66,66,66,66,66,66,66,66,66,66,76,76,81,83,83,85,87,87,87,87,87,89,89,89,89,89,89,91,91,91,91,91,91,95,95,95,95,95,95,95,95,95,95,95,95,95,95,95],"card_choices":[{"not_picked":["Outmaneuver","Slice","Dodge and Roll"],"picked":"SKIP","floor":1.0},{"not_picked":["Catalyst","Backflip"],"picked":"Flechettes","floor":2.0},{"not_picked":["Deadly Poison","Blur"],"picked":"Bouncing Flask","floor":3.0},{"not_picked":["Underhanded Strike","Slice"],"picked":"Quick Slash","floor":4.0},{"not_picked":["Dagger Throw","Slice"],"picked":"Dash","floor":6.0},{"not_picked":["Bullet Time","Dagger Throw"],"picked":"Deadly Poison","floor":10.0},{"not_picked":["Flying Knee","Quick Slash","Acrobatics"],"picked":"SKIP","floor":11.0},{"not_picked":["PiercingWail","Dagger Throw"],"picked":"Glass Knife","floor":12.0},{"not_picked":["Quick Slash","Eviscerate"],"picked":"Crippling Poison","floor":13.0},{"not_picked":["Tactician","Slice"],"picked":"Backstab","floor":14.0},{"not_picked":["Unload","Bullet Time"],"picked":"Adrenaline","floor":16.0},{"not_picked":["Underhanded Strike","Dagger Spray+1"],"picked":"PiercingWail","floor":18.0},{"not_picked":["Poisoned Stab","Dagger Spray","Acrobatics"],"picked":"Singing Bowl","floor":22.0},{"not_picked":["Phantasmal Killer","Skewer","Infinite Blades"],"picked":"Singing Bowl","floor":24.0},{"not_picked":["Endless Agony","Heel Hook","Deadly Poison"],"picked":"Singing Bowl","floor":25.0},{"not_picked":["Blade Dance","Dagger Spray"],"picked":"Leg Sweep+1","floor":28.0},{"not_picked":["Quick Slash","Infinite Blades"],"picked":"Footwork","floor":29.0},{"not_picked":["Skewer+1","Quick Slash","Acrobatics"],"picked":"Singing Bowl","floor":30.0},{"not_picked":["Underhanded Strike","Dagger Throw"],"picked":"Deflect","floor":31.0},{"not_picked":["Burst","Envenom"],"picked":"After Image","floor":33.0},{"not_picked":["Dodge and Roll","Riddle With Holes"],"picked":"Catalyst+1","floor":35.0},{"not_picked":["Quick Slash","Underhanded Strike","Prepared"],"picked":"Singing Bowl","floor":36.0},{"not_picked":["Sucker Punch","Calculated Gamble"],"picked":"Blur","floor":38.0},{"not_picked":["Outmaneuver","Bane+1"],"picked":"PiercingWail+1","floor":39.0},{"not_picked":["Prepared","Flying Knee+1"],"picked":"Dodge and Roll+1","floor":41.0},{"not_picked":["Forethought","Discovery","Trip"],"picked":"Singing Bowl","floor":42.0},{"not_picked":["Finesse","Bandage Up"],"picked":"Dark Shackles","floor":42.0},{"not_picked":["Panache","Chrysalis","Magnetism"],"picked":"Singing Bowl","floor":42.0},{"not_picked":["Sucker Punch+1","Dodge and Roll"],"picked":"Backflip+1","floor":44.0},{"not_picked":["Leg Sweep+1","Dodge and Roll+1","Deadly Poison+1"],"picked":"Endless Agony+1","floor":47.0},{"not_picked":["Riddle With Holes+1","Crippling Poison+1","Leg Sweep+1"],"picked":"Backflip+1","floor":55}],"player_experience":2242986,"relics_obtained":[{"floor":6.0,"key":"Torii"},{"floor":9.0,"key":"The Courier"},{"floor":10.0,"key":"Gremlin Horn"},{"floor":12.0,"key":"Odd Mushroom"},{"floor":13.0,"key":"Mercury Hourglass"},{"floor":19.0,"key":"Shovel"},{"floor":19.0,"key":"Pear"},{"floor":28.0,"key":"Potion Belt"},{"floor":30.0,"key":"StoneCalendar"},{"floor":36.0,"key":"Tough Bandages"},{"floor":41.0,"key":"Bronze Scales"},{"floor":41.0,"key":"Kunai"},{"floor":44.0,"key":"Question Card"},{"floor":44.0,"key":"Toxic Egg 2"},{"floor":47.0,"key":"PreservedInsect"},{"floor":47.0,"key":"Calipers"},{"floor":55,"key":"Bag of Preparation"},{"floor":55,"key":"Mummified Hand"}],"event_choices":[{"damage_healed":0.0,"max_hp_gain":0.0,"max_hp_loss":0.0,"gold_gain":0.0,"event_name":"Liars Game","player_choice":"Ignored","floor":5.0,"gold_loss":0.0,"damage_taken":0.0},{"damage_healed":16.0,"max_hp_gain":0.0,"max_hp_loss":0.0,"gold_gain":0.0,"event_name":"The Cleric","player_choice":"Healed","floor":8.0,"gold_loss":35.0,"damage_taken":0.0},{"damage_healed":0.0,"max_hp_gain":0.0,"max_hp_loss":0.0,"gold_gain":0.0,"event_name":"Mushrooms","player_choice":"Fought Mushrooms","floor":12.0,"gold_loss":0.0,"damage_taken":0.0},{"damage_healed":0.0,"max_hp_gain":0.0,"max_hp_loss":0.0,"gold_gain":0.0,"event_name":"Colosseum","player_choice":"Fight","floor":19.0,"gold_loss":0.0,"damage_taken":0.0},{"damage_healed":0.0,"max_hp_gain":0.0,"max_hp_loss":0.0,"gold_gain":0.0,"event_name":"Colosseum","player_choice":"Fought Nobs","floor":19.0,"gold_loss":0.0,"damage_taken":0.0},{"damage_healed":0.0,"max_hp_gain":5.0,"max_hp_loss":0.0,"gold_gain":0.0,"event_name":"Forgotten Altar","player_choice":"Shed Blood","floor":21.0,"gold_loss":0.0,"damage_taken":27.0},{"cards_removed":["Flechettes"],"damage_healed":36.0,"max_hp_gain":0.0,"max_hp_loss":0.0,"gold_gain":0.0,"event_name":"Bonfire Elementals","player_choice":"Offered Uncommon","floor":27.0,"gold_loss":0.0,"damage_taken":0.0},{"damage_healed":0.0,"max_hp_gain":0.0,"max_hp_loss":0.0,"gold_gain":0.0,"event_name":"MindBloom","player_choice":"Fight","floor":36.0,"gold_loss":0.0,"damage_taken":0.0},{"damage_healed":0.0,"max_hp_gain":0.0,"max_hp_loss":0.0,"gold_gain":0.0,"event_name":"The Woman in Blue","player_choice":"Bought 2 Potions","floor":37.0,"gold_loss":0.0,"damage_taken":0.0},{"damage_healed":0.0,"max_hp_gain":0.0,"max_hp_loss":0.0,"gold_gain":0.0,"event_name":"SensoryStone","player_choice":"Memory 3","floor":42.0,"gold_loss":0.0,"damage_taken":10.0}],"is_beta":false,"boss_relics":[{"not_picked":["Runic Pyramid","Coffee Dripper"],"picked":"Cursed Key"},{"not_picked":["White Beast Statue","Velvet Choker"],"picked":"Black Star"}],"items_purged_floors":[46],"is_endless":false,"potions_floor_spawned":[2,10,11,12,13,16,22,25,29,30,35,44,47,48,55],"ascension_level":20}