{"gold_per_floor":[109,122,99,110,74,100,100,116,116,116,143,162,180,194,194,292,292,311,311,322,355,368,368,293,293,318,353,353,380,399,418,418,514,514,534,634,634,634,649,649,79,79,79,114,114,114,336,28,28,28],"floor_reached":51,"playtime":4064,"items_purged":[],"score":1072,"play_id":"417cd340-2401-440b-abac-825d2753b146","local_time":"20190311194600","is_ascension_mode":true,"campfire_choices":[{"data":"Armaments","floor":7.0,"key":"SMITH"},{"data":"Body Slam","floor":10.0,"key":"SMITH"},{"data":"Inflame","floor":15.0,"key":"SMITH"},{"data":"Body Slam","floor":23.0,"key":"SMITH"},{"data":"Barricade","floor":25.0,"key":"SMITH"},{"data":"Pommel Strike","floor":28,"key":"SMITH"},{"data":"Armaments","floor":32,"key":"SMITH"},{"data":"True Grit","floor":40,"key":"SMITH"},{"data":"Demon Form","floor":42,"key":"SMITH"},{"data":"Strike_R","floor":46,"key":"PURGE"},{"data":"Armaments","floor":49,"key":"SMITH"}],"neow_cost":"NONE","seed_source_timestamp":0,"circlet_count":0,"master_deck":["AscendersBane","Strike_R","Strike_R","Defend_R","Defend_R","Defend_R","Defend_R","Bash","Reaper","Pommel Strike+1","Inflame+1","Armaments+1","Body Slam+1","Seeing Red","Shrug It Off","Shrug It Off","Barricade+1","Iron Wave","Iron Wave","Demon Form+1","Metallicize+1","Iron Wave","Body Slam+1","Metallicize","Cleave+1","Shrug It Off","Warcry","Armaments+1","Offering","Armaments+1","Flame Barrier+1","Madness","Madness","True Grit+1","Metallicize","Battle Trance","The Bomb"],"special_seed":0,"relics":["Burning Blood","Blue Candle","Self Forming Clay","Orichalcum","Sozu","Red Mask","PreservedInsect","Oddly Smooth Stone","Art of War","Mark of Pain","Champion Belt","Kunai","Singing Bowl","Peace Pipe","Sundial","The Courier","Lee\u0027s Waffle"],"potions_floor_usage":[27,27],"damage_taken":[{"damage":11.0,"enemies":"Cultist","floor":1.0,"turns":4.0},{"damage":19.0,"enemies":"2 Louse","floor":2.0,"turns":3.0},{"damage":8.0,"enemies":"Small Slimes","floor":4.0,"turns":4.0},{"damage":20.0,"enemies":"3 Sentries","floor":6.0,"turns":8.0},{"damage":12.0,"enemies":"Exordium Wildlife","floor":8.0,"turns":4.0},{"damage":20.0,"enemies":"Lagavulin","floor":11.0,"turns":10.0},{"damage":1.0,"enemies":"Looter","floor":12.0,"turns":3.0},{"damage":2.0,"enemies":"Exordium Thugs","floor":13.0,"turns":4.0},{"damage":3.0,"enemies":"Exordium Wildlife","floor":14.0,"turns":3.0},{"damage":21.0,"enemies":"Hexaghost","floor":16.0,"turns":11.0},{"damage":19.0,"enemies":"Spheric Guardian","floor":18.0,"turns":5.0},{"damage":16.0,"enemies":"Shell Parasite","floor":20.0,"turns":7.0},{"damage":19.0,"enemies":"Masked Bandits","floor":21.0,"turns":5.0},{"damage":21.0,"enemies":"Snake Plant","floor":22.0,"turns":6.0},{"damage":16,"enemies":"Slavers","floor":27,"turns":4},{"damage":35,"enemies":"Gremlin Leader","floor":29,"turns":7},{"damage":15,"enemies":"Snecko","floor":30,"turns":6},{"damage":2,"enemies":"Cultist and Chosen","floor":31,"turns":8},{"damage":20,"enemies":"Automaton","floor":33,"turns":9},{"damage":39,"enemies":"3 Darklings","floor":35,"turns":7},{"damage":29,"enemies":"Mind Bloom Boss Battle","floor":36,"turns":7},{"damage":13,"enemies":"3 Shapes","floor":39,"turns":7},{"damage":17,"enemies":"Giant Head","floor":44,"turns":10},{"damage":43,"enemies":"Time Eater","floor":50,"turns":11}],"seed_played":"-1336865614754264369","potions_obtained":[{"floor":4.0,"key":"AttackPotion"},{"floor":6.0,"key":"Poison Potion"},{"floor":8.0,"key":"Strength Potion"},{"floor":14.0,"key":"SteroidPotion"},{"floor":16.0,"key":"SteroidPotion"}],"is_trial":false,"path_per_floor":["M","M","$","M","$","E","R","M","T","R","E","M","M","M","R","B",null,"M","?","M","?","M","R","?","R","T","E","R","E","M","M","R","B",null,"M","?","?","?","M","R","$","R","T","E","T","R","?","$","R","B",null],"character_chosen":"IRONCLAD","items_purchased":["Armaments","Seeing Red","Kunai","Singing Bowl","Metallicize","Lee\u0027s Waffle","The Bomb"],"campfire_rested":0,"item_purchase_floors":[3,5,41,41,41,48,48],"current_hp_per_floor":[67,62,62,63,63,61,61,63,63,63,57,62,72,80,80,72,78,65,50,48,47,46,46,46,46,46,75,75,61,58,62,62,70,81,73,65,54,54,63,63,63,63,63,57,57,57,57,92,92,55],"gold":28,"neow_bonus":"TRANSFORM_CARD","is_prod":false,"is_daily":false,"chose_seed":false,"campfire_upgraded":10,"win_rate":0,"timestamp":1552358760,"path_taken":["M","?","$","M","?","E","R","M","T","R","E","?","M","M","R","BOSS","M","?","M","?","M","R","?","R","T","E","R","E","M","M","R","BOSS","M","?","?","?","?","R","?","R","T","E","?","R","?","$","R","BOSS"],"build_version":"2019-01-23","purchased_purges":0,"victory":true,"max_hp_per_floor":[80,80,80,80,80,80,80,80,80,80,80,80,80,80,80,80,80,80,85,85,85,85,85,85,85,85,85,85,85,85,85,85,85,85,85,85,85,85,85,85,85,85,85,85,85,85,85,92,92,92],"card_choices":[{"not_picked":["Clash","Flex"],"picked":"Pommel Strike","floor":1.0},{"not_picked":["Perfected Strike","Anger"],"picked":"Inflame","floor":2.0},{"not_picked":["Clothesline","Rage"],"picked":"Body Slam","floor":4.0},{"not_picked":["Headbutt","Warcry"],"picked":"Shrug It Off","floor":6.0},{"not_picked":["Headbutt","Hemokinesis"],"picked":"Shrug It Off","floor":8.0},{"not_picked":["Hemokinesis","Infernal Blade"],"picked":"Barricade","floor":11.0},{"not_picked":["Sentinel","Twin Strike"],"picked":"Iron Wave","floor":12.0},{"not_picked":["Fire Breathing","Body Slam"],"picked":"Iron Wave","floor":13.0},{"not_picked":["Thunderclap","Clash"],"picked":"Headbutt","floor":14.0},{"not_picked":["Barricade","Berserk"],"picked":"Demon Form","floor":16.0},{"not_picked":["Dropkick+1","Havoc"],"picked":"Metallicize+1","floor":18.0},{"not_picked":["Dropkick","True Grit"],"picked":"Iron Wave","floor":20.0},{"not_picked":["Armaments","Headbutt"],"picked":"Body Slam","floor":21.0},{"not_picked":["Thunderclap","Body Slam"],"picked":"Metallicize","floor":22.0},{"not_picked":["Burning Pact","Rampage"],"picked":"Cleave+1","floor":27},{"not_picked":["Intimidate","Clothesline+1"],"picked":"Shrug It Off","floor":29},{"not_picked":["Body Slam","Wild Strike"],"picked":"Warcry","floor":30},{"not_picked":["Flex","Cleave"],"picked":"Armaments","floor":31},{"not_picked":["Immolate","Bludgeon"],"picked":"Offering","floor":33},{"not_picked":["Combust+1","Clash"],"picked":"Armaments","floor":35},{"not_picked":["Warcry","Infernal Blade"],"picked":"Flame Barrier+1","floor":36},{"not_picked":["Dual Wield","Headbutt+1"],"picked":"True Grit","floor":39},{"not_picked":["Havoc","Whirlwind"],"picked":"Battle Trance","floor":44}],"player_experience":451225,"relics_obtained":[{"floor":6.0,"key":"Blue Candle"},{"floor":9.0,"key":"Self Forming Clay"},{"floor":11.0,"key":"Orichalcum"},{"floor":21.0,"key":"Red Mask"},{"floor":26.0,"key":"PreservedInsect"},{"floor":27,"key":"Oddly Smooth Stone"},{"floor":29,"key":"Art of War"},{"floor":36,"key":"Champion Belt"},{"floor":43,"key":"Peace Pipe"},{"floor":44,"key":"Sundial"},{"floor":45,"key":"The Courier"}],"event_choices":[{"damage_healed":0.0,"max_hp_gain":5.0,"max_hp_loss":0.0,"gold_gain":0.0,"event_name":"Forgotten Altar","player_choice":"Shed Blood","floor":19.0,"gold_loss":0.0,"damage_taken":20.0},{"damage_healed":0.0,"max_hp_gain":0.0,"max_hp_loss":0.0,"gold_gain":0.0,"event_name":"Masked Bandits","player_choice":"Fought Bandits","floor":21.0,"gold_loss":0.0,"damage_taken":0.0},{"cards_removed":["Strike_R"],"damage_healed":0.0,"max_hp_gain":0.0,"max_hp_loss":0.0,"gold_gain":0.0,"event_name":"Beggar","player_choice":"Gave Gold","floor":24.0,"gold_loss":75.0,"damage_taken":0.0},{"damage_healed":0,"gold_gain":0,"player_choice":"Fight","damage_taken":0,"max_hp_gain":0,"max_hp_loss":0,"event_name":"MindBloom","floor":36,"gold_loss":0},{"damage_healed":0,"gold_gain":0,"player_choice":"Embrace Madness","damage_taken":11,"max_hp_gain":0,"max_hp_loss":0,"event_name":"Winding Halls","floor":37,"gold_loss":0,"cards_obtained":["Madness","Madness"]},{"cards_removed":["Headbutt"],"damage_healed":0,"gold_gain":0,"player_choice":"Removed Attack","damage_taken":0,"max_hp_gain":0,"max_hp_loss":0,"event_name":"Falling","floor":38,"gold_loss":0},{"damage_healed":0,"gold_gain":222,"player_choice":"Wore Mask","damage_taken":0,"max_hp_gain":0,"max_hp_loss":0,"event_name":"Tomb of Lord Red Mask","floor":47,"gold_loss":0}],"is_beta":false,"boss_relics":[{"not_picked":["Lizard Tail","Tiny House"],"picked":"Sozu"},{"not_picked":["Snecko Eye","Runic Dome"],"picked":"Mark of Pain"}],"items_purged_floors":[],"is_endless":false,"potions_floor_spawned":[4,6,8,14,16,18,27,33,44],"ascension_level":10}