{"gold_per_floor":[14,14,28,28,46,46,70,70,94,18,37,56,125,125,125,224,224,239,262,277,302,321,321,342,342,417,438,479,108,108,28,28,119,119,143,163,163,113,113,144,11,29,29,29,44,319,350,371,371,371,371,371,371,64,105,105],"floor_reached":57,"playtime":3140,"items_purged":["Strike_R","Strike_R","Strike_R","Regret"],"score":2702,"play_id":"7966564a-2dc6-42da-b0c1-dcc191b261fa","local_time":"20190502193519","is_ascension_mode":true,"campfire_choices":[{"data":"Body Slam","floor":6.0,"key":"SMITH"},{"data":"True Grit","floor":8.0,"key":"SMITH"},{"data":"Havoc","floor":15.0,"key":"SMITH"},{"data":"Limit Break","floor":23.0,"key":"SMITH"},{"floor":30.0,"key":"RECALL"},{"floor":32.0,"key":"REST"},{"data":"Shockwave","floor":44.0,"key":"SMITH"},{"data":"Bash","floor":49.0,"key":"SMITH"},{"data":"Rage","floor":53.0,"key":"SMITH"}],"neow_cost":"NO_GOLD","seed_source_timestamp":637339993726414,"circlet_count":0,"master_deck":["AscendersBane","Defend_R","Defend_R+1","Defend_R+1","Defend_R","Bash+1","Iron Wave+1","Havoc+1","Body Slam+1","True Grit+1","Rage+1","Inflame+1","Sword Boomerang+1","Limit Break+1","Pommel Strike+1","Shockwave+1","Feel No Pain+1","Shrug It Off+1","Bloodletting+1","Second Wind+1","Reaper","Deep Breath+1","Panacea+1","Reaper","Offering+1"],"special_seed":0,"relics":["Burning Blood","Golden Idol","Happy Flower","Oddly Smooth Stone","Runic Pyramid","Shuriken","The Courier","Membership Card","Whetstone","Toxic Egg 2","Coffee Dripper","Nunchaku","Lantern","Bottled Lightning","War Paint"],"potions_floor_usage":[56,56],"damage_taken":[{"damage":1.0,"enemies":"2 Louse","floor":1.0,"turns":4.0},{"damage":4.0,"enemies":"Small Slimes","floor":3.0,"turns":5.0},{"damage":6.0,"enemies":"Cultist","floor":5.0,"turns":5.0},{"damage":4.0,"enemies":"3 Louse","floor":7.0,"turns":5.0},{"damage":11.0,"enemies":"Lots of Slimes","floor":11.0,"turns":8.0},{"damage":8.0,"enemies":"Blue Slaver","floor":12.0,"turns":4.0},{"damage":0.0,"enemies":"Gremlin Nob","floor":13.0,"turns":3.0},{"damage":27.0,"enemies":"The Guardian","floor":16.0,"turns":11.0},{"damage":0.0,"enemies":"Chosen","floor":18.0,"turns":5.0},{"damage":16.0,"enemies":"2 Thieves","floor":19.0,"turns":5.0},{"damage":7.0,"enemies":"Snecko","floor":20.0,"turns":4.0},{"damage":0.0,"enemies":"3 Cultists","floor":21.0,"turns":6.0},{"damage":9.0,"enemies":"Cultist and Chosen","floor":22.0,"turns":6.0},{"damage":15.0,"enemies":"Shelled Parasite and Fungi","floor":24.0,"turns":7.0},{"damage":2.0,"enemies":"Snake Plant","floor":27.0,"turns":5.0},{"damage":28.0,"enemies":"Gremlin Leader","floor":28.0,"turns":5.0},{"damage":27.0,"enemies":"Collector","floor":33.0,"turns":8.0},{"damage":32.0,"enemies":"3 Darklings","floor":35.0,"turns":9.0},{"damage":21.0,"enemies":"3 Shapes","floor":36.0,"turns":9.0},{"damage":21.0,"enemies":"Reptomancer","floor":40.0,"turns":5.0},{"damage":20.0,"enemies":"3 Darklings","floor":42.0,"turns":5.0},{"damage":23.0,"enemies":"Maw","floor":45.0,"turns":6.0},{"damage":31.0,"enemies":"Giant Head","floor":47.0,"turns":6.0},{"damage":44.0,"enemies":"Transient","floor":48.0,"turns":6.0},{"damage":56.0,"enemies":"Donu and Deca","floor":50.0,"turns":7.0},{"damage":96.0,"enemies":"Awakened One","floor":51.0,"turns":8.0},{"damage":55.0,"enemies":"Shield and Spear","floor":55.0,"turns":8.0},{"damage":55,"enemies":"The Heart","floor":56,"turns":8}],"seed_played":"-7574124148980868897","potions_obtained":[{"floor":3.0,"key":"SteroidPotion"},{"floor":4.0,"key":"SteroidPotion"},{"floor":13.0,"key":"BloodPotion"},{"floor":19.0,"key":"SpeedPotion"},{"floor":21.0,"key":"Dexterity Potion"},{"floor":24.0,"key":"GamblersBrew"},{"floor":33.0,"key":"AttackPotion"},{"floor":35.0,"key":"SkillPotion"},{"floor":42.0,"key":"SkillPotion"},{"floor":45.0,"key":"GamblersBrew"},{"floor":55.0,"key":"GamblersBrew"}],"is_trial":false,"path_per_floor":["M","?","M","?","M","R","M","R","T","$","M","M","?","?","R","B",null,"M","M","M","M","M","R","M","?","T","M","E","$","R","$","R","B",null,"M","M","?","$","?","E","$","M","T","R","M","?","E","M","R","B","B",null,"R","$","E","B",null],"character_chosen":"IRONCLAD","items_purchased":["Rage","Membership Card","Whetstone","Toxic Egg 2","Shrug It Off+1","Bloodletting+1","Second Wind+1","Reaper","Offering+1","Bottled Lightning","Ancient Potion","SpeedPotion"],"campfire_rested":1,"item_purchase_floors":[10,29,29,29,31,31,31,41,54,54,54,54],"current_hp_per_floor":[73,68,68,68,68,68,68,68,68,68,63,61,67,67,67,46,63,68,58,57,63,60,60,51,51,51,55,33,33,33,33,53,32,59,68,68,68,68,58,68,68,68,68,68,68,68,68,54,54,68,38,61,61,61,68,68],"gold":105,"neow_bonus":"TRANSFORM_TWO_CARDS","is_prod":false,"is_daily":false,"chose_seed":false,"campfire_upgraded":7,"win_rate":0,"timestamp":1556796919,"path_taken":["M","?","M","?","M","R","M","R","T","$","M","?","?","?","R","BOSS","M","M","?","M","M","R","M","?","T","M","E","$","R","$","R","BOSS","M","M","?","$","?","E","$","M","T","R","M","?","E","M","R","BOSS","BOSS","R","$","E","BOSS"],"build_version":"2019-01-23","purchased_purges":4,"victory":true,"max_hp_per_floor":[75,68,68,68,68,68,68,68,68,68,68,68,68,68,68,68,68,68,68,68,68,68,68,68,68,68,68,68,68,68,68,68,68,68,68,68,68,68,68,68,68,68,68,68,68,68,68,68,68,68,68,68,68,68,68,68],"card_choices":[{"not_picked":["Rage","Infernal Blade"],"picked":"Body Slam","floor":1.0},{"not_picked":["Infernal Blade","Havoc"],"picked":"True Grit","floor":3.0},{"not_picked":["Uppercut","Rupture","True Grit"],"picked":"SKIP","floor":5.0},{"not_picked":["Sword Boomerang","Anger","Sever Soul"],"picked":"SKIP","floor":7.0},{"not_picked":["Iron Wave","Anger"],"picked":"Inflame","floor":11.0},{"not_picked":["Perfected Strike","Flex"],"picked":"Sword Boomerang","floor":12.0},{"not_picked":["Immolate","Offering"],"picked":"Limit Break","floor":16.0},{"not_picked":["Seeing Red","Armaments"],"picked":"Pommel Strike+1","floor":18.0},{"not_picked":["Dual Wield","Blood for Blood+1"],"picked":"Shockwave","floor":19.0},{"not_picked":["Havoc+1","Perfected Strike","Clothesline"],"picked":"SKIP","floor":20.0},{"not_picked":["Hemokinesis","Shockwave","Wild Strike"],"picked":"SKIP","floor":21.0},{"not_picked":["Havoc","Warcry","Clothesline"],"picked":"SKIP","floor":22.0},{"not_picked":["Iron Wave","Havoc"],"picked":"Feel No Pain+1","floor":24.0},{"not_picked":["Bludgeon","Heavy Blade+1","Rage"],"picked":"SKIP","floor":27.0},{"not_picked":["Perfected Strike","Combust","Iron Wave"],"picked":"SKIP","floor":28.0},{"not_picked":["Juggernaut","Double Tap+1"],"picked":"Reaper","floor":33.0},{"not_picked":["Blood for Blood+1","Corruption+1","Armaments+1"],"picked":"SKIP","floor":35.0},{"not_picked":["Body Slam","Havoc+1","Evolve+1"],"picked":"SKIP","floor":36.0},{"not_picked":["Secret Technique+1","Madness+1"],"picked":"Deep Breath+1","floor":39.0},{"not_picked":["Panache","Mayhem"],"picked":"Panacea+1","floor":39.0},{"not_picked":["Heavy Blade","Clash","Clothesline+1"],"picked":"SKIP","floor":40.0},{"not_picked":["Iron Wave","Ghostly Armor+1","Sever Soul"],"picked":"SKIP","floor":42.0},{"not_picked":["Pommel Strike","Flex+1","Carnage"],"picked":"SKIP","floor":45.0},{"not_picked":["Clothesline","Clash","Flex+1"],"picked":"SKIP","floor":47.0},{"not_picked":["Heavy Blade","Hemokinesis","Twin Strike"],"picked":"SKIP","floor":48.0},{"not_picked":["Clothesline","Uppercut","Shockwave+1"],"picked":"SKIP","floor":55.0}],"player_experience":1809304,"relics_obtained":[{"floor":9.0,"key":"Happy Flower"},{"floor":13.0,"key":"Oddly Smooth Stone"},{"floor":26.0,"key":"Shuriken"},{"floor":28.0,"key":"The Courier"},{"floor":40.0,"key":"Nunchaku"},{"floor":47.0,"key":"Lantern"},{"floor":55.0,"key":"War Paint"}],"event_choices":[{"damage_healed":0.0,"max_hp_gain":0.0,"max_hp_loss":7.0,"gold_gain":0.0,"event_name":"Golden Idol","player_choice":"Lose Max HP","floor":2.0,"gold_loss":0.0,"damage_taken":0.0,"relics_obtained":["Golden Idol"]},{"damage_healed":0.0,"max_hp_gain":0.0,"max_hp_loss":0.0,"gold_gain":0.0,"event_name":"Lab","player_choice":"Got Potions","floor":4.0,"gold_loss":0.0,"damage_taken":0.0},{"damage_healed":0.0,"max_hp_gain":0.0,"max_hp_loss":0.0,"gold_gain":0.0,"event_name":"Dead Adventurer","player_choice":"Searched \u00271\u0027 times","floor":13.0,"gold_loss":0.0,"damage_taken":0.0},{"damage_healed":0.0,"max_hp_gain":0.0,"max_hp_loss":0.0,"gold_gain":0.0,"event_name":"Upgrade Shrine","player_choice":"Upgraded","floor":14.0,"gold_loss":0.0,"damage_taken":0.0,"cards_upgraded":["Inflame"]},{"damage_healed":0.0,"max_hp_gain":0.0,"max_hp_loss":0.0,"gold_gain":0.0,"event_name":"Vampires","player_choice":"Ignored","floor":25.0,"gold_loss":0.0,"damage_taken":0.0},{"damage_healed":0.0,"max_hp_gain":0.0,"max_hp_loss":0.0,"gold_gain":0.0,"event_name":"Tomb of Lord Red Mask","player_choice":"Ignored","floor":37.0,"gold_loss":0.0,"damage_taken":0.0},{"damage_healed":0.0,"max_hp_gain":0.0,"max_hp_loss":0.0,"gold_gain":0.0,"event_name":"SensoryStone","player_choice":"Memory 3","floor":39.0,"gold_loss":0.0,"damage_taken":10.0},{"damage_healed":0.0,"max_hp_gain":0.0,"max_hp_loss":0.0,"gold_gain":275.0,"event_name":"Golden Shrine","player_choice":"Desecrate","floor":46.0,"gold_loss":0.0,"damage_taken":0.0,"cards_obtained":["Regret"]}],"is_beta":false,"boss_relics":[{"not_picked":["Mark of Pain","Ectoplasm"],"picked":"Runic Pyramid"},{"not_picked":["Orrery","Black Blood"],"picked":"Coffee Dripper"}],"items_purged_floors":[29,38,41,54],"is_endless":false,"potions_floor_spawned":[3,12,13,19,20,21,24,33,35,42,45,47,55],"ascension_level":20}