{"gold_per_floor":[115,135,135,150,168,168,201,221,274,274,274],"floor_reached":11,"playtime":403,"items_purged":[],"score":113,"play_id":"3948d211-2902-4b34-bf8f-e9bda07732b8","local_time":"20190514183419","is_ascension_mode":true,"campfire_choices":[{"data":"Rampage","floor":6,"key":"SMITH"},{"data":"Pommel Strike","floor":10,"key":"SMITH"}],"neow_cost":"NONE","seed_source_timestamp":1412994437557391,"circlet_count":0,"master_deck":["AscendersBane","Strike_R","Strike_R","Strike_R","Strike_R","Strike_R","Defend_R","Defend_R","Defend_R","Defend_R","Bash","Iron Wave","Clothesline","Rampage+1","Dual Wield","Rage","Pommel Strike+1"],"relics":["Burning Blood","Happy Flower","Pen Nib","Tiny Chest"],"potions_floor_usage":[7],"damage_taken":[{"damage":1,"enemies":"Cultist","floor":1,"turns":4},{"damage":2,"enemies":"Small Slimes","floor":2,"turns":5},{"damage":7,"enemies":"Jaw Worm","floor":4,"turns":3},{"damage":5,"enemies":"2 Fungi Beasts","floor":5,"turns":4},{"damage":28,"enemies":"Lagavulin","floor":7,"turns":7},{"damage":27,"enemies":"Exordium Thugs","floor":8,"turns":5},{"damage":31,"enemies":"The Mushroom Lair","floor":11,"turns":3}],"seed_played":"6137552508024030794","potions_obtained":[{"floor":2,"key":"Strength Potion"},{"floor":4,"key":"Block Potion"}],"is_trial":false,"path_per_floor":["M","M","?","M","M","R","E","M","T","R","?"],"character_chosen":"IRONCLAD","items_purchased":[],"campfire_rested":0,"item_purchase_floors":[],"current_hp_per_floor":[85,88,70,69,70,70,48,27,27,27,0],"gold":274,"neow_bonus":"TEN_PERCENT_HP_BONUS","is_prod":false,"is_daily":false,"chose_seed":false,"campfire_upgraded":2,"win_rate":0,"timestamp":1557873259,"path_taken":["M","M","?","M","M","R","E","M","T","R","?"],"build_version":"2019-01-23","purchased_purges":0,"victory":false,"max_hp_per_floor":[88,88,88,88,88,88,88,88,88,88,88],"card_choices":[{"not_picked":["Clash","Feel No Pain"],"picked":"Iron Wave","floor":1},{"not_picked":["Heavy Blade","Warcry"],"picked":"Clothesline","floor":2},{"not_picked":["Blood for Blood","Anger"],"picked":"Rampage","floor":4},{"not_picked":["Perfected Strike","Second Wind"],"picked":"Dual Wield","floor":5},{"not_picked":["Clash","Sever Soul"],"picked":"Rage","floor":7},{"not_picked":["Infernal Blade","Carnage"],"picked":"Pommel Strike","floor":8}],"player_experience":244892,"relics_obtained":[{"floor":7,"key":"Pen Nib"},{"floor":9,"key":"Tiny Chest"}],"event_choices":[{"damage_healed":0,"gold_gain":0,"player_choice":"Success","damage_taken":18,"relics_obtained":["Happy Flower"],"max_hp_gain":0,"max_hp_loss":0,"event_name":"Scrap Ooze","floor":3,"gold_loss":0},{"damage_healed":0,"gold_gain":0,"player_choice":"Fought Mushrooms","damage_taken":0,"max_hp_gain":0,"max_hp_loss":0,"event_name":"Mushrooms","floor":11,"gold_loss":0}],"is_beta":false,"boss_relics":[],"items_purged_floors":[],"is_endless":false,"potions_floor_spawned":[2,4],"killed_by":"The Mushroom Lair","ascension_level":10}