{"gold_per_floor":[12,24,41,41,57,57,90,90,90,90,90,116,116,131,131,228,228,243,49,60,60,60,60,70,88,88,102,102,102,122,47,47,151,151,168,268,7,7,17,17,28,42,67,78,95,95,106,106],"floor_reached":48,"playtime":4817,"items_purged":["Strike_G"],"score":511,"play_id":"73fd9d94-0d05-4aa4-a613-e60ca0c6a7a0","local_time":"20190513211054","is_ascension_mode":false,"campfire_choices":[{"data":"Neutralize","floor":6,"key":"SMITH"},{"floor":8,"key":"REST"},{"data":"Deadly Poison","floor":11,"key":"SMITH"},{"data":"Deflect","floor":13,"key":"SMITH"},{"data":"Noxious Fumes","floor":15,"key":"SMITH"},{"data":"Catalyst","floor":23,"key":"SMITH"},{"floor":29,"key":"REST"},{"data":"After Image","floor":32,"key":"SMITH"},{"floor":40,"key":"REST"},{"floor":46,"key":"REST"}],"neow_cost":"NO_GOLD","seed_source_timestamp":692700856811800,"circlet_count":0,"master_deck":["Defend_G+1","Defend_G+1","Defend_G+1","Defend_G+1","Strike_G","Strike_G","Strike_G","Survivor","Neutralize+1","Dodge and Roll","PiercingWail","Deadly Poison+1","Malaise","Deflect+1","Caltrops","Noxious Fumes+1","After Image+1","Noxious Fumes","Sucker Punch","PiercingWail","Blur","Noxious Fumes","Catalyst+1","Deadly Poison","Deadly Poison","Catalyst+1","Burst","Footwork","Die Die Die","Catalyst+1","Flying Knee","Deadly Poison+1","Parasite","Terror+1","Setup+1"],"relics":["Ring of the Snake","WingedGreaves","Ancient Tea Set","War Paint","Odd Mushroom","Orrery","TwistedFunnel","The Specimen","Runic Pyramid","Incense Burner","Pear","Happy Flower"],"potions_floor_usage":[7,7,16,33,33,36,42],"damage_taken":[{"damage":1,"enemies":"Jaw Worm","floor":1,"turns":5},{"damage":1,"enemies":"2 Louse","floor":2,"turns":5},{"damage":0,"enemies":"Cultist","floor":3,"turns":6},{"damage":4,"enemies":"Large Slime","floor":5,"turns":8},{"damage":5,"enemies":"Lagavulin","floor":7,"turns":8},{"damage":6,"enemies":"The Mushroom Lair","floor":12,"turns":8},{"damage":0,"enemies":"Red Slaver","floor":14,"turns":4},{"damage":12,"enemies":"The Guardian","floor":16,"turns":9},{"damage":2,"enemies":"Spheric Guardian","floor":18,"turns":6},{"damage":12,"enemies":"Chosen","floor":20,"turns":7},{"damage":5,"enemies":"Sentry and Sphere","floor":24,"turns":4},{"damage":7,"enemies":"Snake Plant","floor":25,"turns":3},{"damage":4,"enemies":"Cultist and Chosen","floor":27,"turns":5},{"damage":0,"enemies":"Shelled Parasite and Fungi","floor":30,"turns":4},{"damage":25,"enemies":"Collector","floor":33,"turns":8},{"damage":41,"enemies":"3 Darklings","floor":35,"turns":12},{"damage":0,"enemies":"Mind Bloom Boss Battle","floor":36,"turns":6},{"damage":0,"enemies":"Orb Walker","floor":39,"turns":6},{"damage":0,"enemies":"Writhing Mass","floor":41,"turns":3},{"damage":0,"enemies":"Transient","floor":42,"turns":5},{"damage":19,"enemies":"Jaw Worm Horde","floor":44,"turns":4},{"damage":38,"enemies":"Sphere and 2 Shapes","floor":45,"turns":5},{"damage":0,"enemies":"Maw","floor":47,"turns":5},{"damage":30,"enemies":"Reptomancer","floor":48,"turns":5}],"seed_played":"687729703230363418","potions_obtained":[{"floor":2,"key":"Fire Potion"},{"floor":5,"key":"AttackPotion"},{"floor":7,"key":"LiquidBronze"},{"floor":18,"key":"SteroidPotion"},{"floor":25,"key":"Swift Potion"},{"floor":30,"key":"Energy Potion"},{"floor":35,"key":"PowerPotion"},{"floor":39,"key":"Block Potion"},{"floor":45,"key":"Strength Potion"}],"is_trial":false,"path_per_floor":["M","M","M","?","M","R","E","R","T","?","R","?","R","M","R","B",null,"M","$","M","?","?","R","M","M","T","M","?","R","M","$","R","B",null,"M","?","$","?","M","R","M","M","T","M","M","R","M","E"],"character_chosen":"THE_SILENT","items_purchased":["TwistedFunnel","Pear"],"campfire_rested":4,"item_purchase_floors":[19,37],"current_hp_per_floor":[69,68,68,54,50,50,45,66,66,66,66,60,60,60,60,48,70,68,68,56,56,61,61,56,49,49,45,45,66,66,66,66,41,70,29,29,39,39,39,63,63,63,63,44,6,30,30,0],"gold":106,"neow_bonus":"ONE_RARE_RELIC","is_prod":false,"is_daily":false,"chose_seed":false,"campfire_upgraded":6,"win_rate":0.0,"timestamp":1557796254,"path_taken":["M","M","M","?","M","R","E","R","T","?","R","?","R","M","R","BOSS","M","$","M","?","?","R","?","M","T","M","?","R","?","$","R","BOSS","M","?","$","?","M","R","M","?","T","M","M","R","M","E"],"build_version":"2019-01-23","purchased_purges":1,"victory":false,"max_hp_per_floor":[70,70,70,70,70,70,70,70,70,70,70,70,70,70,70,70,70,70,70,70,70,70,70,70,70,70,70,70,70,70,70,70,70,70,70,70,80,80,80,80,80,80,80,80,80,80,80,80],"card_choices":[{"not_picked":["Prepared","Accuracy"],"picked":"Dodge and Roll","floor":1},{"not_picked":["Prepared","Cloak And Dagger"],"picked":"PiercingWail","floor":2},{"not_picked":["Dagger Throw","Quick Slash"],"picked":"Deadly Poison","floor":3},{"not_picked":["Outmaneuver","Slice"],"picked":"Malaise","floor":5},{"not_picked":["Prepared","Backflip"],"picked":"Deflect","floor":7},{"not_picked":["Masterful Stab","PiercingWail"],"picked":"Caltrops","floor":12},{"not_picked":["Cloak And Dagger","Backstab"],"picked":"Noxious Fumes","floor":14},{"not_picked":["Die Die Die","Phantasmal Killer"],"picked":"After Image","floor":16},{"not_picked":["Cloak And Dagger","Deflect"],"picked":"Noxious Fumes","floor":17},{"not_picked":["Distraction","Blade Dance"],"picked":"Sucker Punch","floor":17},{"not_picked":["Prepared","Blade Dance"],"picked":"PiercingWail","floor":17},{"not_picked":["Blade Dance","Dagger Spray"],"picked":"Blur","floor":17},{"not_picked":["Endless Agony","Heel Hook"],"picked":"Noxious Fumes","floor":17},{"not_picked":["Sucker Punch","Underhanded Strike"],"picked":"Blade Dance","floor":18},{"not_picked":["Die Die Die","Acrobatics+1"],"picked":"Catalyst","floor":20},{"not_picked":["Dodge and Roll+1","Calculated Gamble"],"picked":"Deadly Poison","floor":24},{"not_picked":["Bane","Quick Slash+1"],"picked":"Catalyst+1","floor":25},{"not_picked":["Endless Agony+1","Outmaneuver","Acrobatics"],"picked":"SKIP","floor":27},{"not_picked":["Grand Finale","Outmaneuver"],"picked":"Footwork","floor":30},{"not_picked":["Doppelganger","Storm of Steel"],"picked":"Die Die Die","floor":33},{"not_picked":["Eviscerate+1","Endless Agony+1","Slice+1"],"picked":"SKIP","floor":35},{"not_picked":["Cloak And Dagger","Bane"],"picked":"Catalyst+1","floor":36},{"not_picked":["Flying Knee+1","Blade Dance+1"],"picked":"Deadly Poison+1","floor":39},{"not_picked":["Sucker Punch","Deflect+1","A Thousand Cuts"],"picked":"SKIP","floor":41},{"not_picked":["Setup","Poisoned Stab+1"],"picked":"Terror+1","floor":42},{"not_picked":["Dagger Throw+1","Reflex","Caltrops"],"picked":"SKIP","floor":44},{"not_picked":["Dagger Spray+1","Quick Slash","Prepared"],"picked":"SKIP","floor":45},{"not_picked":["Cloak And Dagger+1","All Out Attack"],"picked":"Setup+1","floor":47}],"player_experience":90312,"relics_obtained":[{"floor":7,"key":"Ancient Tea Set"},{"floor":9,"key":"War Paint"},{"floor":12,"key":"Odd Mushroom"},{"floor":26,"key":"The Specimen"},{"floor":36,"key":"Incense Burner"},{"floor":43,"key":"Happy Flower"}],"event_choices":[{"damage_healed":0,"gold_gain":0,"player_choice":"Entered Light","damage_taken":14,"max_hp_gain":0,"max_hp_loss":0,"event_name":"Shining Light","floor":4,"gold_loss":0,"cards_upgraded":["Defend_G","Defend_G"]},{"damage_healed":0,"gold_gain":0,"player_choice":"Ignored","damage_taken":0,"max_hp_gain":0,"max_hp_loss":0,"event_name":"Golden Idol","floor":10,"gold_loss":0},{"damage_healed":0,"gold_gain":0,"player_choice":"Fought Mushrooms","damage_taken":0,"max_hp_gain":0,"max_hp_loss":0,"event_name":"Mushrooms","floor":12,"gold_loss":0},{"damage_healed":0,"gold_gain":0,"player_choice":"Read","damage_taken":0,"max_hp_gain":0,"max_hp_loss":0,"event_name":"The Library","floor":21,"gold_loss":0,"cards_obtained":["Deadly Poison"]},{"cards_removed":["Blade Dance"],"damage_healed":5,"gold_gain":0,"player_choice":"Offered Common","damage_taken":0,"max_hp_gain":0,"max_hp_loss":0,"event_name":"Bonfire Elementals","floor":22,"gold_loss":0},{"cards_removed":["Blade Dance"],"damage_healed":5,"gold_gain":0,"player_choice":"Offered Special","damage_taken":0,"max_hp_gain":0,"max_hp_loss":0,"event_name":"Bonfire Elementals","floor":22,"gold_loss":0},{"damage_healed":0,"gold_gain":0,"cards_transformed":["Defend_G"],"player_choice":"Transformed","damage_taken":0,"max_hp_gain":0,"max_hp_loss":0,"event_name":"Transmorgrifier","floor":28,"gold_loss":0,"cards_obtained":["Burst"]},{"damage_healed":0,"gold_gain":0,"player_choice":"Fight","damage_taken":0,"max_hp_gain":0,"max_hp_loss":0,"event_name":"MindBloom","floor":36,"gold_loss":0},{"damage_healed":0,"gold_gain":0,"cards_transformed":["Strike_G"],"player_choice":"Transformed","damage_taken":0,"max_hp_gain":0,"max_hp_loss":0,"event_name":"Transmorgrifier","floor":38,"gold_loss":0,"cards_obtained":["Flying Knee"]}],"is_beta":false,"boss_relics":[{"not_picked":["Lizard Tail","White Beast Statue"],"picked":"Orrery"},{"not_picked":["Astrolabe","Philosopher\u0027s Stone"],"picked":"Runic Pyramid"}],"items_purged_floors":[31],"is_endless":false,"potions_floor_spawned":[2,5,7,18,25,30,35,39,45],"killed_by":"Reptomancer","ascension_level":0}