{"gold_per_floor":[114,133,83,83,96,96,118,135,158,192,192,38,38,58,58,157,157,137,157,167,179,179,179,208,208,234,264,59,59,79,91,91,193,193,207,207,225,244,254,264,292,292,292,73,84,103,103,114,114,114],"floor_reached":51,"playtime":2732,"items_purged":["Strike_G","Strike_G","Choke"],"score":898,"play_id":"2f16c541-d017-4a88-875e-0247880a980e","local_time":"20190516224123","is_ascension_mode":true,"campfire_choices":[{"data":"Acrobatics","floor":6.0,"key":"SMITH"},{"data":"Noxious Fumes","floor":11.0,"key":"SMITH"},{"data":"Footwork","floor":13.0,"key":"SMITH"},{"data":"Poisoned Stab","floor":15.0,"key":"SMITH"},{"data":"Calculated Gamble","floor":23.0,"key":"SMITH"},{"data":"Bouncing Flask","floor":25.0,"key":"SMITH"},{"data":"Noxious Fumes","floor":29.0,"key":"SMITH"},{"floor":32.0,"key":"REST"},{"data":"Backflip","floor":42.0,"key":"SMITH"},{"floor":47,"key":"REST"},{"floor":49,"key":"REST"}],"neow_cost":"NONE","seed_source_timestamp":44462806270468,"circlet_count":0,"master_deck":["Defend_G","Defend_G","Defend_G","Defend_G","Defend_G","Survivor","Neutralize","PiercingWail","Bouncing Flask+1","Acrobatics+1","Calculated Gamble+1","Noxious Fumes+1","Cloak And Dagger","Footwork+1","Poisoned Stab+1","Bullet Time","Footwork+1","Poisoned Stab","Poisoned Stab","Bouncing Flask+1","Crippling Poison","Backflip+1","Noxious Fumes+1","Blur+1","Adrenaline","Crippling Poison+1","Burst","Cloak And Dagger","Dash+1","Deadly Poison+1","Flash of Steel","Well Laid Plans","Cloak And Dagger+1","Dodge and Roll+1"],"special_seed":0,"relics":["Ring of the Snake","Odd Mushroom","Bag of Marbles","Orichalcum","Sozu","Calipers","Smiling Mask","Snake Skull","Empty Cage","Paper Crane","Regal Pillow"],"potions_floor_usage":[],"damage_taken":[{"damage":0.0,"enemies":"Jaw Worm","floor":1.0,"turns":5.0},{"damage":5.0,"enemies":"Small Slimes","floor":2.0,"turns":4.0},{"damage":3.0,"enemies":"2 Louse","floor":5.0,"turns":2.0},{"damage":24.0,"enemies":"The Mushroom Lair","floor":7.0,"turns":5.0},{"damage":2.0,"enemies":"Blue Slaver","floor":8.0,"turns":3.0},{"damage":16.0,"enemies":"Lagavulin","floor":10.0,"turns":6.0},{"damage":3.0,"enemies":"3 Louse","floor":14.0,"turns":3.0},{"damage":4.0,"enemies":"Hexaghost","floor":16.0,"turns":7.0},{"damage":0.0,"enemies":"2 Thieves","floor":18.0,"turns":4.0},{"damage":0.0,"enemies":"Shell Parasite","floor":19.0,"turns":5.0},{"damage":9.0,"enemies":"3 Cultists","floor":20.0,"turns":7.0},{"damage":0.0,"enemies":"Centurion and Healer","floor":21.0,"turns":6.0},{"damage":0.0,"enemies":"Book of Stabbing","floor":24.0,"turns":5.0},{"damage":24.0,"enemies":"Gremlin Leader","floor":27.0,"turns":8.0},{"damage":0.0,"enemies":"Snake Plant","floor":30.0,"turns":2.0},{"damage":6.0,"enemies":"Cultist and Chosen","floor":31.0,"turns":5.0},{"damage":17.0,"enemies":"Automaton","floor":33.0,"turns":8.0},{"damage":1.0,"enemies":"3 Darklings","floor":35.0,"turns":5.0},{"damage":0.0,"enemies":"Orb Walker","floor":37.0,"turns":3.0},{"damage":17.0,"enemies":"Jaw Worm Horde","floor":38.0,"turns":4.0},{"damage":9.0,"enemies":"Spire Growth","floor":39.0,"turns":3.0},{"damage":1.0,"enemies":"4 Shapes","floor":40.0,"turns":4.0},{"damage":15.0,"enemies":"Nemesis","floor":41.0,"turns":7.0},{"damage":13.0,"enemies":"Jaw Worm Horde","floor":45.0,"turns":4.0},{"damage":0,"enemies":"Transient","floor":46,"turns":5},{"damage":5,"enemies":"4 Shapes","floor":48,"turns":5},{"damage":7,"enemies":"Donu and Deca","floor":50,"turns":9}],"seed_played":"-6121504515352760045","potions_obtained":[{"floor":2.0,"key":"PowerPotion"},{"floor":7.0,"key":"GhostInAJar"},{"floor":10.0,"key":"Weak Potion"},{"floor":14.0,"key":"SkillPotion"}],"is_trial":false,"path_per_floor":["M","M","?","?","M","R","?","M","T","E","R","$","R","M","R","B",null,"M","M","M","M","?","R","E","R","T","E","$","R","M","M","R","B",null,"M","?","M","M","M","M","E","R","T","$","M","M","R","M","R","B",null],"character_chosen":"THE_SILENT","items_purchased":["Footwork","Crippling Poison","Backflip","Noxious Fumes","Flash of Steel","Well Laid Plans"],"campfire_rested":3,"item_purchase_floors":[12,28,28,28,44,44],"current_hp_per_floor":[77,72,72,72,69,69,45,43,43,27,27,27,27,24,24,20,63,63,63,54,54,54,54,54,54,54,30,30,30,30,24,47,30,65,64,64,64,47,38,37,22,22,22,22,9,9,47,42,77,70],"gold":114,"neow_bonus":"TEN_PERCENT_HP_BONUS","is_prod":false,"is_daily":false,"chose_seed":false,"campfire_upgraded":8,"win_rate":0,"timestamp":1558060883,"path_taken":["M","M","?","?","M","R","?","M","T","E","R","?","R","M","R","BOSS","M","M","M","M","?","R","E","R","T","E","$","R","M","M","R","BOSS","M","?","M","M","M","M","E","R","T","$","M","M","R","M","R","BOSS"],"build_version":"2019-01-23","purchased_purges":3,"victory":true,"max_hp_per_floor":[77,77,77,77,77,77,77,77,77,77,77,77,77,77,77,77,77,77,77,77,77,77,77,77,77,77,77,77,77,77,77,77,77,77,77,77,77,77,77,77,77,77,77,77,77,77,77,77,77,77],"card_choices":[{"not_picked":["Dodge and Roll","Outmaneuver"],"picked":"PiercingWail","floor":1.0},{"not_picked":["Predator","Backstab"],"picked":"Bouncing Flask","floor":2.0},{"not_picked":["Infinite Blades","Blade Dance"],"picked":"Acrobatics","floor":5.0},{"not_picked":["Prepared","Heel Hook"],"picked":"Calculated Gamble","floor":7.0},{"not_picked":["Deadly Poison","Cloak And Dagger"],"picked":"Noxious Fumes","floor":8.0},{"not_picked":["All Out Attack","Storm of Steel"],"picked":"Cloak And Dagger","floor":10.0},{"not_picked":["Calculated Gamble","Dodge and Roll"],"picked":"Poisoned Stab","floor":14.0},{"not_picked":["Grand Finale","Glass Knife"],"picked":"Bullet Time","floor":16.0},{"not_picked":["Sucker Punch","Backflip"],"picked":"Footwork+1","floor":18.0},{"not_picked":["Riddle With Holes+1","Flying Knee+1"],"picked":"Poisoned Stab","floor":19.0},{"not_picked":["Underhanded Strike","Blade Dance","Quick Slash"],"picked":"SKIP","floor":20.0},{"not_picked":["Deflect","Flying Knee"],"picked":"Poisoned Stab","floor":21.0},{"not_picked":["Flechettes","Quick Slash+1"],"picked":"Bouncing Flask","floor":24.0},{"not_picked":["Masterful Stab","Distraction","All Out Attack"],"picked":"SKIP","floor":27.0},{"not_picked":["Predator","Expertise+1"],"picked":"Blur+1","floor":30.0},{"not_picked":["Finisher","Prepared"],"picked":"Choke","floor":31.0},{"not_picked":["Wraith Form v2","Venomology"],"picked":"Adrenaline","floor":33.0},{"not_picked":["Acrobatics+1","Dagger Spray","Slice"],"picked":"SKIP","floor":35.0},{"not_picked":["Masterful Stab","Underhanded Strike+1"],"picked":"Crippling Poison+1","floor":37.0},{"not_picked":["Acrobatics","Reflex+1"],"picked":"Burst","floor":38.0},{"not_picked":["Expertise","Finisher+1"],"picked":"Cloak And Dagger","floor":39.0},{"not_picked":["PiercingWail+1","Blade Dance+1"],"picked":"Dash+1","floor":40.0},{"not_picked":["Sucker Punch","Finisher+1"],"picked":"Deadly Poison+1","floor":41.0},{"not_picked":["Tactician","Acrobatics"],"picked":"Cloak And Dagger+1","floor":45.0},{"not_picked":["Dagger Spray","Setup+1","Slice"],"picked":"SKIP","floor":46},{"not_picked":["Deflect+1","Outmaneuver+1"],"picked":"Dodge and Roll+1","floor":48}],"player_experience":255034,"relics_obtained":[{"floor":7.0,"key":"Odd Mushroom"},{"floor":9.0,"key":"Bag of Marbles"},{"floor":10.0,"key":"Orichalcum"},{"floor":24.0,"key":"Calipers"},{"floor":26.0,"key":"Smiling Mask"},{"floor":27.0,"key":"Snake Skull"},{"floor":41.0,"key":"Paper Crane"},{"floor":43.0,"key":"Regal Pillow"}],"event_choices":[{"cards_removed":["Strike_G"],"damage_healed":0.0,"max_hp_gain":0.0,"max_hp_loss":0.0,"gold_gain":0.0,"event_name":"The Cleric","player_choice":"Card Removal","floor":3.0,"gold_loss":50.0,"damage_taken":0.0},{"damage_healed":0.0,"max_hp_gain":0.0,"max_hp_loss":0.0,"gold_gain":0.0,"event_name":"Living Wall","player_choice":"Grow","floor":4.0,"gold_loss":0.0,"damage_taken":0.0,"cards_upgraded":["Bouncing Flask"]},{"damage_healed":0.0,"max_hp_gain":0.0,"max_hp_loss":0.0,"gold_gain":0.0,"event_name":"Mushrooms","player_choice":"Fought Mushrooms","floor":7.0,"gold_loss":0.0,"damage_taken":0.0},{"damage_healed":0.0,"max_hp_gain":0.0,"max_hp_loss":0.0,"gold_gain":0.0,"cards_transformed":["Strike_G","Strike_G"],"event_name":"Drug Dealer","player_choice":"Became Test Subject","floor":22.0,"gold_loss":0.0,"damage_taken":0.0,"cards_obtained":["Heel Hook","Unload"]},{"damage_healed":0.0,"max_hp_gain":0.0,"max_hp_loss":0.0,"gold_gain":0.0,"event_name":"Transmorgrifier","player_choice":"Ignored","floor":36.0,"gold_loss":0.0,"damage_taken":0.0}],"is_beta":false,"boss_relics":[{"not_picked":["WristBlade","Orrery"],"picked":"Sozu"},{"not_picked":["Pandora\u0027s Box","Calling Bell"],"picked":"Empty Cage"}],"items_purged_floors":[12,28,44],"is_endless":false,"potions_floor_spawned":[2,7,10,14,16,18,19,24,27,39,41,46],"ascension_level":5}