{"gold_per_floor":[110,129,139,214,232,259,271,271,319,319,319],"floor_reached":11,"playtime":262,"items_purged":[],"score":175,"play_id":"cd30a439-93c9-4839-b240-d9d8dc2cc60c","local_time":"20190511131632","is_ascension_mode":true,"campfire_choices":[{"floor":8,"key":"REST"},{"data":"Dagger Spray","floor":10,"key":"SMITH"}],"neow_cost":"NONE","seed_source_timestamp":514022426726729,"circlet_count":0,"master_deck":["AscendersBane","Defend_G","Defend_G","Defend_G","Defend_G","Defend_G","Strike_G","Strike_G","Strike_G","Strike_G","Strike_G","Survivor","Neutralize","Dagger Spray+1","Deadly Poison","Dagger Spray","Backflip"],"relics":["Ring of the Snake","Strawberry","Pear","Potion Belt"],"potions_floor_usage":[3,6],"damage_taken":[{"damage":0,"enemies":"2 Louse","floor":1,"turns":3},{"damage":4,"enemies":"Small Slimes","floor":2,"turns":4},{"damage":1,"enemies":"Jaw Worm","floor":3,"turns":4},{"damage":13,"enemies":"Large Slime","floor":5,"turns":7},{"damage":33,"enemies":"Lagavulin","floor":6,"turns":8},{"damage":7,"enemies":"3 Louse","floor":7,"turns":2},{"damage":56,"enemies":"Gremlin Nob","floor":11,"turns":4}],"seed_played":"-4461249310549080190","potions_obtained":[{"floor":2,"key":"Fruit Juice"},{"floor":5,"key":"Fire Potion"}],"is_trial":false,"path_per_floor":["M","M","M","?","M","E","M","R","T","R","E"],"character_chosen":"THE_SILENT","items_purchased":[],"campfire_rested":1,"item_purchase_floors":[],"current_hp_per_floor":[66,62,66,55,42,19,12,38,38,38,0],"gold":319,"neow_bonus":"RANDOM_COMMON_RELIC","is_prod":false,"is_daily":false,"chose_seed":false,"campfire_upgraded":1,"win_rate":0,"timestamp":1557591392,"path_taken":["M","M","M","?","M","E","M","R","T","R","E"],"build_version":"2019-01-23","purchased_purges":0,"victory":false,"max_hp_per_floor":[73,73,78,78,78,88,88,88,88,88,88],"card_choices":[{"not_picked":["Quick Slash","Dagger Throw"],"picked":"Dagger Spray","floor":1},{"not_picked":["Quick Slash","Blade Dance"],"picked":"Deadly Poison","floor":2},{"not_picked":["Bane","Reflex"],"picked":"Dagger Spray","floor":3},{"not_picked":["Acrobatics","Dagger Throw"],"picked":"Backflip","floor":5},{"not_picked":["Expertise","Outmaneuver","Slice"],"picked":"SKIP","floor":6},{"not_picked":["Flying Knee","Prepared","Bane"],"picked":"SKIP","floor":7}],"player_experience":2309840,"relics_obtained":[{"floor":6,"key":"Pear"},{"floor":9,"key":"Potion Belt"}],"event_choices":[{"damage_healed":0,"gold_gain":75,"player_choice":"Gather Gold","damage_taken":11,"max_hp_gain":0,"max_hp_loss":0,"event_name":"World of Goop","floor":4,"gold_loss":0}],"is_beta":false,"boss_relics":[],"items_purged_floors":[],"is_endless":false,"potions_floor_spawned":[2,5],"killed_by":"Gremlin Nob","ascension_level":20}