{"path_per_floor":["M","M","?","M","M","E","M","T","T","R","M","R","M","M","R","B",null,"M","M","M","?","M","R","?","R","T","M","R","?","$"],"character_chosen":"DEFECT","items_purchased":["Molten Egg 2"],"gold_per_floor":[18,28,28,48,61,91,105,155,155,155,174,174,194,212,212,307,307,318,338,350,350,369,369,369,369,369,389,389,422,118,118],"floor_reached":31,"campfire_rested":3,"playtime":1545,"current_hp_per_floor":[69,68,68,64,55,40,31,31,31,31,21,21,11,6,29,8,79,72,52,30,14,9,33,33,33,33,27,52,18,18,0],"items_purged":["Strike_B"],"gold":118,"score":241,"play_id":"69be571f-60d1-463f-b68a-38ce258b5854","local_time":"20180427215658","is_prod":false,"is_daily":false,"chose_seed":false,"is_ascension_mode":false,"campfire_upgraded":3,"timestamp":1524884218,"path_taken":["M","M","?","M","M","E","M","?","T","R","M","R","M","M","R","BOSS","M","M","M","?","M","R","?","R","T","M","R","?","$","M"],"build_version":"2018-04-26v2","seed_source_timestamp":1338604927206802,"purchased_purges":1,"victory":false,"master_deck":["Strike_B","Strike_B","Defend_B","Defend_B","Defend_B","Zap+1","Dualcast","Auto Shields","Capacitor+1","Streamline","Defragment+1","Force Field","Tempest","Reboot","Genetic Algorithm+1","Go for the Eyes+1","Necronomicurse","Rainbow"],"max_hp_per_floor":[75,75,75,75,75,75,75,75,75,75,77,77,79,79,79,79,79,79,79,81,81,83,83,83,83,83,85,85,85,85,85],"relics":["Cracked Core","Art of War","Singing Bowl","Smiling Mask","Nuclear Battery","Necronomicon","Bottled Tornado","Red Mask","Molten Egg 2"],"card_choices":[{"not_picked":["Cold Snap","Barrage"],"picked":"Auto Shields","floor":1},{"not_picked":["Leap","Beam Cell"],"picked":"Capacitor","floor":2},{"not_picked":["Beam Cell","Impulse"],"picked":"Streamline","floor":4},{"not_picked":["Barrage","Stack"],"picked":"Defragment","floor":5},{"not_picked":["Heatsinks","Prime"],"picked":"Force Field","floor":6},{"not_picked":["Loop","Sweeping Beam"],"picked":"Tempest","floor":14},{"not_picked":["Fusion","Thunder Strike"],"picked":"Reboot","floor":16},{"not_picked":["Glacier","Darkness"],"picked":"Genetic Algorithm","floor":18},{"not_picked":["Darkness","Sweeping Beam"],"picked":"Go for the Eyes","floor":19},{"not_picked":["FTL","Loop"],"picked":"Rainbow","floor":29}],"player_experience":187635,"potions_floor_usage":[6,16,16,20,22,29],"damage_taken":[{"damage":6,"enemies":"2 Louse","floor":1,"turns":3},{"damage":1,"enemies":"Jaw Worm","floor":2,"turns":4},{"damage":4,"enemies":"Cultist","floor":4,"turns":4},{"damage":9,"enemies":"Blue Slaver","floor":5,"turns":4},{"damage":15,"enemies":"Lagavulin","floor":6,"turns":5},{"damage":9,"enemies":"Exordium Wildlife","floor":7,"turns":3},{"damage":12,"enemies":"2 Fungi Beasts","floor":11,"turns":4},{"damage":12,"enemies":"Blue Slaver","floor":13,"turns":3},{"damage":5,"enemies":"Looter","floor":14,"turns":3},{"damage":21,"enemies":"Slime Boss","floor":16,"turns":8},{"damage":7,"enemies":"Chosen","floor":18,"turns":5},{"damage":20,"enemies":"Shell Parasite","floor":19,"turns":5},{"damage":24,"enemies":"Centurion and Healer","floor":20,"turns":8},{"damage":7,"enemies":"Snecko","floor":22,"turns":6},{"damage":8,"enemies":"Slaver and Parasite","floor":27,"turns":6},{"damage":34,"enemies":"Masked Bandits","floor":29,"turns":5},{"damage":30,"enemies":"3 Cultists","floor":31,"turns":6}],"event_choices":[{"event_name":"Liars Game","player_choice":"disagreed","floor":3,"damage_taken":0},{"event_name":"Cursed Tome","player_choice":"Obtained Book","floor":21,"damage_taken":0},{"event_name":"Ghosts","player_choice":"Ignored","floor":24,"damage_taken":0},{"event_name":"Masked Bandits","player_choice":"Fought over 389 gold","floor":29,"damage_taken":0}],"boss_relics":[{"not_picked":["Runic Dome","Eternal Feather"],"picked":"Nuclear Battery"}],"potions_floor_spawned":[2,5,7,16,20,22],"seed_played":"-3750565785576893685","killed_by":"3 Cultists","ascension_level":0,"is_trial":false}