{"gold_per_floor":[14,14,89,103,116,150,169,197,274,288,288,50,78,142,154,263,275,298,310,12,12,23,23,38,38,119,150,164,178,178,205,205,310,360,374,392,392,402,418,446,446,476,500,338,372,372,392,392,392,392],"floor_reached":51,"playtime":2962,"items_purged":[],"score":1120,"play_id":"7732f415-4b2c-4a57-aeef-e6a76be27f6b","local_time":"20190516000037","is_ascension_mode":false,"campfire_choices":[{"data":"Perfected Strike","floor":11,"key":"SMITH"},{"data":"Armaments","floor":15,"key":"SMITH"},{"data":"Shockwave","floor":23,"key":"SMITH"},{"data":"Fiend Fire","floor":25,"key":"SMITH"},{"data":"Limit Break","floor":32,"key":"SMITH"},{"data":"Sentinel","floor":41,"key":"SMITH"},{"data":"Fiend Fire","floor":46,"key":"SMITH"},{"data":"Disarm","floor":49,"key":"SMITH"}],"neow_cost":"NO_GOLD","seed_source_timestamp":1017685283491700,"circlet_count":0,"master_deck":["Strike_R","Strike_R","Strike_R","Strike_R","Strike_R","Defend_R","Defend_R","Defend_R","Defend_R","Bash","Spot Weakness","Iron Wave","Feel No Pain","Disarm+1","Perfected Strike+1","Armaments+1","Perfected Strike+1","Spot Weakness","Iron Wave","Shrug It Off+1","Cleave","Iron Wave","Iron Wave","Limit Break+1","Corruption+1","Dual Wield+1","Shockwave+1","Corruption+1","True Grit","Shrug It Off","Fiend Fire+1","Sentinel+1","Seeing Red","Headbutt+1","Headbutt","True Grit+1","Exhume","Barricade+1","Fire Breathing+1","True Grit+1","Blood for Blood+1","Second Wind+1","Armaments+1","Body Slam+1","Sentinel+1","Battle Trance","True Grit+1","Flex+1","Shockwave","Panache+1","Fiend Fire+1","Sentinel"],"relics":["Burning Blood","Prayer Wheel","Dead Branch","Nunchaku","Question Card","Mummified Hand","MawBank","Potion Belt","Eternal Feather","Membership Card","Lantern","Ornamental Fan","Singing Bowl","Frozen Egg 2","Bottled Tornado","Tiny House","Centennial Puzzle","Pear","Bronze Scales","Oddly Smooth Stone"],"potions_floor_usage":[8,16,18,29,40,45,50,50,50],"damage_taken":[{"damage":0,"enemies":"Small Slimes","floor":1,"turns":3},{"damage":1,"enemies":"Jaw Worm","floor":4,"turns":3},{"damage":1,"enemies":"Cultist","floor":5,"turns":3},{"damage":14,"enemies":"3 Sentries","floor":6,"turns":8},{"damage":6,"enemies":"Exordium Thugs","floor":7,"turns":4},{"damage":10,"enemies":"Gremlin Nob","floor":8,"turns":4},{"damage":0,"enemies":"Large Slime","floor":10,"turns":5},{"damage":17,"enemies":"3 Sentries","floor":13,"turns":6},{"damage":39,"enemies":"Slime Boss","floor":16,"turns":7},{"damage":5,"enemies":"3 Byrds","floor":18,"turns":4},{"damage":0,"enemies":"Shell Parasite","floor":22,"turns":4},{"damage":0,"enemies":"Centurion and Healer","floor":24,"turns":4},{"damage":0,"enemies":"Gremlin Leader","floor":27,"turns":2},{"damage":0,"enemies":"Sentry and Sphere","floor":28,"turns":6},{"damage":0,"enemies":"Snake Plant","floor":29,"turns":2},{"damage":25,"enemies":"Slavers","floor":31,"turns":6},{"damage":2,"enemies":"Automaton","floor":33,"turns":6},{"damage":0,"enemies":"3 Shapes","floor":35,"turns":2},{"damage":0,"enemies":"Orb Walker","floor":36,"turns":3},{"damage":0,"enemies":"Writhing Mass","floor":38,"turns":4},{"damage":0,"enemies":"Sphere and 2 Shapes","floor":39,"turns":3},{"damage":0,"enemies":"Nemesis","floor":40,"turns":3},{"damage":0,"enemies":"Reptomancer","floor":42,"turns":2},{"damage":0,"enemies":"Giant Head","floor":45,"turns":6},{"damage":6,"enemies":"Transient","floor":47,"turns":1},{"damage":0,"enemies":"Time Eater","floor":50,"turns":3}],"seed_played":"-5357632378180617080","potions_obtained":[{"floor":4,"key":"FearPotion"},{"floor":7,"key":"LiquidBronze"},{"floor":10,"key":"PowerPotion"},{"floor":13,"key":"Weak Potion"},{"floor":24,"key":"SkillPotion"},{"floor":33,"key":"Regen Potion"},{"floor":34,"key":"GamblersBrew"},{"floor":38,"key":"LiquidBronze"},{"floor":39,"key":"BloodPotion"},{"floor":45,"key":"Energy Potion"}],"is_trial":false,"path_per_floor":["M","?","?","M","M","E","M","E","T","M","R","$","E","T","R","B",null,"M","?","$","T","M","R","M","R","T","E","M","M","?","E","R","B",null,"M","M","?","M","M","E","R","E","T","$","E","R","M","?","R","B",null],"character_chosen":"IRONCLAD","items_purchased":["Mummified Hand","Membership Card","Lantern","Shockwave","Shockwave","Swift Potion","Panache+1"],"campfire_rested":0,"item_purchase_floors":[12,20,20,20,44,44,44],"current_hp_per_floor":[80,80,69,74,79,71,71,67,67,73,73,73,62,62,62,29,80,80,80,80,80,80,80,80,80,80,80,80,80,80,61,80,80,85,85,85,85,87,87,87,87,97,97,97,97,97,97,97,97,97],"gold":392,"neow_bonus":"ONE_RARE_RELIC","is_prod":false,"is_daily":false,"chose_seed":false,"campfire_upgraded":8,"win_rate":1,"timestamp":1557990037,"path_taken":["M","?","?","M","?","E","M","E","T","?","R","$","E","?","R","BOSS","M","?","$","?","?","R","M","R","T","E","M","M","?","E","R","BOSS","M","M","?","?","M","E","R","E","T","$","E","R","M","?","R","BOSS"],"build_version":"2019-01-23","purchased_purges":0,"victory":true,"max_hp_per_floor":[80,80,80,80,80,80,80,80,80,80,80,80,80,80,80,80,80,80,80,80,80,80,80,80,80,80,80,80,80,80,80,80,80,85,85,85,85,87,87,87,87,97,97,97,97,97,97,97,97,97],"card_choices":[{"not_picked":["Clothesline","Sword Boomerang"],"picked":"Spot Weakness","floor":1},{"not_picked":["Body Slam","Twin Strike"],"picked":"Iron Wave","floor":1},{"not_picked":["Twin Strike","Evolve"],"picked":"Feel No Pain","floor":4},{"not_picked":["Rage","Battle Trance"],"picked":"Disarm","floor":4},{"not_picked":["Flex","Sever Soul"],"picked":"Perfected Strike","floor":5},{"not_picked":["Pommel Strike","Berserk"],"picked":"Armaments","floor":5},{"not_picked":["Iron Wave","Anger"],"picked":"Perfected Strike","floor":6},{"not_picked":["Blood for Blood","Havoc"],"picked":"Spot Weakness","floor":7},{"not_picked":["Havoc","Body Slam"],"picked":"Iron Wave","floor":7},{"not_picked":["Thunderclap","Corruption"],"picked":"Shrug It Off","floor":8},{"not_picked":["Thunderclap","Dark Embrace","Wild Strike"],"picked":"Cleave","floor":10},{"not_picked":["Evolve","Searing Blow","Body Slam"],"picked":"Iron Wave","floor":10},{"not_picked":["Body Slam","Havoc","Cleave"],"picked":"Iron Wave","floor":13},{"not_picked":["Reaper","Berserk","Exhume"],"picked":"Limit Break","floor":16},{"not_picked":["Wild Strike","Headbutt","Iron Wave+1"],"picked":"Corruption+1","floor":18},{"not_picked":["Perfected Strike","Pommel Strike","Thunderclap"],"picked":"Dual Wield+1","floor":18},{"not_picked":["Armaments","Hemokinesis","Entrench"],"picked":"Corruption+1","floor":22},{"not_picked":["Sever Soul","Clash+1","Pommel Strike"],"picked":"True Grit","floor":22},{"not_picked":["Body Slam","Shockwave","Fire Breathing"],"picked":"Shrug It Off","floor":24},{"not_picked":["Pommel Strike+1","Heavy Blade","Wild Strike"],"picked":"Fiend Fire","floor":24},{"not_picked":["Sever Soul","Shrug It Off","Double Tap"],"picked":"Sentinel","floor":27},{"not_picked":["Heavy Blade","Infernal Blade","Warcry+1"],"picked":"Seeing Red","floor":28},{"not_picked":["Rampage+1","Cleave","Twin Strike"],"picked":"Headbutt+1","floor":28},{"not_picked":["Clash","Iron Wave","Reckless Charge"],"picked":"Headbutt","floor":29},{"not_picked":["Pommel Strike+1","Heavy Blade","Wild Strike"],"picked":"True Grit+1","floor":29},{"not_picked":["Double Tap","Wild Strike","Armaments"],"picked":"Exhume","floor":31},{"not_picked":["Offering","Berserk+1","Dark Embrace+1"],"picked":"Barricade+1","floor":33},{"not_picked":["Clash+1","Pommel Strike","Clothesline"],"picked":"Fire Breathing+1","floor":34},{"not_picked":["Dropkick","Sword Boomerang+1","Wild Strike+1"],"picked":"True Grit+1","floor":35},{"not_picked":["Flame Barrier+1","Iron Wave","Pommel Strike"],"picked":"Blood for Blood+1","floor":35},{"not_picked":["Cleave+1","Thunderclap","Fire Breathing+1"],"picked":"Second Wind+1","floor":36},{"not_picked":["Sword Boomerang","Dual Wield","Havoc+1"],"picked":"Armaments+1","floor":36},{"not_picked":["Barricade+1","Intimidate","Perfected Strike","Thunderclap+1"],"picked":"Singing Bowl","floor":38},{"not_picked":["Twin Strike+1","Thunderclap","Sword Boomerang"],"picked":"Body Slam+1","floor":38},{"not_picked":["Ghostly Armor","Burning Pact+1","Anger"],"picked":"Sentinel","floor":39},{"not_picked":["Heavy Blade","Rampage+1","Reckless Charge"],"picked":"Battle Trance","floor":39},{"not_picked":["Shockwave","Ghostly Armor","Clash+1"],"picked":"True Grit+1","floor":40},{"not_picked":["Inflame+1","Barricade+1","Dropkick"],"picked":"Flex+1","floor":42},{"not_picked":["Havoc+1","Clothesline+1","Rampage+1"],"picked":"Fiend Fire","floor":45},{"not_picked":["Armaments+1","Headbutt+1","Limit Break"],"picked":"Sentinel","floor":47},{"not_picked":["Twin Strike+1","Infernal Blade","Sword Boomerang+1"],"picked":"Power Through","floor":47}],"player_experience":794773,"relics_obtained":[{"floor":6,"key":"Dead Branch"},{"floor":8,"key":"Nunchaku"},{"floor":9,"key":"Question Card"},{"floor":13,"key":"MawBank"},{"floor":14,"key":"Potion Belt"},{"floor":21,"key":"Ornamental Fan"},{"floor":26,"key":"Singing Bowl"},{"floor":27,"key":"Frozen Egg 2"},{"floor":31,"key":"Bottled Tornado"},{"floor":40,"key":"Centennial Puzzle"},{"floor":42,"key":"Pear"},{"floor":43,"key":"Bronze Scales"},{"floor":45,"key":"Oddly Smooth Stone"}],"event_choices":[{"damage_healed":0,"gold_gain":0,"player_choice":"Leave","damage_taken":0,"max_hp_gain":0,"max_hp_loss":0,"event_name":"The Cleric","floor":2,"gold_loss":0},{"damage_healed":0,"gold_gain":75,"player_choice":"Gather Gold","damage_taken":11,"max_hp_gain":0,"max_hp_loss":0,"event_name":"World of Goop","floor":3,"gold_loss":0},{"damage_healed":0,"gold_gain":0,"player_choice":"Forge","damage_taken":0,"max_hp_gain":0,"max_hp_loss":0,"event_name":"Accursed Blacksmith","floor":19,"gold_loss":0,"cards_upgraded":["Perfected Strike"]},{"damage_healed":0,"gold_gain":0,"player_choice":"Ignored","damage_taken":0,"max_hp_gain":0,"max_hp_loss":0,"event_name":"Ghosts","floor":30,"gold_loss":0},{"damage_healed":0,"gold_gain":0,"player_choice":"Upgraded","damage_taken":0,"max_hp_gain":0,"max_hp_loss":0,"event_name":"Upgrade Shrine","floor":37,"gold_loss":0,"cards_upgraded":["Sentinel"]},{"cards_removed":["Power Through"],"damage_healed":0,"gold_gain":0,"player_choice":"Removed Skill","damage_taken":0,"max_hp_gain":0,"max_hp_loss":0,"event_name":"Falling","floor":48,"gold_loss":0}],"is_beta":false,"boss_relics":[{"not_picked":["Pandora\u0027s Box","Calling Bell"],"picked":"Eternal Feather"},{"not_picked":["Velvet Choker","Runic Pyramid"],"picked":"Tiny House"}],"items_purged_floors":[],"is_endless":false,"potions_floor_spawned":[4,7,10,13,24,28,33,38,39,45],"ascension_level":0}