{"gold_per_floor":[361,379,379,7,18,18,32,57,57,71,119,134,167,178,178,250,250,261,186,32,32,46,71,91,122,122,136,53,53,65,77,77,148,148,160,435,38,38,38,38,68,68,68,79,114,125,153,205,205,205,205,205,205,41,73,73],"floor_reached":57,"playtime":2770,"items_purged":["Strike_R","Strike_R","Regret","Strike_R"],"score":3434,"play_id":"fb581bf6-6aac-43d5-a600-31f2d87d9c2b","local_time":"20190305211222","is_ascension_mode":true,"campfire_choices":[{"data":"Armaments","floor":6.0,"key":"SMITH"},{"data":"Barricade","floor":15.0,"key":"SMITH"},{"data":"True Grit","floor":29.0,"key":"SMITH"},{"data":"Double Tap","floor":32.0,"key":"SMITH"},{"data":"Entrench","floor":40.0,"key":"SMITH"},{"data":"Burning Pact","floor":42.0,"key":"SMITH"},{"floor":49.0,"key":"RECALL"},{"data":"Offering","floor":53.0,"key":"SMITH"}],"neow_cost":"TEN_PERCENT_HP_LOSS","seed_source_timestamp":378861172832410,"circlet_count":0,"master_deck":["AscendersBane","Strike_R","Defend_R","Defend_R","Defend_R","Defend_R","Bash","Flex","Armaments+1","Double Tap+1","Sword Boomerang","Impervious","Evolve","Shockwave","Bloodletting","Barricade+1","Fiend Fire","True Grit+1","Shrug It Off","Battle Trance","Second Wind","Shrug It Off+1","Offering+1","Entrench+1","Burning Pact+1","Pommel Strike+1","Feel No Pain"],"special_seed":0,"relics":["Burning Blood","Brimstone","Oddly Smooth Stone","Anchor","Prayer Wheel","Runic Pyramid","Nilry\u0027s Codex","Boot","Molten Egg 2","Shuriken","Cursed Key","Sundial","Red Skull","Juzu Bracelet","The Courier","Turnip","Self Forming Clay"],"potions_floor_usage":[56],"damage_taken":[{"damage":8.0,"enemies":"2 Louse","floor":1.0,"turns":4.0},{"damage":2.0,"enemies":"Cultist","floor":2.0,"turns":4.0},{"damage":13.0,"enemies":"Jaw Worm","floor":5.0,"turns":2.0},{"damage":3.0,"enemies":"2 Fungi Beasts","floor":7.0,"turns":4.0},{"damage":0.0,"enemies":"Lagavulin","floor":8.0,"turns":4.0},{"damage":0.0,"enemies":"Large Slime","floor":10.0,"turns":5.0},{"damage":0.0,"enemies":"Exordium Thugs","floor":12.0,"turns":3.0},{"damage":6.0,"enemies":"3 Sentries","floor":13.0,"turns":5.0},{"damage":0.0,"enemies":"Exordium Wildlife","floor":14.0,"turns":2.0},{"damage":37.0,"enemies":"Slime Boss","floor":16.0,"turns":8.0},{"damage":5.0,"enemies":"2 Thieves","floor":18.0,"turns":3.0},{"damage":4.0,"enemies":"Chosen","floor":22.0,"turns":3.0},{"damage":0.0,"enemies":"Book of Stabbing","floor":23.0,"turns":4.0},{"damage":3.0,"enemies":"Centurion and Healer","floor":24.0,"turns":5.0},{"damage":18.0,"enemies":"Gremlin Leader","floor":25.0,"turns":4.0},{"damage":0.0,"enemies":"Snake Plant","floor":27.0,"turns":3.0},{"damage":7.0,"enemies":"Shelled Parasite and Fungi","floor":30.0,"turns":5.0},{"damage":0.0,"enemies":"Snecko","floor":31.0,"turns":4.0},{"damage":6.0,"enemies":"Champ","floor":33.0,"turns":8.0},{"damage":9.0,"enemies":"3 Darklings","floor":35.0,"turns":4.0},{"damage":14.0,"enemies":"Nemesis","floor":41.0,"turns":7.0},{"damage":6.0,"enemies":"Orb Walker","floor":44.0,"turns":4.0},{"damage":6.0,"enemies":"Giant Head","floor":45.0,"turns":4.0},{"damage":0.0,"enemies":"Spire Growth","floor":46.0,"turns":5.0},{"damage":6.0,"enemies":"Nemesis","floor":47.0,"turns":5.0},{"damage":6.0,"enemies":"2 Orb Walkers","floor":48.0,"turns":5.0},{"damage":9.0,"enemies":"Awakened One","floor":50.0,"turns":9.0},{"damage":6.0,"enemies":"Donu and Deca","floor":51.0,"turns":7.0},{"damage":11.0,"enemies":"Shield and Spear","floor":55.0,"turns":5.0},{"damage":9,"enemies":"The Heart","floor":56,"turns":9}],"seed_played":"-1925527569769314192","potions_obtained":[{"floor":1.0,"key":"AttackPotion"},{"floor":8.0,"key":"Dexterity Potion"},{"floor":10.0,"key":"GamblersBrew"},{"floor":13.0,"key":"LiquidBronze"},{"floor":24.0,"key":"EssenceOfSteel"},{"floor":25.0,"key":"SteroidPotion"},{"floor":30.0,"key":"AttackPotion"},{"floor":46.0,"key":"Swift Potion"}],"is_trial":false,"path_per_floor":["M","M","?","$","M","R","M","E","T","M","T","M","E","M","R","B",null,"M","?","$","?","M","E","M","E","T","M","$","R","M","M","R","B",null,"M","?","$","$","T","R","E","R","T","M","E","M","E","?","R","B","B",null,"R","$","E","B",null],"character_chosen":"IRONCLAD","items_purchased":["Brimstone","Impervious","Swift Potion","Second Wind","Sundial","Explosive Potion"],"campfire_rested":0,"item_purchase_floors":[4,4,20,28,37,54],"current_hp_per_floor":[66,68,68,68,61,61,64,68,68,68,68,68,68,68,68,37,60,61,61,61,40,42,48,51,39,39,45,45,45,44,50,50,50,64,61,61,61,61,61,61,53,53,53,53,53,59,59,59,59,56,56,65,65,65,60,57],"gold":73,"neow_bonus":"TWO_FIFTY_GOLD","is_prod":false,"is_daily":false,"chose_seed":false,"campfire_upgraded":7,"win_rate":0,"timestamp":1551791542,"path_taken":["M","M","?","$","?","R","?","E","T","M","?","M","E","M","R","BOSS","M","?","$","?","M","E","M","E","T","M","$","R","M","M","R","BOSS","M","?","$","?","?","R","E","R","T","?","E","M","E","?","R","BOSS","BOSS","R","$","E","BOSS"],"build_version":"2019-01-23","purchased_purges":4,"victory":true,"max_hp_per_floor":[68,68,68,68,68,68,68,68,68,68,68,68,68,68,68,68,68,68,68,68,68,68,68,68,68,68,68,68,68,68,68,68,68,68,68,68,68,68,68,68,68,68,68,68,68,68,68,68,68,68,68,68,68,68,68,68],"card_choices":[{"not_picked":["Warcry","Uppercut"],"picked":"Flex","floor":1.0},{"not_picked":["Infernal Blade","Warcry","Armaments"],"picked":"SKIP","floor":2.0},{"not_picked":["Infernal Blade","Warcry"],"picked":"Armaments","floor":2.0},{"not_picked":["Armaments","Wild Strike","Berserk"],"picked":"SKIP","floor":5.0},{"not_picked":["Clothesline","Combust"],"picked":"Evolve","floor":7.0},{"not_picked":["Dropkick","Headbutt"],"picked":"Shockwave","floor":8.0},{"not_picked":["Anger","Pommel Strike"],"picked":"Bloodletting","floor":10.0},{"not_picked":["Rupture","Heavy Blade","Bloodletting"],"picked":"SKIP","floor":12.0},{"not_picked":["Clothesline","Body Slam","Searing Blow"],"picked":"SKIP","floor":13.0},{"not_picked":["Clothesline","Body Slam","Searing Blow"],"picked":"SKIP","floor":13.0},{"not_picked":["Headbutt","Anger"],"picked":"Barricade","floor":14.0},{"not_picked":["Armaments","Perfected Strike","Carnage"],"picked":"SKIP","floor":14.0},{"not_picked":["Immolate","Dark Embrace"],"picked":"Fiend Fire","floor":16.0},{"not_picked":["Pommel Strike","Disarm"],"picked":"True Grit","floor":18.0},{"not_picked":["Havoc","Dropkick","Flame Barrier"],"picked":"SKIP","floor":18.0},{"not_picked":["Uppercut","Anger+1","Sword Boomerang"],"picked":"SKIP","floor":22.0},{"not_picked":["Perfected Strike","Sword Boomerang","Disarm"],"picked":"SKIP","floor":22.0},{"not_picked":["Pommel Strike","Armaments"],"picked":"Shrug It Off","floor":23.0},{"not_picked":["Body Slam","Thunderclap+1","Warcry"],"picked":"SKIP","floor":24.0},{"not_picked":["Immolate","Thunderclap","Armaments"],"picked":"SKIP","floor":24.0},{"not_picked":["Carnage","Metallicize","Cleave"],"picked":"SKIP","floor":25.0},{"not_picked":["Twin Strike+1","Uppercut+1"],"picked":"Battle Trance","floor":27.0},{"not_picked":["Warcry","Inflame","True Grit+1"],"picked":"SKIP","floor":27.0},{"not_picked":["Infernal Blade","Clash+1"],"picked":"Shrug It Off+1","floor":30.0},{"not_picked":["Shrug It Off","Rage","Iron Wave+1"],"picked":"SKIP","floor":30.0},{"not_picked":["Twin Strike+1","Wild Strike+1","Shrug It Off"],"picked":"SKIP","floor":31.0},{"not_picked":["Flame Barrier","True Grit","Anger+1"],"picked":"SKIP","floor":31.0},{"not_picked":["Barricade","Feed+1"],"picked":"Offering","floor":33.0},{"not_picked":["Havoc","Flame Barrier+1"],"picked":"Entrench","floor":35.0},{"not_picked":["Perfected Strike+1","Armaments"],"picked":"Burning Pact","floor":35.0},{"not_picked":["Rage+1","Inflame+1","Carnage+1"],"picked":"SKIP","floor":41.0},{"not_picked":["Body Slam+1","Uppercut+1"],"picked":"Pommel Strike+1","floor":44.0},{"not_picked":["Evolve","True Grit+1","Bludgeon+1"],"picked":"SKIP","floor":44.0},{"not_picked":["Clash+1","Wild Strike+1","Evolve+1"],"picked":"SKIP","floor":45.0},{"not_picked":["Shrug It Off","Thunderclap+1","True Grit"],"picked":"SKIP","floor":46.0},{"not_picked":["Thunderclap+1","Infernal Blade","Disarm+1"],"picked":"SKIP","floor":46.0},{"not_picked":["Immolate+1","Intimidate","Whirlwind+1"],"picked":"SKIP","floor":47.0},{"not_picked":["Shrug It Off","Armaments"],"picked":"Feel No Pain","floor":55.0}],"player_experience":1166154,"relics_obtained":[{"floor":8.0,"key":"Oddly Smooth Stone"},{"floor":11.0,"key":"Anchor"},{"floor":13.0,"key":"Prayer Wheel"},{"floor":21.0,"key":"Nilry\u0027s Codex"},{"floor":23.0,"key":"Boot"},{"floor":25.0,"key":"Molten Egg 2"},{"floor":26.0,"key":"Shuriken"},{"floor":41.0,"key":"Red Skull"},{"floor":45.0,"key":"Juzu Bracelet"},{"floor":47.0,"key":"The Courier"},{"floor":48.0,"key":"Turnip"},{"floor":55.0,"key":"Self Forming Clay"}],"event_choices":[{"damage_healed":0.0,"max_hp_gain":0.0,"max_hp_loss":0.0,"gold_gain":0.0,"event_name":"Match and Keep!","player_choice":"2 cards matched","floor":3.0,"gold_loss":0.0,"damage_taken":0.0,"cards_obtained":["Double Tap","Sword Boomerang"]},{"cards_removed":["Strike_R"],"damage_healed":0.0,"max_hp_gain":0.0,"max_hp_loss":0.0,"gold_gain":0.0,"event_name":"Beggar","player_choice":"Gave Gold","floor":19.0,"gold_loss":75.0,"damage_taken":0.0},{"damage_healed":0.0,"max_hp_gain":0.0,"max_hp_loss":0.0,"gold_gain":0.0,"event_name":"Cursed Tome","player_choice":"Obtained Book","floor":21.0,"gold_loss":0.0,"damage_taken":21.0},{"damage_healed":0.0,"max_hp_gain":0.0,"max_hp_loss":0.0,"gold_gain":275.0,"event_name":"Golden Shrine","player_choice":"Desecrate","floor":36.0,"gold_loss":0.0,"damage_taken":0.0,"cards_obtained":["Regret"]},{"damage_healed":0.0,"max_hp_gain":0.0,"max_hp_loss":0.0,"gold_gain":0.0,"event_name":"Mysterious Sphere","player_choice":"Fight","floor":48.0,"gold_loss":0.0,"damage_taken":0.0}],"is_beta":false,"boss_relics":[{"not_picked":["Runic Dome","Mark of Pain"],"picked":"Runic Pyramid"},{"not_picked":["Sozu","Runic Cube"],"picked":"Cursed Key"}],"items_purged_floors":[4,20,37,54],"is_endless":false,"potions_floor_spawned":[1,8,10,13,22,24,25,30,41,44,46,48],"ascension_level":20}