{"gold_per_floor":[116,116,131,56,71,103,103,136,162,195,195,270,270,301,301,403,403,414,430,442,442,97,97,97,132,183,27,44,69,69,81,81,179,179,194,69,69,69,80,80,0,0,23,23,58,76,108,208,208,208],"floor_reached":51,"playtime":1864,"items_purged":["Strike_R","Strike_R","Strike_R"],"score":839,"play_id":"f849f557-bc7f-4cad-9cf0-88daa63efbbb","local_time":"20190426183201","is_ascension_mode":true,"campfire_choices":[{"data":"Thunderclap","floor":7,"key":"SMITH"},{"data":"Bash","floor":11,"key":"SMITH"},{"floor":13,"key":"REST"},{"data":"Dropkick","floor":15,"key":"SMITH"},{"floor":23,"key":"REST"},{"data":"Strike_R","floor":30,"key":"PURGE"},{"data":"Defend_R","floor":32,"key":"PURGE"},{"data":"Mayhem","floor":40,"key":"SMITH"},{"data":"Clash","floor":42,"key":"SMITH"},{"data":"Sword Boomerang","floor":44,"key":"SMITH"},{"floor":49,"key":"REST"}],"neow_cost":"NONE","seed_source_timestamp":291707832910946,"circlet_count":0,"master_deck":["Defend_R","Defend_R","Defend_R","Bash+1","Dropkick+1","Headbutt","Thunderclap+1","Sword Boomerang+1","Dropkick+1","Pommel Strike+1","Clash+1","Warcry+1","Madness","Madness","Mayhem+1","Seeing Red+1","Metallicize+1","Fire Breathing+1"],"relics":["Burning Blood","PreservedInsect","Pen Nib","Centennial Puzzle","Meat on the Bone","Letter Opener","Philosopher\u0027s Stone","Pantograph","Peace Pipe","Happy Flower","Bronze Scales","Lantern","Runic Pyramid","Red Mask","Oddly Smooth Stone","Regal Pillow","Toxic Egg 2","Charon\u0027s Ashes"],"potions_floor_usage":[6,16,16,20,25,50,50],"damage_taken":[{"damage":6,"enemies":"Cultist","floor":1,"turns":3},{"damage":6,"enemies":"2 Louse","floor":3,"turns":2},{"damage":0,"enemies":"Small Slimes","floor":5,"turns":3},{"damage":39,"enemies":"3 Sentries","floor":6,"turns":10},{"damage":13,"enemies":"Lagavulin","floor":8,"turns":4},{"damage":8,"enemies":"Gremlin Nob","floor":10,"turns":3},{"damage":4,"enemies":"3 Sentries","floor":14,"turns":2},{"damage":19,"enemies":"Hexaghost","floor":16,"turns":6},{"damage":4,"enemies":"Chosen","floor":18,"turns":3},{"damage":21,"enemies":"2 Thieves","floor":19,"turns":3},{"damage":31,"enemies":"Shelled Parasite and Fungi","floor":20,"turns":4},{"damage":27,"enemies":"Slavers","floor":25,"turns":3},{"damage":29,"enemies":"Cultist and Chosen","floor":28,"turns":5},{"damage":14,"enemies":"Gremlin Leader","floor":29,"turns":4},{"damage":0,"enemies":"Centurion and Healer","floor":31,"turns":3},{"damage":82,"enemies":"Champ","floor":33,"turns":8},{"damage":2,"enemies":"Orb Walker","floor":35,"turns":2},{"damage":23,"enemies":"3 Shapes","floor":39,"turns":3},{"damage":8,"enemies":"Giant Head","floor":45,"turns":4},{"damage":7,"enemies":"Spire Growth","floor":46,"turns":3},{"damage":43,"enemies":"Reptomancer","floor":47,"turns":4},{"damage":9,"enemies":"Mind Bloom Boss Battle","floor":48,"turns":5},{"damage":79,"enemies":"Time Eater","floor":50,"turns":8}],"seed_played":"-5619039665940495545","potions_obtained":[{"floor":1,"key":"FearPotion"},{"floor":3,"key":"Weak Potion"},{"floor":6,"key":"SkillPotion"},{"floor":8,"key":"Energy Potion"},{"floor":18,"key":"SneckoOil"},{"floor":19,"key":"GamblersBrew"},{"floor":45,"key":"Regen Potion"},{"floor":47,"key":"SpeedPotion"},{"floor":48,"key":"SpeedPotion"}],"is_trial":false,"path_per_floor":["M","?","M","$","M","E","R","E","T","E","R","?","R","E","R","B",null,"M","M","M","?","$","R","?","E","T","$","M","E","R","M","R","B",null,"M","$","?","?","M","R","?","R","T","R","E","M","E","?","R","B",null],"character_chosen":"IRONCLAD","items_purchased":["Pantograph","Bronze Scales"],"campfire_rested":3,"item_purchase_floors":[22,27],"current_hp_per_floor":[88,81,81,81,87,54,54,47,47,45,45,34,60,62,62,61,88,88,73,60,43,43,70,70,61,61,61,50,54,54,60,60,21,93,93,93,81,81,64,64,64,64,64,64,62,61,36,58,93,47],"gold":208,"neow_bonus":"TEN_PERCENT_HP_BONUS","is_prod":false,"is_daily":false,"chose_seed":false,"campfire_upgraded":6,"win_rate":0,"timestamp":1556321521,"path_taken":["M","?","M","$","M","E","R","E","T","E","R","?","R","E","R","BOSS","M","M","M","?","$","R","?","E","T","$","M","E","R","M","R","BOSS","M","$","?","?","M","R","?","R","T","R","E","M","E","?","R","BOSS"],"build_version":"2019-01-23","purchased_purges":3,"victory":true,"max_hp_per_floor":[88,88,88,88,88,88,88,88,88,88,88,88,88,88,88,88,88,88,88,88,93,93,93,93,93,93,93,93,93,93,93,93,93,93,93,93,93,93,93,93,93,93,93,93,93,93,93,93,93,93],"card_choices":[{"not_picked":["Sentinel","Burning Pact"],"picked":"Dropkick","floor":1},{"not_picked":["Feel No Pain","Warcry"],"picked":"Headbutt","floor":3},{"not_picked":["Body Slam","Spot Weakness","Armaments"],"picked":"SKIP","floor":5},{"not_picked":["Body Slam","Inflame"],"picked":"Thunderclap","floor":6},{"not_picked":["Perfected Strike","Iron Wave","Cleave"],"picked":"SKIP","floor":8},{"not_picked":["Body Slam","Rupture","Whirlwind"],"picked":"SKIP","floor":10},{"not_picked":["Wild Strike","Perfected Strike","Carnage"],"picked":"SKIP","floor":14},{"not_picked":["Power Through","Twin Strike","Searing Blow"],"picked":"SKIP","floor":18},{"not_picked":["Cleave","Anger"],"picked":"Sword Boomerang","floor":19},{"not_picked":["Flex+1","Pommel Strike"],"picked":"Dropkick+1","floor":20},{"not_picked":["Feel No Pain","Heavy Blade","Havoc"],"picked":"SKIP","floor":25},{"not_picked":["Exhume","Warcry","Thunderclap"],"picked":"SKIP","floor":28},{"not_picked":["Ghostly Armor","True Grit"],"picked":"Pommel Strike+1","floor":29},{"not_picked":["Perfected Strike","True Grit"],"picked":"Clash","floor":31},{"not_picked":["Twin Strike","Havoc"],"picked":"Warcry+1","floor":35},{"not_picked":["Jack Of All Trades","Forethought"],"picked":"Mayhem","floor":38},{"not_picked":["Heavy Blade","Reckless Charge"],"picked":"Seeing Red+1","floor":39},{"not_picked":["Seeing Red+1","Uppercut"],"picked":"Metallicize+1","floor":45},{"not_picked":["Twin Strike","Second Wind"],"picked":"Fire Breathing+1","floor":46},{"not_picked":["Iron Wave+1","True Grit","Sever Soul+1"],"picked":"SKIP","floor":47}],"player_experience":107631,"relics_obtained":[{"floor":6,"key":"PreservedInsect"},{"floor":8,"key":"Pen Nib"},{"floor":9,"key":"Centennial Puzzle"},{"floor":10,"key":"Meat on the Bone"},{"floor":14,"key":"Letter Opener"},{"floor":25,"key":"Peace Pipe"},{"floor":26,"key":"Happy Flower"},{"floor":29,"key":"Lantern"},{"floor":43,"key":"Oddly Smooth Stone"},{"floor":45,"key":"Regal Pillow"},{"floor":47,"key":"Toxic Egg 2"},{"floor":48,"key":"Charon\u0027s Ashes"}],"event_choices":[{"cards_removed":["Strike_R"],"damage_healed":0,"gold_gain":0,"player_choice":"Card Removal","damage_taken":7,"max_hp_gain":0,"max_hp_loss":0,"event_name":"Golden Wing","floor":2,"gold_loss":0},{"damage_healed":0,"gold_gain":75,"player_choice":"Gather Gold","damage_taken":11,"max_hp_gain":0,"max_hp_loss":0,"event_name":"World of Goop","floor":12,"gold_loss":0},{"damage_healed":0,"gold_gain":0,"player_choice":"Shed Blood","damage_taken":22,"max_hp_gain":5,"max_hp_loss":0,"event_name":"Forgotten Altar","floor":21,"gold_loss":0},{"damage_healed":0,"gold_gain":0,"player_choice":"Ignored","damage_taken":0,"max_hp_gain":0,"max_hp_loss":0,"event_name":"Vampires","floor":24,"gold_loss":0},{"damage_healed":0,"gold_gain":0,"player_choice":"Embrace Madness","damage_taken":12,"max_hp_gain":0,"max_hp_loss":0,"event_name":"Winding Halls","floor":37,"gold_loss":0,"cards_obtained":["Madness","Madness"]},{"damage_healed":0,"gold_gain":0,"player_choice":"Memory 1","damage_taken":0,"max_hp_gain":0,"max_hp_loss":0,"event_name":"SensoryStone","floor":38,"gold_loss":0},{"damage_healed":0,"gold_gain":0,"player_choice":"Paid","damage_taken":0,"relics_obtained":["Red Mask"],"max_hp_gain":0,"max_hp_loss":0,"event_name":"Tomb of Lord Red Mask","floor":41,"gold_loss":80},{"damage_healed":0,"gold_gain":0,"player_choice":"Fight","damage_taken":0,"max_hp_gain":0,"max_hp_loss":0,"event_name":"MindBloom","floor":48,"gold_loss":0}],"is_beta":false,"boss_relics":[{"not_picked":["Velvet Choker","Coffee Dripper"],"picked":"Philosopher\u0027s Stone"},{"not_picked":["White Beast Statue","Busted Crown"],"picked":"Runic Pyramid"}],"items_purged_floors":[4,22,36],"is_endless":false,"potions_floor_spawned":[1,3,6,8,18,19,45,47,48],"ascension_level":2}