{"gold_per_floor":[367,367,11,23,173,173,197,227,309,325,325,340,340,351,351,351],"floor_reached":16,"playtime":540,"items_purged":["Normality"],"score":180,"play_id":"d7e454b8-54c7-480c-8af1-4c9132ed3274","local_time":"20190509140618","is_ascension_mode":true,"campfire_choices":[{"data":"Sucker Punch","floor":6,"key":"SMITH"},{"floor":15,"key":"REST"}],"neow_cost":"CURSE","seed_source_timestamp":402796974636400,"circlet_count":0,"master_deck":["AscendersBane","Defend_G","Defend_G","Defend_G","Defend_G","Defend_G","Strike_G","Strike_G","Strike_G","Strike_G","Strike_G","Survivor","Neutralize","Sucker Punch+1","Leg Sweep","Poisoned Stab","Distraction"],"relics":["Ring of the Snake","Frozen Egg 2","Odd Mushroom","Tiny Chest","Paper Crane"],"potions_floor_usage":[7,7,16],"damage_taken":[{"damage":11,"enemies":"Jaw Worm","floor":1,"turns":8},{"damage":0,"enemies":"Cultist","floor":4,"turns":4},{"damage":29,"enemies":"The Mushroom Lair","floor":7,"turns":7},{"damage":0,"enemies":"2 Louse","floor":10,"turns":3},{"damage":4,"enemies":"2 Fungi Beasts","floor":12,"turns":4},{"damage":0,"enemies":"Exordium Wildlife","floor":14,"turns":4},{"damage":55,"enemies":"Slime Boss","floor":16,"turns":10}],"seed_played":"-8573995137606375595","potions_obtained":[{"floor":2,"key":"Dexterity Potion"},{"floor":2,"key":"FearPotion"},{"floor":10,"key":"FairyPotion"},{"floor":12,"key":"Block Potion"}],"is_trial":false,"path_per_floor":["M","?","$","M","?","R","?","?","T","M","?","M","?","M","R","B"],"character_chosen":"THE_SILENT","items_purchased":["Frozen Egg 2"],"campfire_rested":1,"item_purchase_floors":[3],"current_hp_per_floor":[48,48,48,48,48,48,19,19,19,19,19,15,15,15,34,0],"gold":351,"neow_bonus":"TWO_FIFTY_GOLD","is_prod":false,"is_daily":false,"chose_seed":false,"campfire_upgraded":1,"win_rate":0,"timestamp":1557407178,"path_taken":["M","?","$","?","?","R","?","?","T","?","?","M","?","M","R","BOSS"],"build_version":"2019-01-23","purchased_purges":1,"victory":false,"max_hp_per_floor":[66,66,66,66,66,66,66,66,66,66,66,66,66,66,66,66],"card_choices":[{"not_picked":["Setup","Deflect","Underhanded Strike"],"picked":"SKIP","floor":1},{"not_picked":["Accuracy+1","Underhanded Strike"],"picked":"Sucker Punch","floor":4},{"not_picked":["Acrobatics","Predator"],"picked":"Leg Sweep","floor":7},{"not_picked":["Setup","Riddle With Holes"],"picked":"Poisoned Stab","floor":10},{"not_picked":["Sucker Punch","Dagger Spray","Choke"],"picked":"SKIP","floor":12},{"not_picked":["Slice","Finisher"],"picked":"Distraction","floor":14}],"player_experience":499110,"relics_obtained":[{"floor":7,"key":"Odd Mushroom"},{"floor":9,"key":"Paper Crane"}],"event_choices":[{"damage_healed":0,"gold_gain":0,"player_choice":"Got Potions","damage_taken":0,"max_hp_gain":0,"max_hp_loss":0,"event_name":"Lab","floor":2,"gold_loss":0},{"damage_healed":0,"gold_gain":150,"player_choice":"AGREE","damage_taken":0,"max_hp_gain":0,"max_hp_loss":0,"event_name":"Liars Game","floor":5,"gold_loss":0,"cards_obtained":["Doubt"]},{"damage_healed":0,"gold_gain":0,"player_choice":"Fought Mushrooms","damage_taken":0,"max_hp_gain":0,"max_hp_loss":0,"event_name":"Mushrooms","floor":7,"gold_loss":0},{"damage_healed":0,"gold_gain":0,"player_choice":"Searched \u00271\u0027 times","damage_taken":0,"relics_obtained":["Tiny Chest"],"max_hp_gain":0,"max_hp_loss":0,"event_name":"Dead Adventurer","floor":8,"gold_loss":0},{"cards_removed":["Doubt"],"damage_healed":0,"gold_gain":0,"player_choice":"Forget","damage_taken":0,"max_hp_gain":0,"max_hp_loss":0,"event_name":"Living Wall","floor":11,"gold_loss":0},{"damage_healed":0,"gold_gain":0,"player_choice":"Ignored","damage_taken":0,"max_hp_gain":0,"max_hp_loss":0,"event_name":"Shining Light","floor":13,"gold_loss":0}],"is_beta":false,"boss_relics":[],"items_purged_floors":[3],"is_endless":false,"potions_floor_spawned":[10,12,14],"killed_by":"Slime Boss","ascension_level":20}