{"gold_per_floor":[115,128,148,162,176,176,202,214,214,214,289,289,40,54,54,150,150,161,161,86,104,114,114,114],"floor_reached":24,"playtime":2013,"items_purged":["Strike_B"],"score":210,"play_id":"1b92c3a1-8c4f-49eb-a88c-62473cb7f37a","local_time":"20190511013318","is_ascension_mode":true,"campfire_choices":[{"data":"Defragment","floor":6,"key":"SMITH"},{"data":"Loop","floor":10,"key":"SMITH"},{"floor":12,"key":"REST"},{"floor":15,"key":"REST"},{"data":"Fusion","floor":23,"key":"SMITH"}],"neow_cost":"TEN_PERCENT_HP_LOSS","seed_source_timestamp":4938271540851700,"circlet_count":0,"master_deck":["Strike_B","Strike_B","Defend_B","Defend_B","Defend_B","Zap","Dualcast","Fusion+1","Redo","Defragment+1","Coolheaded","Streamline","Loop+1","Redo","Capacitor","Thunder Strike","Undo","Stack"],"relics":["Cracked Core","Ornamental Fan","Letter Opener","MealTicket","White Beast Statue"],"potions_floor_usage":[7,7,16,18,22,24,24],"damage_taken":[{"damage":3,"enemies":"Jaw Worm","floor":1,"turns":3},{"damage":4,"enemies":"Cultist","floor":2,"turns":4},{"damage":0,"enemies":"Small Slimes","floor":3,"turns":3},{"damage":8,"enemies":"Red Slaver","floor":4,"turns":5},{"damage":29,"enemies":"Gremlin Gang","floor":5,"turns":6},{"damage":1,"enemies":"Gremlin Nob","floor":7,"turns":4},{"damage":12,"enemies":"Blue Slaver","floor":8,"turns":3},{"damage":22,"enemies":"Exordium Thugs","floor":14,"turns":4},{"damage":14,"enemies":"Hexaghost","floor":16,"turns":12},{"damage":9,"enemies":"Chosen","floor":18,"turns":5},{"damage":13,"enemies":"Shell Parasite","floor":21,"turns":6},{"damage":40,"enemies":"Shelled Parasite and Fungi","floor":22,"turns":7},{"damage":20,"enemies":"Snake Plant","floor":24,"turns":4}],"seed_played":"-4167842617210851462","potions_obtained":[{"floor":1,"key":"Swift Potion"},{"floor":3,"key":"FocusPotion"},{"floor":5,"key":"PowerPotion"},{"floor":14,"key":"Swift Potion"},{"floor":18,"key":"FocusPotion"},{"floor":21,"key":"PowerPotion"},{"floor":22,"key":"Weak Potion"}],"is_trial":false,"path_per_floor":["M","M","M","M","M","R","E","M","T","R","?","R","$","M","R","B",null,"M","?","$","M","M","R","M"],"character_chosen":"DEFECT","items_purchased":["MealTicket","Redo"],"campfire_rested":2,"item_purchase_floors":[13,13],"current_hp_per_floor":[65,61,61,53,24,24,23,11,11,11,5,25,25,3,23,9,68,59,59,68,55,15,15,0],"gold":114,"neow_bonus":"REMOVE_TWO","is_prod":false,"is_daily":false,"chose_seed":false,"campfire_upgraded":3,"win_rate":0,"timestamp":1557552798,"path_taken":["M","M","M","M","M","R","E","M","T","R","?","R","?","?","R","BOSS","M","?","$","M","?","R","?"],"build_version":"2019-01-23","purchased_purges":1,"victory":false,"max_hp_per_floor":[68,68,68,68,68,68,68,68,68,68,68,68,68,68,68,68,68,68,68,68,68,68,68,68],"card_choices":[{"not_picked":["Hello World","Conserve Battery"],"picked":"Fusion","floor":1},{"not_picked":["Compile Driver","Force Field","Scrape"],"picked":"SKIP","floor":2},{"not_picked":["Barrage","Hologram"],"picked":"Redo","floor":3},{"not_picked":["Reprogram","Redo"],"picked":"Defragment","floor":4},{"not_picked":["Consume","Sweeping Beam"],"picked":"Coolheaded","floor":5},{"not_picked":["Chaos","Static Discharge"],"picked":"Streamline","floor":7},{"not_picked":["Steam","Beam Cell"],"picked":"Loop","floor":8},{"not_picked":["Doom and Gloom","Compile Driver"],"picked":"Capacitor","floor":14},{"not_picked":["Reboot","Biased Cognition"],"picked":"Thunder Strike","floor":16},{"not_picked":["Cold Snap","Recycle","Redo"],"picked":"SKIP","floor":18},{"not_picked":["Hello World","Ball Lightning"],"picked":"Undo","floor":21},{"not_picked":["Genetic Algorithm","Ball Lightning+1"],"picked":"Stack","floor":22}],"player_experience":99852,"relics_obtained":[{"floor":7,"key":"Ornamental Fan"},{"floor":9,"key":"Letter Opener"}],"event_choices":[{"damage_healed":0,"gold_gain":75,"player_choice":"Touch","damage_taken":6,"max_hp_gain":0,"max_hp_loss":0,"event_name":"FaceTrader","floor":11,"gold_loss":0},{"damage_healed":0,"gold_gain":0,"player_choice":"Bought 0 Potions","damage_taken":0,"max_hp_gain":0,"max_hp_loss":0,"event_name":"The Woman in Blue","floor":19,"gold_loss":0}],"is_beta":false,"boss_relics":[{"not_picked":["Velvet Choker","Cursed Key"],"picked":"White Beast Statue"}],"items_purged_floors":[20],"is_endless":false,"potions_floor_spawned":[1,3,5,14,18,21,22],"killed_by":"Snake Plant","ascension_level":1}