{"gold_per_floor":[110,110,110,110,185,214,225,253,253,272,288,304,304,323,323,323],"floor_reached":16,"playtime":549,"items_purged":[],"score":274,"play_id":"1551d090-dbc9-4107-ac0d-a51590bb8f17","local_time":"20190426002822","is_ascension_mode":true,"campfire_choices":[{"floor":15,"key":"REST"}],"neow_cost":"NONE","seed_source_timestamp":807171304021500,"circlet_count":0,"master_deck":["AscendersBane","Strike_R","Strike_R","Strike_R","Strike_R","Strike_R","Defend_R","Defend_R","Defend_R","Defend_R+1","Bash","Evolve+1","Uppercut","Flame Barrier","Disarm","Cleave","Bludgeon","Parasite"],"relics":["Burning Blood","NeowsBlessing","Self Forming Clay","Bronze Scales","Potion Belt"],"potions_floor_usage":[8,12,16],"damage_taken":[{"damage":0,"enemies":"Cultist","floor":1,"turns":1},{"damage":0,"enemies":"Lagavulin","floor":6,"turns":1},{"damage":0,"enemies":"Small Slimes","floor":7,"turns":1},{"damage":28,"enemies":"Gremlin Nob","floor":8,"turns":4},{"damage":0,"enemies":"Jaw Worm","floor":10,"turns":3},{"damage":31,"enemies":"Exordium Thugs","floor":11,"turns":6},{"damage":4,"enemies":"3 Louse","floor":12,"turns":2},{"damage":4,"enemies":"Looter","floor":14,"turns":3},{"damage":58,"enemies":"The Guardian","floor":16,"turns":12}],"seed_played":"-3877917323976065288","potions_obtained":[{"floor":7,"key":"Poison Potion"},{"floor":10,"key":"EssenceOfSteel"},{"floor":14,"key":"Swift Potion"}],"is_trial":false,"path_per_floor":["M","$","?","$","?","E","M","E","T","M","M","M","?","M","R","B"],"character_chosen":"IRONCLAD","items_purchased":[],"campfire_rested":1,"item_purchase_floors":[],"current_hp_per_floor":[74,74,51,51,40,46,52,30,30,36,11,13,31,33,55,0],"gold":323,"neow_bonus":"THREE_ENEMY_KILL","is_prod":false,"is_daily":false,"chose_seed":false,"campfire_upgraded":0,"win_rate":0,"timestamp":1556234902,"path_taken":["M","?","?","$","?","E","?","E","T","M","M","M","?","M","R","BOSS"],"build_version":"2019-01-23","purchased_purges":0,"victory":false,"max_hp_per_floor":[75,75,75,75,75,75,75,75,75,75,75,75,75,75,75,75],"card_choices":[{"not_picked":["Anger","Flex"],"picked":"Evolve","floor":1},{"not_picked":["Clash","Wild Strike"],"picked":"Uppercut","floor":6},{"not_picked":["True Grit","Uppercut"],"picked":"Flame Barrier","floor":7},{"not_picked":["Sword Boomerang","Entrench","True Grit"],"picked":"SKIP","floor":8},{"not_picked":["Iron Wave","Thunderclap"],"picked":"Disarm","floor":10},{"not_picked":["Body Slam","Bloodletting"],"picked":"Cleave","floor":11},{"not_picked":["Wild Strike","Shockwave"],"picked":"Bludgeon","floor":12},{"not_picked":["Corruption","Thunderclap","Evolve"],"picked":"SKIP","floor":14}],"player_experience":413439,"relics_obtained":[{"floor":6,"key":"Self Forming Clay"},{"floor":8,"key":"Bronze Scales"},{"floor":9,"key":"Potion Belt"}],"event_choices":[{"damage_healed":0,"gold_gain":0,"player_choice":"Entered Light","damage_taken":23,"max_hp_gain":0,"max_hp_loss":0,"event_name":"Shining Light","floor":3,"gold_loss":0,"cards_upgraded":["Evolve","Defend_R"]},{"damage_healed":0,"gold_gain":75,"player_choice":"Gather Gold","damage_taken":11,"max_hp_gain":0,"max_hp_loss":0,"event_name":"World of Goop","floor":5,"gold_loss":0},{"damage_healed":18,"gold_gain":0,"player_choice":"Healed and dodged fight","damage_taken":0,"max_hp_gain":0,"max_hp_loss":0,"event_name":"Mushrooms","floor":13,"gold_loss":0,"cards_obtained":["Parasite"]}],"is_beta":false,"boss_relics":[],"items_purged_floors":[],"is_endless":false,"potions_floor_spawned":[7,10,14],"killed_by":"The Guardian","ascension_level":20}