{"gold_per_floor":[217,217,235,249,6,6,41,41,41,54,114,114,38,38,38,127,127,152,171,171,196,16,16,57,57,112,112,131,149,149,190,190,190],"floor_reached":33,"playtime":1234,"items_purged":["Injury","Writhe"],"score":539,"play_id":"033283b2-9cdc-48b2-af20-78572fd00e23","local_time":"20180909184032","is_ascension_mode":true,"campfire_choices":[{"data":"Streamline","floor":6,"key":"SMITH"},{"data":"Zap","floor":8,"key":"SMITH"},{"floor":12,"key":"REST"},{"data":"Loop","floor":15,"key":"SMITH"},{"floor":23,"key":"REST"},{"floor":27,"key":"REST"},{"data":"Defragment","floor":30,"key":"SMITH"},{"floor":32,"key":"REST"}],"neow_cost":"NONE","seed_source_timestamp":20938725920680,"circlet_count":0,"master_deck":["Strike_B","Strike_B","Strike_B","Strike_B","Defend_B","Defend_B","Defend_B","Defend_B","Zap+1","Dualcast","AscendersBane","Capacitor","Loop+1","Streamline+1","Conserve Battery","Loop","Darkness","Ball Lightning","Chill","Loop","Biased Cognition","Ball Lightning","Redo+1","Defragment+1","Redo+1","BootSequence","Defragment+1"],"relics":["Cracked Core","Golden Idol","Mango","Cables","Runic Dome","Symbiotic Virus","Vajra","Blood Vial","Frozen Egg 2"],"potions_floor_usage":[7,7,16,18,33,33],"damage_taken":[{"damage":7,"enemies":"Jaw Worm","floor":1,"turns":3},{"damage":1,"enemies":"2 Louse","floor":3,"turns":3},{"damage":0,"enemies":"Small Slimes","floor":4,"turns":3},{"damage":42,"enemies":"Lagavulin","floor":7,"turns":6},{"damage":6,"enemies":"Blue Slaver","floor":10,"turns":3},{"damage":6,"enemies":"Slime Boss","floor":16,"turns":9},{"damage":30,"enemies":"3 Byrds","floor":18,"turns":4},{"damage":7,"enemies":"Shell Parasite","floor":19,"turns":3},{"damage":4,"enemies":"Centurion and Healer","floor":21,"turns":9},{"damage":37,"enemies":"Slavers","floor":24,"turns":6},{"damage":4,"enemies":"Sentry and Sphere","floor":28,"turns":5},{"damage":3,"enemies":"Cultist and Chosen","floor":29,"turns":4},{"damage":39,"enemies":"Book of Stabbing","floor":31,"turns":5},{"damage":35,"enemies":"Collector","floor":33,"turns":7}],"seed_played":"6034408504573844599","potions_obtained":[{"floor":1,"key":"GamblersBrew"},{"floor":4,"key":"PowerPotion"},{"floor":10,"key":"Dexterity Potion"},{"floor":16,"key":"Fire Potion"},{"floor":24,"key":"AttackPotion"},{"floor":29,"key":"Dexterity Potion"}],"is_trial":false,"path_per_floor":["M","?","M","M","$","R","E","R","T","M","?","R","$","?","R","B",null,"M","M","?","M","$","R","E","?","T","R","M","M","R","E","R"],"character_chosen":"DEFECT","items_purchased":["Conserve Battery","Loop","Darkness","Loop","Defragment"],"campfire_rested":4,"item_purchase_floors":[5,5,5,13,22],"current_hp_per_floor":[57,57,56,56,56,56,28,28,28,22,22,47,47,47,47,41,74,44,37,37,33,33,58,21,21,21,46,44,43,43,6,31,0],"gold":190,"neow_bonus":"HUNDRED_GOLD","is_prod":false,"is_daily":false,"chose_seed":false,"campfire_upgraded":4,"win_rate":0,"timestamp":1536529232,"path_taken":["M","?","M","M","$","R","E","R","T","M","?","R","$","?","R","BOSS","M","M","?","?","$","R","E","?","T","R","M","M","R","E","R","BOSS"],"build_version":"2018-07-12","purchased_purges":2,"victory":false,"max_hp_per_floor":[71,71,71,71,71,71,85,85,85,85,85,85,85,85,85,85,85,85,85,85,85,85,85,85,85,85,85,85,85,85,85,85,85],"card_choices":[{"not_picked":["Recycle","Redo"],"picked":"Capacitor","floor":1},{"not_picked":["Turbo","Lockon"],"picked":"Loop","floor":3},{"not_picked":["Capacitor","Blizzard"],"picked":"Streamline","floor":4},{"not_picked":["Sunder","Compile Driver"],"picked":"Ball Lightning","floor":7},{"not_picked":["Fusion","Skim"],"picked":"Chill","floor":10},{"not_picked":["Amplify","Hyperbeam"],"picked":"Biased Cognition","floor":16},{"not_picked":["Leap","Turbo"],"picked":"Ball Lightning","floor":18},{"not_picked":["Scrape","Compile Driver","Turbo"],"picked":"SKIP","floor":19},{"not_picked":["Coolheaded","Hologram"],"picked":"Redo+1","floor":21},{"not_picked":["Darkness","Multi-Cast"],"picked":"Redo+1","floor":24},{"not_picked":["Gash","Redo","Fusion"],"picked":"SKIP","floor":28},{"not_picked":["Barrage","Gash"],"picked":"BootSequence","floor":29},{"not_picked":["Lockon","Leap"],"picked":"Defragment","floor":31}],"player_experience":835097,"relics_obtained":[{"floor":7,"key":"Mango"},{"floor":9,"key":"Cables"},{"floor":24,"key":"Vajra"},{"floor":26,"key":"Blood Vial"},{"floor":31,"key":"Frozen Egg 2"}],"event_choices":[{"event_name":"Golden Idol","player_choice":"Take Wound","floor":2,"damage_taken":0},{"event_name":"Golden Wing","player_choice":"Gained Gold","floor":11,"damage_taken":0},{"event_name":"Liars Game","player_choice":"disagreed","floor":14,"damage_taken":0},{"event_name":"The Mausoleum","player_choice":"Yes","floor":20,"damage_taken":0},{"event_name":"Ghosts","player_choice":"Ignored","floor":25,"damage_taken":0}],"boss_relics":[{"not_picked":["Astrolabe","Snecko Eye"],"picked":"Runic Dome"}],"items_purged_floors":[5,22],"is_endless":false,"potions_floor_spawned":[1,4,10,16,24,29,31],"killed_by":"Collector","ascension_level":15}