{"gold_per_floor":[109,121,141,160,32,62,62,81,81,99,99],"floor_reached":11,"playtime":662,"items_purged":["Strike_R"],"score":112,"play_id":"114934ea-5144-4d7b-af27-098cf7741412","local_time":"20181222170651","is_ascension_mode":true,"campfire_choices":[{"floor":7,"key":"REST"}],"neow_cost":"NONE","seed_source_timestamp":106450810021911,"circlet_count":0,"master_deck":["Strike_R","Strike_R","Strike_R","Strike_R","Defend_R","Defend_R","Defend_R","Defend_R","Bash","Barricade","Pommel Strike","Armaments","Sword Boomerang","Thunderclap","Shrug It Off","Offering","True Grit"],"relics":["Burning Blood","Darkstone Periapt","Frozen Egg 2"],"potions_floor_usage":[6],"damage_taken":[{"damage":6,"enemies":"Cultist","floor":1,"turns":4},{"damage":6,"enemies":"2 Louse","floor":2,"turns":4},{"damage":5,"enemies":"Small Slimes","floor":3,"turns":5},{"damage":33,"enemies":"Exordium Thugs","floor":4,"turns":7},{"damage":45,"enemies":"Gremlin Nob","floor":6,"turns":5},{"damage":13,"enemies":"Blue Slaver","floor":8,"turns":5},{"damage":12,"enemies":"3 Louse","floor":10,"turns":4},{"damage":37,"enemies":"Exordium Thugs","floor":11,"turns":4}],"seed_played":"-5525391638153285005","potions_obtained":[{"floor":1,"key":"SkillPotion"},{"floor":6,"key":"FearPotion"},{"floor":8,"key":"GamblersBrew"},{"floor":10,"key":"GamblersBrew"}],"is_trial":false,"path_per_floor":["M","M","M","M","$","E","R","M","T","M","M"],"character_chosen":"IRONCLAD","items_purchased":["Shrug It Off"],"campfire_rested":1,"item_purchase_floors":[5],"current_hp_per_floor":[72,72,73,46,46,7,31,24,24,18,0],"gold":99,"neow_bonus":"ONE_RANDOM_RARE_CARD","is_prod":false,"is_daily":false,"chose_seed":false,"campfire_upgraded":0,"win_rate":0,"timestamp":1545516411,"path_taken":["M","?","M","M","?","E","R","M","T","M","M"],"build_version":"2018-12-20","purchased_purges":1,"victory":false,"max_hp_per_floor":[80,80,80,80,80,80,80,80,80,80,80],"card_choices":[{"not_picked":["Twin Strike","Reckless Charge"],"picked":"Pommel Strike","floor":1},{"not_picked":["Rupture","Rampage"],"picked":"Armaments","floor":2},{"not_picked":["Rupture","Sever Soul"],"picked":"Sword Boomerang","floor":3},{"not_picked":["Power Through","Sword Boomerang"],"picked":"Thunderclap","floor":4},{"not_picked":["Power Through","Searing Blow","Wild Strike"],"picked":"SKIP","floor":6},{"not_picked":["Shrug It Off","Power Through"],"picked":"Offering","floor":8},{"not_picked":["Sword Boomerang","Pommel Strike"],"picked":"True Grit","floor":10}],"player_experience":183706,"relics_obtained":[{"floor":6,"key":"Darkstone Periapt"},{"floor":9,"key":"Frozen Egg 2"}],"event_choices":[],"is_beta":false,"boss_relics":[],"items_purged_floors":[5],"is_endless":false,"potions_floor_spawned":[1,6,8,10],"killed_by":"Exordium Thugs","ascension_level":9}