{"gold_per_floor":[209,209,234,234,254,254,275,275,275,295,316,382,40,40,40,169,169,155,0,16,16,16],"floor_reached":22,"playtime":1844,"items_purged":[],"score":273,"play_id":"b63ef5dd-d3d4-44ef-9728-b6eff1acc702","local_time":"20190430164645","is_ascension_mode":true,"campfire_choices":[{"data":"Neutralize","floor":6.0,"key":"SMITH"},{"data":"PiercingWail","floor":8.0,"key":"SMITH"},{"data":"1","floor":15.0,"key":"LIFT"}],"neow_cost":"NONE","seed_source_timestamp":0,"circlet_count":0,"master_deck":["AscendersBane","Defend_G","Defend_G","Defend_G","Defend_G","Defend_G","Strike_G","Strike_G","Strike_G","Strike_G","Survivor","Neutralize+1","PiercingWail+1","Deadly Poison","Deadly Poison","Cloak And Dagger","Escape Plan","Blade Dance","Accuracy","Parasite","A Thousand Cuts","Dagger Spray+1","Flying Knee+1","Writhe"],"special_seed":0,"relics":["Ring of the Snake","Golden Idol","Girya","Gambling Chip","Molten Egg 2","Snecko Eye","Vajra"],"potions_floor_usage":[22],"damage_taken":[{"damage":2.0,"enemies":"Small Slimes","floor":1.0,"turns":3.0},{"damage":0.0,"enemies":"Cultist","floor":3.0,"turns":6.0},{"damage":0.0,"enemies":"2 Louse","floor":5.0,"turns":3.0},{"damage":0.0,"enemies":"Looter","floor":7.0,"turns":4.0},{"damage":0.0,"enemies":"3 Louse","floor":10.0,"turns":4.0},{"damage":4.0,"enemies":"2 Fungi Beasts","floor":11.0,"turns":4.0},{"damage":22.0,"enemies":"Gremlin Nob","floor":12.0,"turns":5.0},{"damage":17.0,"enemies":"The Guardian","floor":16.0,"turns":12.0},{"damage":33,"enemies":"2 Thieves","floor":18,"turns":4},{"damage":2,"enemies":"Shell Parasite","floor":20,"turns":4},{"damage":24,"enemies":"Snake Plant","floor":22,"turns":3}],"seed_played":"4283607057758973125","potions_obtained":[{"floor":3.0,"key":"Weak Potion"},{"floor":10.0,"key":"Block Potion"},{"floor":18,"key":"Weak Potion"}],"is_trial":false,"path_per_floor":["M","?","M","?","M","R","M","R","T","M","M","?","$","?","R","B",null,"M","?","M","?","M"],"character_chosen":"THE_SILENT","items_purchased":["Molten Egg 2","Accuracy"],"campfire_rested":0,"item_purchase_floors":[13,13],"current_hp_per_floor":[61,61,61,61,61,61,61,61,61,61,57,35,35,51,51,34,57,24,24,22,22,0],"gold":16,"neow_bonus":"HUNDRED_GOLD","is_prod":false,"is_daily":false,"chose_seed":false,"campfire_upgraded":2,"win_rate":0,"timestamp":1556639205,"path_taken":["M","?","M","?","M","R","M","R","T","?","?","?","$","?","R","BOSS","M","?","M","?","M"],"build_version":"2019-01-23","purchased_purges":0,"victory":false,"max_hp_per_floor":[70,65,65,65,65,65,65,65,65,65,65,65,65,65,65,65,65,65,65,65,65,65],"card_choices":[{"not_picked":["Prepared","Dodge and Roll"],"picked":"PiercingWail","floor":1.0},{"not_picked":["Dagger Spray","Choke"],"picked":"Deadly Poison","floor":3.0},{"not_picked":["Endless Agony","Accuracy"],"picked":"Deadly Poison","floor":5.0},{"not_picked":["Poisoned Stab","Finisher"],"picked":"Cloak And Dagger","floor":7.0},{"not_picked":["Backflip","Blade Dance"],"picked":"Escape Plan","floor":10.0},{"not_picked":["Prepared","Unload","Deadly Poison"],"picked":"SKIP","floor":11.0},{"not_picked":["Quick Slash","Underhanded Strike"],"picked":"Blade Dance","floor":12.0},{"not_picked":["Tools of the Trade","Corpse Explosion"],"picked":"A Thousand Cuts","floor":16.0},{"not_picked":["Blur","Escape Plan"],"picked":"Dagger Spray+1","floor":18},{"not_picked":["Flechettes+1","Backstab+1"],"picked":"Flying Knee+1","floor":20}],"player_experience":427549,"relics_obtained":[{"floor":9.0,"key":"Girya"},{"floor":12.0,"key":"Gambling Chip"}],"event_choices":[{"damage_healed":0.0,"max_hp_gain":0.0,"max_hp_loss":5.0,"gold_gain":0.0,"event_name":"Golden Idol","player_choice":"Lose Max HP","floor":2.0,"gold_loss":0.0,"damage_taken":0.0,"relics_obtained":["Golden Idol"]},{"cards_removed":["Strike_G"],"damage_healed":0.0,"max_hp_gain":0.0,"max_hp_loss":0.0,"gold_gain":0.0,"event_name":"Bonfire Elementals","player_choice":"Offered Basic","floor":4.0,"gold_loss":0.0,"damage_taken":0.0},{"damage_healed":0.0,"max_hp_gain":0.0,"max_hp_loss":0.0,"gold_gain":30.0,"event_name":"Dead Adventurer","player_choice":"Searched \u00273\u0027 times","floor":12.0,"gold_loss":0.0,"damage_taken":0.0},{"damage_healed":16.0,"max_hp_gain":0.0,"max_hp_loss":0.0,"gold_gain":0.0,"event_name":"Mushrooms","player_choice":"Healed and dodged fight","floor":14.0,"gold_loss":0.0,"damage_taken":0.0,"cards_obtained":["Parasite"]},{"damage_healed":0,"gold_gain":0,"player_choice":"Paid Fearfully","damage_taken":0,"max_hp_gain":0,"max_hp_loss":0,"event_name":"Masked Bandits","floor":19,"gold_loss":155},{"damage_healed":0,"gold_gain":0,"player_choice":"Opened","damage_taken":0,"relics_obtained":["Vajra"],"max_hp_gain":0,"max_hp_loss":0,"event_name":"The Mausoleum","floor":21,"gold_loss":0,"cards_obtained":["Writhe"]}],"is_beta":false,"boss_relics":[{"not_picked":["Calling Bell","Pandora\u0027s Box"],"picked":"Snecko Eye"}],"items_purged_floors":[],"is_endless":false,"potions_floor_spawned":[3,10,18],"killed_by":"Snake Plant","ascension_level":11}