{"gold_per_floor":[112,127,143,103,103,129,129,163,163,239,239,269,269,283,283,283],"floor_reached":16,"playtime":3833,"items_purged":[],"score":173,"play_id":"bb789312-ce42-4651-9e31-0d34ecc95b91","local_time":"20180829235028","is_ascension_mode":true,"campfire_choices":[{"floor":7,"key":"REST"},{"data":"Hyperbeam","floor":11,"key":"SMITH"},{"data":"Defragment","floor":13,"key":"SMITH"},{"data":"Go for the Eyes","floor":15,"key":"SMITH"}],"neow_cost":"NONE","seed_source_timestamp":125713609275799,"circlet_count":0,"master_deck":["Strike_B","Strike_B","Strike_B","Strike_B","Defend_B","Defend_B","Defend_B","Defend_B","Zap+1","Dualcast","AscendersBane","Sunder","Leap","Defragment+1","Barrage","Hyperbeam+1","Go for the Eyes+1"],"relics":["Cracked Core","Torii","Shuriken","Mummified Hand","Odd Mushroom"],"potions_floor_usage":[8,16,16],"damage_taken":[{"damage":0,"enemies":"2 Louse","floor":1,"turns":1},{"damage":4,"enemies":"Jaw Worm","floor":2,"turns":3},{"damage":1,"enemies":"Cultist","floor":3,"turns":3},{"damage":26,"enemies":"3 Sentries","floor":6,"turns":8},{"damage":2,"enemies":"Lagavulin","floor":8,"turns":6},{"damage":0,"floor":12,"turns":3},{"damage":6,"enemies":"Looter","floor":14,"turns":3},{"damage":49,"enemies":"Hexaghost","floor":16,"turns":10}],"seed_played":"2583849926810787489","potions_obtained":[{"floor":2,"key":"Poison Potion"},{"floor":6,"key":"Swift Potion"},{"floor":14,"key":"AttackPotion"}],"is_trial":false,"path_per_floor":["M","M","M","$","?","E","R","E","T","?","R","?","R","M","R"],"character_chosen":"DEFECT","items_purchased":["Defragment"],"campfire_rested":1,"item_purchase_floors":[4],"current_hp_per_floor":[68,64,63,63,60,34,56,54,54,54,54,54,54,48,48,0],"gold":283,"neow_bonus":"UPGRADE_CARD","is_prod":false,"is_daily":false,"chose_seed":false,"campfire_upgraded":3,"win_rate":0,"timestamp":1535597428,"path_taken":["M","M","M","$","?","E","R","E","T","?","R","?","R","M","R","BOSS"],"build_version":"2018-07-12","purchased_purges":0,"victory":false,"max_hp_per_floor":[75,75,75,75,75,75,75,75,75,75,75,75,75,75,75,75],"card_choices":[{"not_picked":["Coolheaded","Streamline"],"picked":"Sunder","floor":1},{"not_picked":["Beam Cell","Double Energy"],"picked":"Leap","floor":2},{"not_picked":["Gash","Steam Power","Steam"],"picked":"SKIP","floor":3},{"not_picked":["Self Repair","Scrape"],"picked":"Barrage","floor":6},{"not_picked":["Rebound","Beam Cell"],"picked":"Hyperbeam","floor":8},{"not_picked":["Stack","Coolheaded"],"picked":"Go for the Eyes","floor":12},{"not_picked":["Barrage","Thunder Strike","Turbo"],"picked":"SKIP","floor":14}],"player_experience":745117,"relics_obtained":[{"floor":6,"key":"Torii"},{"floor":8,"key":"Shuriken"},{"floor":9,"key":"Mummified Hand"},{"floor":12,"key":"Odd Mushroom"}],"event_choices":[{"event_name":"Scrap Ooze","player_choice":"unsuccessful","floor":5,"damage_taken":3},{"event_name":"Golden Wing","player_choice":"Gained Gold","floor":10,"damage_taken":0},{"event_name":"Mushrooms","player_choice":"Fought Mushrooms","floor":12,"damage_taken":0}],"boss_relics":[],"items_purged_floors":[],"is_endless":false,"potions_floor_spawned":[2,6,14],"killed_by":"Hexaghost","ascension_level":12}