{"gold_per_floor":[115,134,145,164,175,175,275,275,301,330,330,255,255,270,270,373,373,391,410,410,410,32,32,42,42,67,67,99,99,31,43,43,43],"floor_reached":33,"playtime":1050,"items_purged":["Strike_B"],"score":398,"play_id":"5de06b93-f295-4860-a5e8-c481ed9f5ef6","local_time":"20180807223746","is_ascension_mode":true,"campfire_choices":[{"data":"Zap","floor":6,"key":"SMITH"},{"data":"Fission","floor":8,"key":"SMITH"},{"floor":11,"key":"REST"},{"data":"Dualcast","floor":15,"key":"SMITH"},{"floor":23,"key":"REST"},{"floor":25,"key":"REST"},{"floor":27,"key":"REST"},{"floor":29,"key":"REST"},{"floor":32,"key":"REST"}],"neow_cost":"TEN_PERCENT_HP_LOSS","seed_source_timestamp":21183804918157,"circlet_count":0,"master_deck":["Strike_B","Strike_B","Defend_B","Defend_B","Defend_B","Defend_B","Zap+1","Dualcast+1","AscendersBane","Conserve Battery","Fission+1","Sweeping Beam","Cold Snap","Darkness","Barrage","Echo Form+1","Ball Lightning","Capacitor+1","Injury","Turbo","Thunder Strike","Stack+1","Consume","Auto Shields","Consume"],"relics":["Cracked Core","Incense Burner","Bag of Marbles","Regal Pillow","Fusion Hammer","Potion Belt","Toy Ornithopter","Pen Nib","Dream Catcher"],"potions_floor_usage":[14,16,16,24,28],"damage_taken":[{"damage":7,"enemies":"Jaw Worm","floor":1,"turns":3},{"damage":0,"enemies":"Cultist","floor":2,"turns":3},{"damage":7,"enemies":"Small Slimes","floor":3,"turns":3},{"damage":6,"enemies":"2 Fungi Beasts","floor":4,"turns":3},{"damage":0,"enemies":"Large Slime","floor":5,"turns":7},{"damage":26,"enemies":"Lagavulin","floor":10,"turns":8},{"damage":15,"enemies":"Gremlin Gang","floor":14,"turns":3},{"damage":5,"enemies":"The Guardian","floor":16,"turns":10},{"damage":31,"enemies":"Shell Parasite","floor":18,"turns":7},{"damage":7,"enemies":"Chosen","floor":19,"turns":6},{"damage":43,"enemies":"Sentry and Sphere","floor":24,"turns":6},{"damage":62,"enemies":"Book of Stabbing","floor":28,"turns":6},{"damage":26,"enemies":"Centurion and Healer","floor":31,"turns":8},{"damage":98,"enemies":"Automaton","floor":33,"turns":6}],"seed_played":"-4341980126817877520","potions_obtained":[{"floor":4,"key":"LiquidBronze"},{"floor":5,"key":"Weak Potion"},{"floor":10,"key":"Explosive Potion"},{"floor":14,"key":"Poison Potion"},{"floor":16,"key":"Fire Potion"},{"floor":28,"key":"SpeedPotion"}],"is_trial":false,"path_per_floor":["M","M","M","M","M","R","?","R","T","E","R","$","?","M","R","B",null,"M","M","?","?","$","R","M","R","T","R","E","R","$","M","R"],"character_chosen":"DEFECT","items_purchased":["Potion Belt","Toy Ornithopter","Turbo","Consume"],"campfire_rested":6,"item_purchase_floors":[22,22,22,30],"current_hp_per_floor":[61,61,54,48,48,48,48,48,48,22,57,57,50,35,35,30,59,28,21,21,21,21,56,16,51,51,68,6,41,41,15,50,0],"gold":43,"neow_bonus":"ONE_RARE_RELIC","is_prod":false,"is_daily":false,"chose_seed":false,"campfire_upgraded":3,"win_rate":0,"timestamp":1533692266,"path_taken":["M","M","M","M","M","R","?","R","T","E","R","$","?","M","R","BOSS","M","M","?","?","$","R","M","R","T","R","E","R","?","M","R","BOSS"],"build_version":"2018-07-12","purchased_purges":1,"victory":false,"max_hp_per_floor":[68,68,68,68,68,68,68,68,68,68,68,68,68,68,68,68,68,68,68,68,68,68,68,68,68,68,68,68,68,68,68,68,68],"card_choices":[{"not_picked":["Redo","Beam Cell"],"picked":"Conserve Battery","floor":1},{"not_picked":["Hologram","Compile Driver"],"picked":"Fission","floor":2},{"not_picked":["Steam","Static Discharge"],"picked":"Sweeping Beam","floor":3},{"not_picked":["White Noise","Sweeping Beam"],"picked":"Cold Snap","floor":4},{"not_picked":["Hologram","Coolheaded","Darkness"],"picked":"SKIP","floor":5},{"not_picked":["Hologram","Coolheaded"],"picked":"Darkness","floor":5},{"not_picked":["Barrage","Melter","Darkness"],"picked":"SKIP","floor":10},{"not_picked":["Melter","Darkness"],"picked":"Barrage","floor":10},{"not_picked":["Turbo","Storm","Gash"],"picked":"SKIP","floor":14},{"not_picked":["Amplify","Reboot"],"picked":"Echo Form","floor":16},{"not_picked":["Melter+1","Rip and Tear"],"picked":"Ball Lightning","floor":18},{"not_picked":["Steam Power","Gash"],"picked":"Capacitor+1","floor":19},{"not_picked":["Beam Cell","Rebound","Barrage+1"],"picked":"SKIP","floor":24},{"not_picked":["Static Discharge","Rebound"],"picked":"Thunder Strike","floor":28},{"not_picked":["Darkness","Sweeping Beam"],"picked":"Stack+1","floor":29},{"not_picked":["Cold Snap","Rebound"],"picked":"Auto Shields","floor":31},{"not_picked":["Cold Snap","Sweeping Beam"],"picked":"Consume","floor":32}],"player_experience":489324,"relics_obtained":[{"floor":9,"key":"Bag of Marbles"},{"floor":10,"key":"Regal Pillow"},{"floor":26,"key":"Pen Nib"},{"floor":28,"key":"Dream Catcher"}],"event_choices":[{"event_name":"Golden Shrine","player_choice":"Pray","floor":7,"damage_taken":0},{"event_name":"Golden Wing","player_choice":"Card Removal","floor":13,"damage_taken":0},{"event_name":"Accursed Blacksmith","player_choice":"Forge","floor":20,"damage_taken":0},{"event_name":"Vampires","player_choice":"Ignored","floor":21,"damage_taken":0}],"boss_relics":[{"not_picked":["Black Star","Orrery"],"picked":"Fusion Hammer"}],"items_purged_floors":[12],"is_endless":false,"potions_floor_spawned":[4,5,10,14,16,28],"killed_by":"Automaton","ascension_level":10}