{"gold_per_floor":[117,127,202,213,232,260,260,260,290,53,71,246,246,272,272,367,367,383,383,398,417,85,85,110,110,110,135,135,135,135],"floor_reached":30,"playtime":3045,"items_purged":["Strike_G"],"score":315,"play_id":"f988075b-f2d0-44a7-821d-4594a506b8eb","local_time":"20190502012321","is_ascension_mode":true,"campfire_choices":[{"floor":7.0,"key":"REST"},{"floor":13.0,"key":"RECALL"},{"floor":15.0,"key":"REST"},{"floor":23,"key":"REST"},{"floor":25,"key":"REST"}],"neow_cost":"TEN_PERCENT_HP_LOSS","seed_source_timestamp":0,"circlet_count":0,"master_deck":["Defend_G","Defend_G","Defend_G","Defend_G","Survivor","Neutralize","Predator","Dash","Dagger Spray","Escape Plan","Outmaneuver","Flying Knee","Infinite Blades","The Bomb+1","Dodge and Roll","Doubt","Deadly Poison","Deadly Poison","Unload","Backstab+1","PiercingWail+1","Catalyst+1","Poisoned Stab","Dagger Throw+1","Corpse Explosion","Acrobatics+1","Calculated Gamble","Bite","Bite","Bite","Bite","Bite"],"special_seed":0,"relics":["Ring of the Snake","Dream Catcher","Tiny Chest","Bottled Tornado","Eternal Feather","Calipers","Centennial Puzzle","Mango","Paper Crane"],"potions_floor_usage":[20,24,24],"damage_taken":[{"damage":0.0,"enemies":"Jaw Worm","floor":1.0,"turns":3.0},{"damage":0.0,"enemies":"Cultist","floor":2.0,"turns":3.0},{"damage":0.0,"enemies":"Small Slimes","floor":4.0,"turns":3.0},{"damage":2.0,"enemies":"2 Fungi Beasts","floor":5.0,"turns":3.0},{"damage":28.0,"enemies":"Lagavulin","floor":6.0,"turns":7.0},{"damage":0.0,"enemies":"Gremlin Gang","floor":11.0,"turns":3.0},{"damage":14.0,"enemies":"3 Sentries","floor":14.0,"turns":4.0},{"damage":1.0,"enemies":"Slime Boss","floor":16.0,"turns":7.0},{"damage":16.0,"enemies":"Chosen","floor":18.0,"turns":5.0},{"damage":10,"enemies":"3 Byrds","floor":20,"turns":6},{"damage":33,"enemies":"Shelled Parasite and Fungi","floor":21,"turns":6},{"damage":32,"enemies":"Gremlin Leader","floor":24,"turns":7},{"damage":37,"enemies":"Book of Stabbing","floor":27,"turns":6},{"damage":2,"enemies":"Snake Plant","floor":30,"turns":1}],"seed_played":"-9079580426898012711","potions_obtained":[{"floor":1.0,"key":"FearPotion"},{"floor":5.0,"key":"Swift Potion"},{"floor":6.0,"key":"Poison Potion"},{"floor":14.0,"key":"GhostInAJar"},{"floor":16.0,"key":"Block Potion"},{"floor":18,"key":"EssenceOfSteel"},{"floor":21,"key":"Block Potion"}],"is_trial":false,"path_per_floor":["M","M","?","M","M","E","R","T","T","$","M","?","R","E","R","B",null,"M","?","M","M","$","R","E","R","T","E","?","?","M"],"character_chosen":"THE_SILENT","items_purchased":["The Bomb","Calipers","Poisoned Stab"],"campfire_rested":4,"item_purchase_floors":[10,22,22],"current_hp_per_floor":[63,63,57,57,55,27,45,45,45,45,45,45,45,31,49,48,63,47,47,37,4,4,37,5,38,52,15,1,1,0],"gold":135,"neow_bonus":"TRANSFORM_TWO_CARDS","is_prod":false,"is_daily":false,"chose_seed":false,"campfire_upgraded":0,"win_rate":0,"timestamp":1556774601,"path_taken":["M","M","?","M","?","E","R","?","T","?","M","?","R","E","R","BOSS","M","?","?","M","$","R","E","R","T","E","?","?","M"],"build_version":"2019-01-23","purchased_purges":1,"victory":false,"max_hp_per_floor":[63,63,63,63,63,63,63,63,63,63,63,63,63,63,63,63,63,63,63,63,63,63,63,63,63,77,77,82,57,57],"card_choices":[{"not_picked":["Eviscerate","Cloak And Dagger"],"picked":"Dagger Spray","floor":1.0},{"not_picked":["Dagger Throw","Leg Sweep"],"picked":"Escape Plan","floor":2.0},{"not_picked":["Reflex","Heel Hook"],"picked":"Outmaneuver","floor":4.0},{"not_picked":["Underhanded Strike","Distraction"],"picked":"Flying Knee","floor":5.0},{"not_picked":["Acrobatics","Choke","Riddle With Holes"],"picked":"SKIP","floor":6.0},{"not_picked":["Backflip","Skewer"],"picked":"Infinite Blades","floor":7.0},{"not_picked":["Bane","Slice"],"picked":"Dodge and Roll","floor":11.0},{"not_picked":["Predator","Acrobatics"],"picked":"Deadly Poison","floor":14.0},{"not_picked":["Prepared","Riddle With Holes"],"picked":"Deadly Poison","floor":15.0},{"not_picked":["Glass Knife","After Image"],"picked":"Unload","floor":16.0},{"not_picked":["All Out Attack","Well Laid Plans"],"picked":"Backstab+1","floor":18},{"not_picked":["Leg Sweep","Backflip"],"picked":"PiercingWail+1","floor":20},{"not_picked":["Heel Hook","Flying Knee+1"],"picked":"Catalyst+1","floor":21},{"not_picked":["All Out Attack+1","Underhanded Strike"],"picked":"Dagger Throw+1","floor":23},{"not_picked":["Tactician","Reflex+1"],"picked":"Corpse Explosion","floor":24},{"not_picked":["Underhanded Strike","Noxious Fumes"],"picked":"Acrobatics+1","floor":25},{"not_picked":["Tactician","Flying Knee"],"picked":"Calculated Gamble","floor":27}],"player_experience":61784,"relics_obtained":[{"floor":6.0,"key":"Dream Catcher"},{"floor":9.0,"key":"Tiny Chest"},{"floor":14.0,"key":"Bottled Tornado"},{"floor":24,"key":"Centennial Puzzle"},{"floor":26,"key":"Mango"},{"floor":27,"key":"Paper Crane"}],"event_choices":[{"damage_healed":0.0,"max_hp_gain":0.0,"max_hp_loss":0.0,"gold_gain":75.0,"event_name":"FaceTrader","player_choice":"Touch","floor":3.0,"gold_loss":0.0,"damage_taken":6.0},{"damage_healed":0.0,"max_hp_gain":0.0,"max_hp_loss":0.0,"gold_gain":175.0,"event_name":"Liars Game","player_choice":"AGREE","floor":12.0,"gold_loss":0.0,"damage_taken":0.0,"cards_obtained":["Doubt"]},{"damage_healed":0,"gold_gain":0,"player_choice":"Upgraded","damage_taken":0,"max_hp_gain":0,"max_hp_loss":0,"event_name":"Upgrade Shrine","floor":19,"gold_loss":0,"cards_upgraded":["The Bomb"]},{"damage_healed":0,"gold_gain":0,"player_choice":"Shed Blood","damage_taken":19,"max_hp_gain":5,"max_hp_loss":0,"event_name":"Forgotten Altar","floor":28,"gold_loss":0},{"damage_healed":0,"gold_gain":0,"player_choice":"Became a vampire","damage_taken":0,"max_hp_gain":0,"max_hp_loss":25,"event_name":"Vampires","floor":29,"gold_loss":0,"cards_obtained":["Bite","Bite","Bite","Bite","Bite"]}],"is_beta":false,"boss_relics":[{"not_picked":["White Beast Statue","Sozu"],"picked":"Eternal Feather"}],"items_purged_floors":[10],"is_endless":false,"potions_floor_spawned":[1,5,6,14,16,18,21],"killed_by":"Snake Plant","ascension_level":1}