{"gold_per_floor":[213,288,12,23,23,23,52,70,70,70,94,113,113,138,138,138],"floor_reached":16,"playtime":628,"items_purged":["Strike_R"],"score":196,"play_id":"76236860-fdf3-44ef-b9d3-e2c762ed431e","local_time":"20190307195808","is_ascension_mode":true,"campfire_choices":[{"data":"Armaments","floor":6.0,"key":"SMITH"},{"data":"Chrysalis","floor":10,"key":"SMITH"},{"data":"Havoc","floor":13,"key":"SMITH"},{"data":"Shockwave","floor":15,"key":"SMITH"}],"neow_cost":"NONE","seed_source_timestamp":550522436243980,"circlet_count":0,"master_deck":["AscendersBane","Strike_R","Strike_R","Strike_R","Strike_R","Defend_R","Defend_R","Defend_R","Defend_R","Bash","Havoc+1","Chrysalis+1","Armaments+1","Metallicize","Sword Boomerang","Shockwave+1"],"special_seed":0,"relics":["Burning Blood","Odd Mushroom","Gremlin Horn","Juzu Bracelet","Anchor"],"potions_floor_usage":[14],"damage_taken":[{"damage":8.0,"enemies":"Cultist","floor":1.0,"turns":5.0},{"damage":18.0,"enemies":"Jaw Worm","floor":4.0,"turns":7.0},{"damage":21.0,"enemies":"The Mushroom Lair","floor":7.0,"turns":5.0},{"damage":9,"enemies":"2 Louse","floor":8,"turns":3},{"damage":1,"enemies":"Looter","floor":12,"turns":5},{"damage":22,"enemies":"3 Sentries","floor":14,"turns":11},{"damage":15,"enemies":"Hexaghost","floor":16,"turns":9}],"seed_played":"-2420401254572477542","potions_obtained":[{"floor":8,"key":"Explosive Potion"},{"floor":12,"key":"SpeedPotion"}],"is_trial":false,"path_per_floor":["M","?","$","M","?","R","?","M","T","R","T","M","R","E","R","B"],"character_chosen":"IRONCLAD","items_purchased":["Chrysalis"],"campfire_rested":0,"item_purchase_floors":[3],"current_hp_per_floor":[66,55,55,43,43,43,28,25,25,25,25,30,30,14,14,0],"gold":138,"neow_bonus":"HUNDRED_GOLD","is_prod":false,"is_daily":false,"chose_seed":false,"campfire_upgraded":4,"win_rate":0,"timestamp":1551959888,"path_taken":["M","?","$","M","?","R","?","M","T","R","?","M","R","E","R","BOSS"],"build_version":"2019-01-23","purchased_purges":1,"victory":false,"max_hp_per_floor":[75,75,75,75,75,75,75,75,75,75,75,75,75,75,75,75],"card_choices":[{"not_picked":["Thunderclap","Headbutt"],"picked":"Havoc","floor":1.0},{"not_picked":["Sword Boomerang","Reckless Charge"],"picked":"Armaments","floor":4.0},{"not_picked":["Heavy Blade","Blood for Blood"],"picked":"Metallicize","floor":7.0},{"not_picked":["Clothesline","Anger","Blood for Blood"],"picked":"SKIP","floor":8},{"not_picked":["Havoc","Sword Boomerang","Iron Wave"],"picked":"SKIP","floor":12},{"not_picked":["Havoc","Iron Wave"],"picked":"Sword Boomerang","floor":12},{"not_picked":["Intimidate","True Grit"],"picked":"Shockwave","floor":14}],"player_experience":1180456,"relics_obtained":[{"floor":7.0,"key":"Odd Mushroom"},{"floor":9,"key":"Gremlin Horn"},{"floor":11,"key":"Juzu Bracelet"},{"floor":14,"key":"Anchor"}],"event_choices":[{"damage_healed":0.0,"max_hp_gain":0.0,"max_hp_loss":0.0,"gold_gain":75.0,"event_name":"World of Goop","player_choice":"Gather Gold","floor":2.0,"gold_loss":0.0,"damage_taken":11.0},{"damage_healed":0.0,"max_hp_gain":0.0,"max_hp_loss":0.0,"gold_gain":0.0,"event_name":"The Cleric","player_choice":"Leave","floor":5.0,"gold_loss":0.0,"damage_taken":0.0},{"damage_healed":0.0,"max_hp_gain":0.0,"max_hp_loss":0.0,"gold_gain":0.0,"event_name":"Mushrooms","player_choice":"Fought Mushrooms","floor":7.0,"gold_loss":0.0,"damage_taken":0.0}],"is_beta":false,"boss_relics":[],"items_purged_floors":[3],"is_endless":false,"potions_floor_spawned":[8,12],"killed_by":"Hexaghost","ascension_level":20}