{"gold_per_floor":[109,109,109,123,141,169,186,186,261,261,292,305,40,53,53,132,132,145,70,84,28,43,43,63,95,95,95,130,80,95,11,11,11],"floor_reached":33,"playtime":1138,"items_purged":["Strike_G"],"score":644,"play_id":"777f97f2-45b5-4b91-855c-335ffc2edbf6","local_time":"20190515013047","is_ascension_mode":true,"campfire_choices":[{"floor":8.0,"key":"REST"},{"data":"Skewer","floor":10.0,"key":"SMITH"},{"floor":15.0,"key":"REST"},{"floor":23.0,"key":"REST"},{"floor":27,"key":"REST"},{"data":"Footwork","floor":32,"key":"SMITH"}],"neow_cost":"NONE","seed_source_timestamp":220463576026437,"circlet_count":0,"master_deck":["AscendersBane","Defend_G","Defend_G","Defend_G","Defend_G","Defend_G","Strike_G","Strike_G","Survivor","Neutralize","Skewer+1","Poisoned Stab","Terror","Blur","Cloak And Dagger","Crippling Poison","Apotheosis","PiercingWail","Corpse Explosion","Dagger Spray+1","Accuracy","Catalyst","Deadly Poison","Backflip","PiercingWail","Bullet Time","Predator+1","Footwork+1"],"special_seed":0,"relics":["Ring of the Snake","NeowsBlessing","Torii","Vajra","Molten Egg 2","Ice Cream","Snecko Eye","Pen Nib","Mercury Hourglass","Mummified Hand"],"potions_floor_usage":[28],"damage_taken":[{"damage":0.0,"enemies":"Jaw Worm","floor":1.0,"turns":1.0},{"damage":0.0,"enemies":"2 Louse","floor":4.0,"turns":1.0},{"damage":0.0,"enemies":"Small Slimes","floor":5.0,"turns":1.0},{"damage":17.0,"enemies":"Lagavulin","floor":6.0,"turns":8.0},{"damage":9.0,"enemies":"Red Slaver","floor":7.0,"turns":6.0},{"damage":15.0,"enemies":"3 Sentries","floor":11.0,"turns":13.0},{"damage":10.0,"enemies":"Gremlin Gang","floor":12.0,"turns":4.0},{"damage":0.0,"enemies":"Exordium Thugs","floor":14.0,"turns":5.0},{"damage":12.0,"enemies":"Slime Boss","floor":16.0,"turns":7.0},{"damage":3.0,"enemies":"Shell Parasite","floor":18.0,"turns":5.0},{"damage":14.0,"enemies":"Spheric Guardian","floor":20.0,"turns":6.0},{"damage":9.0,"enemies":"3 Cultists","floor":22.0,"turns":5.0},{"damage":0.0,"enemies":"Cultist and Chosen","floor":24.0,"turns":3.0},{"damage":25.0,"enemies":"Slavers","floor":25.0,"turns":4.0},{"damage":12,"enemies":"Book of Stabbing","floor":28,"turns":5},{"damage":0,"enemies":"Snake Plant","floor":30,"turns":5},{"damage":35,"enemies":"Automaton","floor":33,"turns":8}],"seed_played":"-5796417636308969562","potions_obtained":[{"floor":1.0,"key":"PowerPotion"},{"floor":5.0,"key":"EntropicBrew"},{"floor":11.0,"key":"Weak Potion"},{"floor":14.0,"key":"Regen Potion"},{"floor":20.0,"key":"GamblersBrew"}],"is_trial":false,"path_per_floor":["M","?","?","M","M","E","M","R","T","R","E","M","$","M","R","B",null,"M","?","M","$","M","R","M","E","T","R","E","?","M","$","R","B"],"character_chosen":"THE_SILENT","items_purchased":["Apotheosis","Energy Potion","Footwork"],"campfire_rested":4,"item_purchase_floors":[13,21,31],"current_hp_per_floor":[59,48,48,48,48,31,22,41,41,41,26,16,16,16,35,38,59,56,56,42,42,33,52,52,27,27,46,34,34,34,34,34,0],"gold":11,"neow_bonus":"THREE_ENEMY_KILL","is_prod":false,"is_daily":false,"chose_seed":false,"campfire_upgraded":2,"win_rate":0,"timestamp":1557894647,"path_taken":["M","?","?","M","M","E","M","R","T","R","E","M","$","M","R","BOSS","M","?","M","$","M","R","M","E","T","R","E","?","M","$","R","BOSS"],"build_version":"2019-01-23","purchased_purges":1,"victory":false,"max_hp_per_floor":[66,66,66,66,66,66,66,66,66,66,66,66,66,66,66,66,66,66,66,66,66,66,66,66,66,66,66,66,66,66,66,66,66],"card_choices":[{"not_picked":["Expertise","Acrobatics"],"picked":"Skewer","floor":1.0},{"not_picked":["Outmaneuver","Expertise"],"picked":"Poisoned Stab","floor":4.0},{"not_picked":["Riddle With Holes","Dagger Throw"],"picked":"Terror","floor":5.0},{"not_picked":["Heel Hook","Quick Slash"],"picked":"Blur","floor":6.0},{"not_picked":["Sucker Punch","Skewer"],"picked":"Cloak And Dagger","floor":7.0},{"not_picked":["Caltrops","Outmaneuver","Blur"],"picked":"SKIP","floor":11.0},{"not_picked":["Flying Knee+1","Backflip"],"picked":"Crippling Poison","floor":12.0},{"not_picked":["Underhanded Strike+1","Bane+1"],"picked":"PiercingWail","floor":14.0},{"not_picked":["Glass Knife+1","Tools of the Trade"],"picked":"Corpse Explosion","floor":16.0},{"not_picked":["Bane+1","Sucker Punch+1"],"picked":"Dagger Spray+1","floor":18.0},{"not_picked":["Sucker Punch+1","Outmaneuver"],"picked":"Deadly Poison","floor":20.0},{"not_picked":["Poisoned Stab+1","Reflex"],"picked":"Backflip","floor":22.0},{"not_picked":["Blur","Heel Hook+1"],"picked":"PiercingWail","floor":24.0},{"not_picked":["Well Laid Plans","Crippling Poison"],"picked":"Bullet Time","floor":25},{"not_picked":["Prepared","Escape Plan","Caltrops"],"picked":"SKIP","floor":28},{"not_picked":["Backflip","Bouncing Flask"],"picked":"Predator+1","floor":30}],"player_experience":2324800,"relics_obtained":[{"floor":6.0,"key":"Vajra"},{"floor":9.0,"key":"Molten Egg 2"},{"floor":11.0,"key":"Ice Cream"},{"floor":25,"key":"Pen Nib"},{"floor":26,"key":"Mercury Hourglass"},{"floor":28,"key":"Mummified Hand"}],"event_choices":[{"damage_healed":0.0,"max_hp_gain":0.0,"max_hp_loss":0.0,"gold_gain":0.0,"event_name":"Scrap Ooze","player_choice":"Success","floor":2.0,"gold_loss":0.0,"damage_taken":11.0,"relics_obtained":["Torii"]},{"damage_healed":0.0,"max_hp_gain":0.0,"max_hp_loss":0.0,"gold_gain":0.0,"event_name":"Liars Game","player_choice":"Ignored","floor":3.0,"gold_loss":0.0,"damage_taken":0.0},{"damage_healed":0.0,"max_hp_gain":0.0,"max_hp_loss":0.0,"gold_gain":0.0,"cards_transformed":["Strike_G","Strike_G"],"event_name":"Designer","player_choice":"Transformed Cards","floor":19.0,"gold_loss":75.0,"damage_taken":0.0,"cards_obtained":["Accuracy","Catalyst"]},{"damage_healed":0,"gold_gain":0,"player_choice":"Bet on Murderer","damage_taken":0,"max_hp_gain":0,"max_hp_loss":0,"event_name":"The Joust","floor":29,"gold_loss":50}],"is_beta":false,"boss_relics":[{"not_picked":["Coffee Dripper","Eternal Feather"],"picked":"Snecko Eye"}],"items_purged_floors":[13],"is_endless":false,"potions_floor_spawned":[1,5,11,14,20,24],"killed_by":"Automaton","ascension_level":20}