{"gold_per_floor":[112,127,142,217,217,217,244,244,244,255,283,283,283],"floor_reached":13,"playtime":538,"items_purged":[],"score":186,"play_id":"402cbf17-166b-4d1a-8b12-83d8e53770ab","local_time":"20190507232505","is_ascension_mode":true,"campfire_choices":[{"data":"Clothesline","floor":6,"key":"SMITH"},{"data":"Bash","floor":8,"key":"SMITH"}],"neow_cost":"TEN_PERCENT_HP_LOSS","seed_source_timestamp":204667343030340,"circlet_count":0,"master_deck":["AscendersBane","Strike_R","Strike_R","Strike_R","Defend_R","Defend_R","Defend_R","Defend_R","Bash+1","Clothesline+1","Thunderclap","Anger","Armaments","Shrug It Off","Decay"],"relics":["Burning Blood","Blue Candle","Letter Opener","Sundial"],"potions_floor_usage":[7,11,13],"damage_taken":[{"damage":1,"enemies":"2 Louse","floor":1,"turns":5},{"damage":2,"enemies":"Cultist","floor":2,"turns":4},{"damage":4,"enemies":"Small Slimes","floor":3,"turns":3},{"damage":6,"enemies":"Gremlin Nob","floor":7,"turns":3},{"damage":4,"enemies":"Looter","floor":10,"turns":3},{"damage":40,"enemies":"3 Sentries","floor":11,"turns":11},{"damage":32,"enemies":"Lagavulin","floor":13,"turns":6}],"seed_played":"-4017809992759361557","potions_obtained":[{"floor":1,"key":"AttackPotion"},{"floor":3,"key":"Swift Potion"},{"floor":7,"key":"SpeedPotion"}],"is_trial":false,"path_per_floor":["M","M","M","?","?","R","E","R","T","M","E","?","E"],"character_chosen":"IRONCLAD","items_purchased":[],"campfire_rested":0,"item_purchase_floors":[],"current_hp_per_floor":[68,68,68,57,62,62,62,62,62,64,30,30,0],"gold":283,"neow_bonus":"REMOVE_TWO","is_prod":false,"is_daily":false,"chose_seed":false,"campfire_upgraded":2,"win_rate":0,"timestamp":1557282305,"path_taken":["M","M","M","?","?","R","E","R","T","M","E","?","E"],"build_version":"2019-01-23","purchased_purges":0,"victory":false,"max_hp_per_floor":[68,68,68,68,73,73,73,73,73,73,73,73,73],"card_choices":[{"not_picked":["Rage","Perfected Strike"],"picked":"Clothesline","floor":1},{"not_picked":["Dual Wield","Headbutt"],"picked":"Thunderclap","floor":2},{"not_picked":["Clothesline","Pommel Strike","Sword Boomerang"],"picked":"SKIP","floor":3},{"not_picked":["Headbutt","Evolve"],"picked":"Anger","floor":7},{"not_picked":["Burning Pact","Wild Strike"],"picked":"Armaments","floor":10},{"not_picked":["Offering","Iron Wave"],"picked":"Shrug It Off","floor":11}],"player_experience":2285882,"relics_obtained":[{"floor":7,"key":"Blue Candle"},{"floor":9,"key":"Letter Opener"},{"floor":11,"key":"Sundial"}],"event_choices":[{"damage_healed":0,"gold_gain":75,"player_choice":"Gather Gold","damage_taken":11,"max_hp_gain":0,"max_hp_loss":0,"event_name":"World of Goop","floor":4,"gold_loss":0},{"damage_healed":0,"gold_gain":0,"player_choice":"Donut","damage_taken":0,"max_hp_gain":5,"max_hp_loss":0,"event_name":"Big Fish","floor":5,"gold_loss":0},{"damage_healed":0,"gold_gain":0,"player_choice":"Cursed","damage_taken":0,"max_hp_gain":0,"max_hp_loss":0,"event_name":"Wheel of Change","floor":12,"gold_loss":0,"cards_obtained":["Decay"]}],"is_beta":false,"boss_relics":[],"items_purged_floors":[],"is_endless":false,"potions_floor_spawned":[1,3,7],"killed_by":"Lagavulin","ascension_level":20}