{"gold_per_floor":[112,128,78,1,1,28,28,47,47,73,73,89,89],"floor_reached":13,"playtime":365,"items_purged":[],"score":177,"play_id":"3752439c-7cd9-4d90-b8ce-c47c683fad45","local_time":"20190514184113","is_ascension_mode":true,"campfire_choices":[{"data":"Fire Breathing","floor":7.0,"key":"SMITH"}],"neow_cost":"NONE","seed_source_timestamp":1413408646776611,"circlet_count":0,"master_deck":["AscendersBane","Strike_R+1","Strike_R","Strike_R","Strike_R","Strike_R","Defend_R","Defend_R","Defend_R+1","Bash","Fire Breathing+1","Shockwave","Exhume","Reaper","Burning Pact","Sword Boomerang","Headbutt"],"special_seed":0,"relics":["Burning Blood","NeowsBlessing","Calipers","Blue Candle","Centennial Puzzle","GremlinMask"],"potions_floor_usage":[10,13,13],"damage_taken":[{"damage":0.0,"enemies":"Cultist","floor":1.0,"turns":1.0},{"damage":0.0,"enemies":"Small Slimes","floor":2.0,"turns":1.0},{"damage":0.0,"enemies":"Lagavulin","floor":6.0,"turns":1.0},{"damage":2.0,"enemies":"2 Louse","floor":8.0,"turns":2.0},{"damage":60,"enemies":"3 Sentries","floor":10,"turns":10},{"damage":35,"enemies":"Large Slime","floor":12,"turns":7},{"damage":25,"enemies":"Gremlin Nob","floor":13,"turns":3}],"seed_played":"1578594270405582710","potions_obtained":[{"floor":1.0,"key":"PowerPotion"},{"floor":6.0,"key":"LiquidBronze"},{"floor":10,"key":"Poison Potion"}],"is_trial":false,"path_per_floor":["M","M","?","$","?","E","R","M","T","E","?","M","E"],"character_chosen":"IRONCLAD","items_purchased":["Exhume"],"campfire_rested":0,"item_purchase_floors":[4],"current_hp_per_floor":[78,80,80,80,64,70,70,80,80,40,40,17,0],"gold":89,"neow_bonus":"THREE_ENEMY_KILL","is_prod":false,"is_daily":false,"chose_seed":false,"campfire_upgraded":1,"win_rate":0,"timestamp":1557873673,"path_taken":["M","?","?","$","?","E","R","M","T","E","?","M","E"],"build_version":"2019-01-23","purchased_purges":0,"victory":false,"max_hp_per_floor":[80,80,80,80,80,80,80,80,80,80,80,80,80],"card_choices":[{"not_picked":["Corruption","Wild Strike"],"picked":"Fire Breathing","floor":1.0},{"not_picked":["Flex","Clash"],"picked":"Shockwave","floor":2.0},{"not_picked":["Thunderclap","Blood for Blood"],"picked":"Reaper","floor":6.0},{"not_picked":["Warcry","Twin Strike"],"picked":"Burning Pact","floor":8.0},{"not_picked":["Barricade","Flex"],"picked":"Sword Boomerang","floor":10},{"not_picked":["Clothesline","Body Slam"],"picked":"Headbutt","floor":12}],"player_experience":245295,"relics_obtained":[{"floor":6.0,"key":"Calipers"},{"floor":9.0,"key":"Blue Candle"},{"floor":10,"key":"Centennial Puzzle"}],"event_choices":[{"cards_removed":["Defend_R"],"damage_healed":0.0,"max_hp_gain":0.0,"max_hp_loss":0.0,"gold_gain":0.0,"event_name":"The Cleric","player_choice":"Card Removal","floor":3.0,"gold_loss":50.0,"damage_taken":0.0},{"damage_healed":0.0,"max_hp_gain":0.0,"max_hp_loss":0.0,"gold_gain":0.0,"event_name":"Shining Light","player_choice":"Entered Light","floor":5.0,"gold_loss":0.0,"damage_taken":16.0,"cards_upgraded":["Defend_R","Strike_R"]},{"damage_healed":0,"gold_gain":0,"player_choice":"Trade","damage_taken":0,"relics_obtained":["GremlinMask"],"max_hp_gain":0,"max_hp_loss":0,"event_name":"FaceTrader","floor":11,"gold_loss":0}],"is_beta":false,"boss_relics":[],"items_purged_floors":[],"is_endless":false,"potions_floor_spawned":[1,6,10],"killed_by":"Gremlin Nob","ascension_level":10}