{"gold_per_floor":[111,111,127,138,156,156,172,185,210,210,385,385,414,414,414,414],"floor_reached":16,"playtime":624,"items_purged":[],"score":168,"play_id":"14e10639-20c7-4347-aacb-f0f6dce75dda","local_time":"20190306222905","is_ascension_mode":true,"campfire_choices":[{"data":"Combust","floor":6.0,"key":"SMITH"},{"data":"Spot Weakness","floor":10,"key":"SMITH"},{"data":"Inflame","floor":12,"key":"SMITH"},{"floor":15,"key":"REST"}],"neow_cost":"PERCENT_DAMAGE","seed_source_timestamp":262926646655775,"circlet_count":0,"master_deck":["Strike_R","Strike_R","Strike_R","Strike_R","Defend_R","Defend_R","Defend_R","Defend_R","Bash","Spot Weakness+1","Heavy Blade","Inflame+1","Combust+1","Thunderclap","Doubt","Limit Break"],"special_seed":0,"relics":["Burning Blood","Ancient Tea Set","Boot"],"potions_floor_usage":[16],"damage_taken":[{"damage":8.0,"enemies":"Jaw Worm","floor":1.0,"turns":5.0},{"damage":10.0,"enemies":"Cultist","floor":3.0,"turns":5.0},{"damage":2.0,"enemies":"2 Louse","floor":4.0,"turns":2.0},{"damage":14.0,"enemies":"Blue Slaver","floor":5.0,"turns":4.0},{"damage":10.0,"enemies":"Looter","floor":7.0,"turns":3.0},{"damage":20,"enemies":"Large Slime","floor":8,"turns":6},{"damage":25,"enemies":"Lagavulin","floor":13,"turns":5},{"damage":30,"enemies":"The Guardian","floor":16,"turns":8}],"seed_played":"3134638621011469909","potions_obtained":[{"floor":4.0,"key":"SmokeBomb"},{"floor":5.0,"key":"Swift Potion"}],"is_trial":false,"path_per_floor":["M","?","M","M","M","R","M","M","T","R","?","R","E","?","R","B"],"character_chosen":"IRONCLAD","items_purchased":[],"campfire_rested":1,"item_purchase_floors":[],"current_hp_per_floor":[65,65,61,65,57,57,53,39,39,39,39,39,20,2,30,0],"gold":414,"neow_bonus":"TWENTY_PERCENT_HP_BONUS","is_prod":false,"is_daily":false,"chose_seed":false,"campfire_upgraded":3,"win_rate":0,"timestamp":1551940145,"path_taken":["M","?","M","?","M","R","M","M","T","R","?","R","E","?","R","BOSS"],"build_version":"2019-01-23","purchased_purges":0,"victory":false,"max_hp_per_floor":[96,96,96,96,96,96,96,96,96,96,96,96,96,96,96,96],"card_choices":[{"not_picked":["Warcry","Perfected Strike"],"picked":"Spot Weakness","floor":1.0},{"not_picked":["Warcry","Flame Barrier"],"picked":"Heavy Blade","floor":3.0},{"not_picked":["Feel No Pain","Sword Boomerang"],"picked":"Inflame","floor":4.0},{"not_picked":["Twin Strike","Reckless Charge"],"picked":"Combust","floor":5.0},{"not_picked":["Sever Soul","Fire Breathing","Anger"],"picked":"SKIP","floor":7.0},{"not_picked":["Cleave","Wild Strike"],"picked":"Thunderclap","floor":8},{"not_picked":["Second Wind","Pommel Strike"],"picked":"Limit Break","floor":13}],"player_experience":414936,"relics_obtained":[{"floor":9,"key":"Ancient Tea Set"},{"floor":13,"key":"Boot"}],"event_choices":[{"cards_removed":["Strike_R"],"damage_healed":0.0,"max_hp_gain":0.0,"max_hp_loss":0.0,"gold_gain":0.0,"event_name":"Bonfire Elementals","player_choice":"Offered Basic","floor":2.0,"gold_loss":0.0,"damage_taken":0.0},{"damage_healed":0,"gold_gain":175,"player_choice":"AGREE","damage_taken":0,"max_hp_gain":0,"max_hp_loss":0,"event_name":"Liars Game","floor":11,"gold_loss":0,"cards_obtained":["Doubt"]},{"damage_healed":0,"gold_gain":0,"player_choice":"Fled","damage_taken":18,"max_hp_gain":0,"max_hp_loss":0,"event_name":"Scrap Ooze","floor":14,"gold_loss":0}],"is_beta":false,"boss_relics":[],"items_purged_floors":[],"is_endless":false,"potions_floor_spawned":[4,5],"killed_by":"The Guardian","ascension_level":8}