{"gold_per_floor":[116,126,23,39,39,74,74,86,86,66,66,86,100,100,100,100],"floor_reached":16,"playtime":390,"items_purged":[],"score":179,"play_id":"1948b27c-99b1-4e68-8cc4-b0953a4f3a3a","local_time":"20180830110053","is_ascension_mode":true,"campfire_choices":[{"data":"Zap","floor":7,"key":"SMITH"},{"data":"Go for the Eyes","floor":11,"key":"SMITH"},{"data":"Dualcast","floor":15,"key":"SMITH"}],"neow_cost":"TEN_PERCENT_HP_LOSS","seed_source_timestamp":169382422763114,"circlet_count":0,"master_deck":["Strike_B","Strike_B","Strike_B","Strike_B","Defend_B","Defend_B","Defend_B","Defend_B","Zap+1","Dualcast+1","AscendersBane","Ball Lightning","Reinforced Body","Ball Lightning","Go for the Eyes+1","Cold Snap","Steam","Darkness"],"relics":["Cracked Core","Incense Burner","Ornamental Fan","Darkstone Periapt"],"potions_floor_usage":[6,16,16],"damage_taken":[{"damage":0,"enemies":"Cultist","floor":1,"turns":3},{"damage":7,"enemies":"Small Slimes","floor":2,"turns":3},{"damage":0,"enemies":"Jaw Worm","floor":4,"turns":3},{"damage":23,"enemies":"3 Sentries","floor":6,"turns":6},{"damage":9,"enemies":"Exordium Thugs","floor":8,"turns":4},{"damage":0,"enemies":"Blue Slaver","floor":12,"turns":3},{"damage":1,"enemies":"2 Fungi Beasts","floor":13,"turns":3},{"damage":26,"enemies":"Hexaghost","floor":16,"turns":9}],"seed_played":"8958889146016790921","potions_obtained":[{"floor":4,"key":"Strength Potion"},{"floor":10,"key":"Energy Potion"},{"floor":12,"key":"FocusPotion"}],"is_trial":false,"path_per_floor":["M","M","$","M","$","E","R","M","T","?","R","M","M","?","R"],"character_chosen":"DEFECT","items_purchased":["Ball Lightning","Strength Potion"],"campfire_rested":0,"item_purchase_floors":[3,3],"current_hp_per_floor":[64,57,57,57,57,34,34,25,25,25,25,25,24,24,24,0],"gold":100,"neow_bonus":"ONE_RARE_RELIC","is_prod":false,"is_daily":false,"chose_seed":false,"campfire_upgraded":3,"win_rate":0,"timestamp":1535637653,"path_taken":["M","M","$","?","$","E","R","M","T","?","R","?","M","?","R","BOSS"],"build_version":"2018-07-12","purchased_purges":0,"victory":false,"max_hp_per_floor":[64,64,64,64,64,64,64,64,64,64,64,64,64,64,64,64],"card_choices":[{"not_picked":["Aggregate","FTL"],"picked":"Ball Lightning","floor":1},{"not_picked":["Fusion","Redo"],"picked":"Reinforced Body","floor":2},{"not_picked":["Sweeping Beam","Reprogram","Coolheaded"],"picked":"SKIP","floor":4},{"not_picked":["Coolheaded","Reinforced Body"],"picked":"Go for the Eyes","floor":6},{"not_picked":["Redo","Force Field"],"picked":"Cold Snap","floor":8},{"not_picked":["Streamline","Coolheaded"],"picked":"Steam","floor":12},{"not_picked":["Chaos","Sweeping Beam"],"picked":"Darkness","floor":13}],"player_experience":760762,"relics_obtained":[{"floor":6,"key":"Ornamental Fan"},{"floor":9,"key":"Darkstone Periapt"}],"event_choices":[{"event_name":"The Woman in Blue","player_choice":"Bought 1 Potion","floor":10,"damage_taken":0},{"event_name":"Shining Light","player_choice":"Ignored","floor":14,"damage_taken":0}],"boss_relics":[],"items_purged_floors":[],"is_endless":false,"potions_floor_spawned":[4,12],"killed_by":"Hexaghost","ascension_level":15}