{"gold_per_floor":[116,127,7,57,75,75,75,100,155,155,168,187,12,12,12,91,91,104,36,36,36,46,46,75,91,136,136,170,17,17,17,17,90,90,100,100,80,93,109,109,109,109,133,165,165,196,196,69,69,69],"floor_reached":51,"playtime":1434,"items_purged":["Strike_B"],"score":1302,"play_id":"2a6a4bd2-7d36-40c2-aa42-e837762a4b52","local_time":"20181014195910","is_ascension_mode":true,"campfire_choices":[{"data":"Zap","floor":6,"key":"SMITH"},{"data":"Biased Cognition","floor":10,"key":"SMITH"},{"data":"Defragment","floor":15,"key":"SMITH"},{"data":"Defragment","floor":23,"key":"SMITH"},{"floor":27,"key":"REST"},{"data":"Go for the Eyes","floor":32,"key":"SMITH"},{"floor":40,"key":"REST"},{"data":"Thunder Strike","floor":42,"key":"SMITH"},{"floor":45,"key":"REST"},{"floor":47,"key":"REST"},{"floor":49,"key":"REST"}],"neow_cost":"NONE","seed_source_timestamp":40718117013352,"circlet_count":0,"master_deck":["Strike_B","Strike_B","Defend_B+1","Defend_B","Defend_B","Defend_B+1","Zap+1","Dualcast","AscendersBane","Compile Driver","Ball Lightning","Biased Cognition+1","Go for the Eyes+1","Thunder Strike+1","Conserve Battery","Conserve Battery","Steam","Defragment+1","Cold Snap","Hyperbeam","Defragment+1","Glacier","Leap+1","Sweeping Beam+1","Electrodynamics","Ghostly","Ghostly","Ghostly","Ghostly","Ghostly","Core Surge","Doom and Gloom+1","Defragment+1","Heatsinks","Hologram","Coolheaded+1","Conserve Battery","Ball Lightning","Glacier"],"relics":["Cracked Core","War Paint","Anchor","Runic Dome","Cables","Art of War","Oddly Smooth Stone","Velvet Choker","Vajra","Dream Catcher","Bottled Lightning"],"potions_floor_usage":[8,16,16,33,33,44,44,50],"damage_taken":[{"damage":7,"enemies":"Small Slimes","floor":1,"turns":3},{"damage":1,"enemies":"Cultist","floor":2,"turns":3},{"damage":3,"enemies":"2 Louse","floor":5,"turns":2},{"damage":15,"enemies":"Lagavulin","floor":8,"turns":5},{"damage":10,"enemies":"Lots of Slimes","floor":11,"turns":3},{"damage":1,"enemies":"Blue Slaver","floor":12,"turns":3},{"damage":14,"enemies":"Slime Boss","floor":16,"turns":4},{"damage":4,"enemies":"2 Thieves","floor":18,"turns":3},{"damage":0,"enemies":"Spheric Guardian","floor":22,"turns":3},{"damage":48,"enemies":"Gremlin Leader","floor":24,"turns":9},{"damage":0,"enemies":"Slaver and Parasite","floor":25,"turns":4},{"damage":2,"enemies":"Slavers","floor":28,"turns":3},{"damage":1,"enemies":"Collector","floor":33,"turns":9},{"damage":0,"enemies":"3 Darklings","floor":35,"turns":3},{"damage":0,"enemies":"3 Shapes","floor":38,"turns":6},{"damage":18,"enemies":"Sphere and 2 Shapes","floor":39,"turns":6},{"damage":10,"enemies":"2 Orb Walkers","floor":44,"turns":7},{"damage":9,"enemies":"Giant Head","floor":46,"turns":11},{"damage":14,"enemies":"Donu and Deca","floor":50,"turns":11}],"seed_played":"-4916755459270929932","potions_obtained":[{"floor":1,"key":"Swift Potion"},{"floor":11,"key":"GamblersBrew"},{"floor":28,"key":"Poison Potion"},{"floor":35,"key":"Poison Potion"},{"floor":37,"key":"SpeedPotion"},{"floor":39,"key":"PowerPotion"},{"floor":41,"key":"Ancient Potion"}],"is_trial":false,"path_per_floor":["M","M","$","?","M","R","?","E","T","R","M","M","$","?","R","B",null,"M","$","?","?","M","R","E","M","T","R","E","$","?","?","R","B",null,"M","$","?","M","M","R","?","R","T","E","R","E","R","$","R","B"],"character_chosen":"DEFECT","items_purchased":["Biased Cognition","Fire Potion","Defragment","Cold Snap","Dexterity Potion","Glacier","Ancient Potion","FocusPotion","Ball Lightning"],"campfire_rested":5,"item_purchase_floors":[3,3,13,13,13,19,29,48,48],"current_hp_per_floor":[57,56,56,56,53,53,53,38,38,38,28,27,27,27,27,13,57,53,53,53,53,53,53,5,5,5,26,24,24,24,18,18,17,31,31,31,31,31,13,23,23,23,23,13,23,14,24,24,34,20],"gold":69,"neow_bonus":"TRANSFORM_CARD","is_prod":false,"is_daily":false,"chose_seed":false,"campfire_upgraded":6,"win_rate":0,"timestamp":1539557950,"path_taken":["M","M","$","?","M","R","?","E","T","R","M","M","$","?","R","BOSS","M","$","?","?","?","R","E","M","T","R","E","?","?","?","R","BOSS","M","$","?","M","M","R","?","R","T","E","R","E","R","$","R","BOSS"],"build_version":"2018-07-12","purchased_purges":1,"victory":true,"max_hp_per_floor":[71,71,71,71,71,71,71,71,71,71,71,71,71,71,71,71,71,71,71,71,71,71,71,71,71,71,71,71,71,35,35,35,35,35,35,35,35,35,35,35,35,35,35,35,35,35,35,35,35,35],"card_choices":[{"not_picked":["Heatsinks","Leap"],"picked":"Fusion","floor":1},{"not_picked":["Double Energy","Rebound"],"picked":"Ball Lightning","floor":2},{"not_picked":["Scrape","Beam Cell"],"picked":"Go for the Eyes","floor":5},{"not_picked":["Reprogram","Rip and Tear"],"picked":"Conserve Battery","floor":8},{"not_picked":["Hello World","Coolheaded"],"picked":"Conserve Battery","floor":11},{"not_picked":["Gash","Reinforced Body"],"picked":"Steam","floor":12},{"not_picked":["Amplify","Thunder Strike"],"picked":"Hyperbeam","floor":16},{"not_picked":["Chill","Go for the Eyes"],"picked":"Defragment","floor":18},{"not_picked":["Static Discharge","Gash"],"picked":"Leap+1","floor":22},{"not_picked":["Doom and Gloom","Ball Lightning"],"picked":"Sweeping Beam+1","floor":24},{"not_picked":["Compile Driver","Go for the Eyes"],"picked":"Electrodynamics","floor":25},{"not_picked":["White Noise","Double Energy","Static Discharge"],"picked":"SKIP","floor":28},{"not_picked":["Seek","Amplify"],"picked":"Core Surge","floor":33},{"not_picked":["Rebound","Turbo"],"picked":"Doom and Gloom+1","floor":35},{"not_picked":["Redo","Scrape+1"],"picked":"Defragment+1","floor":38},{"not_picked":["Gash","Heatsinks","Aggregate"],"picked":"SKIP","floor":39},{"not_picked":["Gash","Aggregate"],"picked":"Heatsinks","floor":39},{"not_picked":["Darkness","Streamline"],"picked":"Hologram","floor":44},{"not_picked":["Barrage","Chaos+1"],"picked":"Coolheaded+1","floor":45},{"not_picked":["Rainbow","Reinforced Body","Self Repair"],"picked":"SKIP","floor":46},{"not_picked":["Static Discharge","Turbo"],"picked":"Conserve Battery","floor":47},{"not_picked":["Leap","Compile Driver"],"picked":"Glacier","floor":49}],"player_experience":944250,"relics_obtained":[{"floor":8,"key":"War Paint"},{"floor":9,"key":"Anchor"},{"floor":24,"key":"Cables"},{"floor":26,"key":"Art of War"},{"floor":28,"key":"Oddly Smooth Stone"},{"floor":43,"key":"Vajra"},{"floor":44,"key":"Dream Catcher"},{"floor":46,"key":"Bottled Lightning"}],"event_choices":[{"event_name":"Golden Shrine","player_choice":"Pray","floor":4,"damage_taken":0},{"event_name":"Transmorgrifier","player_choice":"Transform","floor":7,"damage_taken":0},{"event_name":"Scrap Ooze","player_choice":"unsuccessful","floor":14,"damage_taken":0},{"event_name":"Addict","player_choice":"Ignored","floor":20,"damage_taken":0},{"event_name":"Cursed Tome","player_choice":"Ignored","floor":21,"damage_taken":0},{"event_name":"Ghosts","player_choice":"Became a Ghost","floor":30,"damage_taken":0},{"event_name":"Knowing Skull","player_choice":"","floor":31,"damage_taken":0},{"event_name":"The Woman in Blue","player_choice":"Bought 1 Potion","floor":37,"damage_taken":0},{"event_name":"The Lab","player_choice":"Got Potions","floor":41,"damage_taken":0}],"boss_relics":[{"not_picked":["Astrolabe","Orrery"],"picked":"Runic Dome"},{"not_picked":["Black Star","Fusion Hammer"],"picked":"Velvet Choker"}],"items_purged_floors":[29],"is_endless":false,"potions_floor_spawned":[1,5,11,12,28,35,38,39],"ascension_level":15}