{"gold_per_floor":[114,124,140,140,157,184,184,198,221,231,231,249,249,278,278,278],"floor_reached":16,"playtime":400,"items_purged":[],"score":137,"play_id":"7ad73fa9-f1dd-44b1-80d0-25426b55f58d","local_time":"20190427191101","is_ascension_mode":true,"campfire_choices":[{"data":"Flex","floor":7,"key":"SMITH"},{"data":"Battle Trance","floor":11,"key":"SMITH"},{"data":"Shrug It Off","floor":13,"key":"SMITH"},{"floor":15,"key":"REST"}],"neow_cost":"NONE","seed_source_timestamp":381957986610167,"circlet_count":0,"master_deck":["Strike_R","Strike_R","Strike_R","Strike_R","Defend_R","Defend_R","Defend_R","Defend_R","Bash","Flex+1","Battle Trance+1","Shrug It Off+1"],"relics":["Burning Blood","NeowsBlessing","Bottled Lightning","Vajra","Red Skull"],"potions_floor_usage":[5,6,14],"damage_taken":[{"damage":0,"enemies":"Jaw Worm","floor":1,"turns":1},{"damage":0,"enemies":"2 Louse","floor":2,"turns":1},{"damage":0,"enemies":"Cultist","floor":3,"turns":1},{"damage":17,"enemies":"Lots of Slimes","floor":5,"turns":4},{"damage":24,"enemies":"Gremlin Nob","floor":6,"turns":4},{"damage":10,"enemies":"2 Fungi Beasts","floor":8,"turns":3},{"damage":13,"enemies":"3 Louse","floor":10,"turns":2},{"damage":4,"enemies":"Red Slaver","floor":12,"turns":4},{"damage":22,"enemies":"Lagavulin","floor":14,"turns":5},{"damage":52,"enemies":"Slime Boss","floor":16,"turns":7}],"seed_played":"-6940775708164571135","potions_obtained":[{"floor":3,"key":"Energy Potion"},{"floor":5,"key":"Weak Potion"},{"floor":6,"key":"EssenceOfSteel"},{"floor":14,"key":"Strength Potion"}],"is_trial":false,"path_per_floor":["M","M","M","?","M","E","R","M","T","M","R","M","R","E","R","B"],"character_chosen":"IRONCLAD","items_purchased":[],"campfire_rested":1,"item_purchase_floors":[],"current_hp_per_floor":[80,80,80,73,62,44,44,40,40,33,33,35,35,19,43,0],"gold":278,"neow_bonus":"THREE_ENEMY_KILL","is_prod":false,"is_daily":false,"chose_seed":false,"campfire_upgraded":3,"win_rate":0,"timestamp":1556410261,"path_taken":["M","M","M","?","M","E","R","M","T","M","R","M","R","E","R","BOSS"],"build_version":"2019-01-23","purchased_purges":0,"victory":false,"max_hp_per_floor":[80,80,80,80,80,80,80,80,80,80,80,80,80,80,80,80],"card_choices":[{"not_picked":["Clash","Ghostly Armor"],"picked":"Flex","floor":1},{"not_picked":["Flame Barrier","Wild Strike"],"picked":"Battle Trance","floor":2},{"not_picked":["Sever Soul","Rage","Warcry"],"picked":"SKIP","floor":3},{"not_picked":["Armaments","Warcry","Clothesline"],"picked":"SKIP","floor":5},{"not_picked":["Clash","Warcry","Offering"],"picked":"SKIP","floor":6},{"not_picked":["Thunderclap","Entrench","Cleave"],"picked":"SKIP","floor":8},{"not_picked":["Pommel Strike","Sentinel","Wild Strike"],"picked":"SKIP","floor":10},{"not_picked":["Clash","Cleave"],"picked":"Shrug It Off","floor":12},{"not_picked":["Blood for Blood","Dark Embrace","Exhume"],"picked":"SKIP","floor":14}],"player_experience":111886,"relics_obtained":[{"floor":6,"key":"Bottled Lightning"},{"floor":9,"key":"Vajra"},{"floor":14,"key":"Red Skull"}],"event_choices":[{"cards_removed":["Strike_R"],"damage_healed":0,"gold_gain":0,"player_choice":"Card Removal","damage_taken":7,"max_hp_gain":0,"max_hp_loss":0,"event_name":"Golden Wing","floor":4,"gold_loss":0}],"is_beta":false,"boss_relics":[],"items_purged_floors":[],"is_endless":false,"potions_floor_spawned":[3,5,6,14],"killed_by":"Slime Boss","ascension_level":4}