{"gold_per_floor":[118,118,30,40,51,51,82,97,97,97,41,41,60,90,90,163,163,181,181,197,215,58,58,73,73,100,112,123,123,152,163,163,241,241,254,270,287,287,300,300,300],"floor_reached":41,"playtime":1809,"items_purged":["Setup"],"score":929,"play_id":"0b87eb64-b485-4656-80d5-877fea5d8077","local_time":"20190516122249","is_ascension_mode":true,"campfire_choices":[{"data":"Deadly Poison","floor":6,"key":"SMITH"},{"floor":10,"key":"REST"},{"floor":12,"key":"REST"},{"data":"Deadly Poison","floor":15,"key":"SMITH"},{"data":"After Image","floor":23,"key":"SMITH"},{"data":"Noxious Fumes","floor":25,"key":"SMITH"},{"data":"Bouncing Flask","floor":29,"key":"SMITH"},{"data":"Leg Sweep","floor":32,"key":"SMITH"},{"data":"Adrenaline","floor":40,"key":"SMITH"}],"neow_cost":"NONE","seed_source_timestamp":8787566921320,"circlet_count":0,"master_deck":["AscendersBane","Survivor","Neutralize","Leg Sweep+1","Deadly Poison+1","Dagger Throw","Deadly Poison+1","Bane","Dagger Throw","After Image+1","Accuracy","Noxious Fumes+1","Dash","Predator","Setup","Adrenaline+1","Slice","Setup","PiercingWail","Bite","Bite","Bite","Bite","Bite","Well Laid Plans","Dodge and Roll","Cloak And Dagger","Backflip","Bouncing Flask+1","Dodge and Roll+1","Well Laid Plans","After Image","Dodge and Roll","Acrobatics+1","Dodge and Roll+1"],"relics":["Ring of the Snake","NeowsBlessing","Strawberry","Snake Skull","Ninja Scroll","Pandora\u0027s Box","Art of War","Boot","Runic Dome","Ice Cream"],"potions_floor_usage":[8,14,16,28,30],"damage_taken":[{"damage":0,"enemies":"Small Slimes","floor":1,"turns":1},{"damage":0,"enemies":"Cultist","floor":4,"turns":1},{"damage":0,"enemies":"2 Louse","floor":5,"turns":1},{"damage":19,"enemies":"Lagavulin","floor":7,"turns":7},{"damage":46,"enemies":"Gremlin Gang","floor":8,"turns":8},{"damage":7,"enemies":"2 Fungi Beasts","floor":13,"turns":4},{"damage":24,"enemies":"3 Sentries","floor":14,"turns":8},{"damage":4,"enemies":"Hexaghost","floor":16,"turns":9},{"damage":12,"enemies":"Shell Parasite","floor":18,"turns":6},{"damage":27,"enemies":"Spheric Guardian","floor":20,"turns":4},{"damage":1,"enemies":"Snecko","floor":21,"turns":5},{"damage":6,"enemies":"Centurion and Healer","floor":24,"turns":11},{"damage":2,"enemies":"Snake Plant","floor":27,"turns":6},{"damage":9,"enemies":"3 Cultists","floor":28,"turns":6},{"damage":14,"enemies":"Book of Stabbing","floor":30,"turns":5},{"damage":3,"enemies":"Centurion and Healer","floor":31,"turns":8},{"damage":36,"enemies":"Champ","floor":33,"turns":12},{"damage":25,"enemies":"3 Darklings","floor":35,"turns":8},{"damage":0,"enemies":"Orb Walker","floor":36,"turns":4},{"damage":22,"enemies":"3 Darklings","floor":37,"turns":6},{"damage":8,"enemies":"Sphere and 2 Shapes","floor":39,"turns":6},{"damage":39,"enemies":"Giant Head","floor":41,"turns":7}],"seed_played":"1307456349462571505","potions_obtained":[{"floor":4,"key":"SpeedPotion"},{"floor":8,"key":"Dexterity Potion"},{"floor":14,"key":"SmokeBomb"},{"floor":18,"key":"Poison Potion"},{"floor":28,"key":"Poison Potion"}],"is_trial":false,"path_per_floor":["M","?","$","M","M","R","E","M","T","R","$","R","M","E","R","B",null,"M","?","M","M","$","R","M","R","T","M","M","R","E","M","R","B",null,"M","M","M","?","M","R","E"],"character_chosen":"THE_SILENT","items_purchased":["Leg Sweep","Fire Potion","Dodge and Roll","Cloak And Dagger"],"campfire_rested":2,"item_purchase_floors":[3,11,22,22],"current_hp_per_floor":[59,59,59,59,59,59,47,1,1,22,22,43,36,12,12,8,57,45,45,22,27,27,27,41,41,41,51,42,42,34,45,45,29,46,33,41,31,31,29,29,0],"gold":300,"neow_bonus":"THREE_ENEMY_KILL","is_prod":false,"is_daily":false,"chose_seed":false,"campfire_upgraded":7,"win_rate":0,"timestamp":1558020169,"path_taken":["M","?","$","M","?","R","E","M","T","R","?","R","M","E","R","BOSS","M","?","M","M","$","R","M","R","T","M","M","R","E","M","R","BOSS","M","M","M","?","M","R","E"],"build_version":"2019-01-23","purchased_purges":1,"victory":false,"max_hp_per_floor":[66,66,66,66,66,66,73,73,73,73,73,73,73,73,73,73,73,73,51,51,51,51,51,51,51,51,51,51,51,51,51,51,51,51,51,51,51,51,51,51,51],"card_choices":[{"not_picked":["Acrobatics","Prepared","Blade Dance"],"picked":"SKIP","floor":1},{"not_picked":["Acrobatics","Caltrops"],"picked":"Deadly Poison","floor":4},{"not_picked":["Eviscerate","Reflex"],"picked":"Dagger Throw","floor":5},{"not_picked":["Slice","Expertise"],"picked":"Deadly Poison","floor":7},{"not_picked":["Blade Dance","Flechettes"],"picked":"Bane","floor":8},{"not_picked":["Masterful Stab","Slice"],"picked":"Dagger Throw","floor":13},{"not_picked":["Underhanded Strike","Prepared","Masterful Stab"],"picked":"SKIP","floor":14},{"not_picked":["Doppelganger","Glass Knife"],"picked":"After Image","floor":16},{"not_picked":["Leg Sweep","Cloak And Dagger"],"picked":"PiercingWail","floor":18},{"not_picked":["Endless Agony","Sucker Punch","Eviscerate"],"picked":"SKIP","floor":20},{"not_picked":["Poisoned Stab","Distraction"],"picked":"Well Laid Plans","floor":21},{"not_picked":["Outmaneuver","Calculated Gamble"],"picked":"Backflip","floor":24},{"not_picked":["Deadly Poison","All Out Attack","Acrobatics"],"picked":"SKIP","floor":27},{"not_picked":["Endless Agony","Flying Knee"],"picked":"Bouncing Flask","floor":28},{"not_picked":["Cloak And Dagger","Flechettes"],"picked":"Dodge and Roll+1","floor":30},{"not_picked":["Flechettes","Choke"],"picked":"Well Laid Plans","floor":31},{"not_picked":["Envenom","Bullet Time"],"picked":"After Image","floor":33},{"not_picked":["Deadly Poison","Dagger Throw","Dodge and Roll"],"picked":"SKIP","floor":35},{"not_picked":["Deadly Poison","Dagger Throw"],"picked":"Dodge and Roll","floor":35},{"not_picked":["Deadly Poison","Skewer","Quick Slash"],"picked":"SKIP","floor":36},{"not_picked":["Blade Dance","Dagger Spray"],"picked":"Acrobatics+1","floor":37},{"not_picked":["Quick Slash","Flechettes"],"picked":"Dodge and Roll+1","floor":39}],"player_experience":2338740,"relics_obtained":[{"floor":7,"key":"Strawberry"},{"floor":9,"key":"Snake Skull"},{"floor":14,"key":"Ninja Scroll"},{"floor":26,"key":"Art of War"},{"floor":30,"key":"Boot"}],"event_choices":[{"cards_removed":["Strike_G"],"damage_healed":0,"gold_gain":0,"player_choice":"Purged","damage_taken":0,"max_hp_gain":0,"max_hp_loss":0,"event_name":"Purifier","floor":2,"gold_loss":0},{"damage_healed":0,"gold_gain":0,"player_choice":"Became a vampire","damage_taken":0,"max_hp_gain":0,"max_hp_loss":22,"event_name":"Vampires","floor":19,"gold_loss":0,"cards_obtained":["Bite","Bite","Bite","Bite","Bite"]},{"damage_healed":0,"gold_gain":0,"player_choice":"Gave Potion","damage_taken":0,"relics_obtained":["Ice Cream"],"max_hp_gain":0,"max_hp_loss":0,"event_name":"WeMeetAgain","floor":38,"gold_loss":0}],"is_beta":false,"boss_relics":[{"not_picked":["Snecko Eye","Lizard Tail"],"picked":"Pandora\u0027s Box"},{"not_picked":["Runic Pyramid","HoveringKite"],"picked":"Runic Dome"}],"items_purged_floors":[22],"is_endless":false,"potions_floor_spawned":[4,8,13,14,18,20,21,28],"killed_by":"Giant Head","ascension_level":20}