{"gold_per_floor":[111,124,49,66,66,94,94,94,94,114,114,125,125,78,78,177,177,187,187,187,199,199,199,217,217,217,142,156,156,156,176,176,176],"floor_reached":33,"playtime":2282,"items_purged":[],"score":270,"play_id":"947ffec4-5d5a-4a05-9068-43711a4a8abd","local_time":"20181127105356","is_ascension_mode":false,"campfire_choices":[{"data":"Armaments","floor":7,"key":"SMITH"},{"data":"Bash","floor":11,"key":"SMITH"},{"data":"Armaments","floor":15,"key":"SMITH"},{"data":"Flame Barrier","floor":23,"key":"SMITH"},{"floor":32,"key":"REST"}],"neow_cost":"NONE","seed_source_timestamp":1035652286386862,"circlet_count":0,"master_deck":["Strike_R","Strike_R","Strike_R","Strike_R","Defend_R","Defend_R","Bash+1","Infernal Blade+1","Spot Weakness+1","Second Wind+1","Armaments+1","Pommel Strike","Headbutt","Shrug It Off","Battle Trance","Ghostly Armor","Parasite","Pommel Strike","Shrug It Off","Armaments+1","Twin Strike","Heavy Blade","Reaper","Flex","Thunderclap+1","Twin Strike","Flex","Flame Barrier+1","Sword Boomerang","Anger+1","Shrug It Off","Anger+1","Searing Blow"],"relics":["Astrolabe","Prayer Wheel","Pear","Regal Pillow","White Beast Statue","Bag of Marbles","Mercury Hourglass"],"potions_floor_usage":[16,18,24,28,29,33,33,33,33,33],"damage_taken":[{"damage":5,"enemies":"Small Slimes","floor":1,"turns":3},{"damage":6,"enemies":"Jaw Worm","floor":2,"turns":2},{"damage":0,"enemies":"2 Louse","floor":4,"turns":1},{"damage":21,"enemies":"Lagavulin","floor":6,"turns":4},{"damage":2,"enemies":"2 Fungi Beasts","floor":10,"turns":3},{"damage":0,"enemies":"Large Slime","floor":12,"turns":4},{"damage":19,"enemies":"Slime Boss","floor":16,"turns":13},{"damage":2,"enemies":"Shell Parasite","floor":18,"turns":8},{"damage":20,"enemies":"2 Thieves","floor":21,"turns":5},{"damage":24,"enemies":"3 Cultists","floor":24,"turns":5},{"damage":11,"enemies":"Snake Plant","floor":28,"turns":2},{"damage":20,"enemies":"Colosseum Slavers","floor":29,"turns":4},{"damage":12,"enemies":"Snecko","floor":31,"turns":5},{"damage":92,"enemies":"Collector","floor":33,"turns":6}],"seed_played":"6114167475190877989","potions_obtained":[{"floor":4,"key":"Explosive Potion"},{"floor":6,"key":"FearPotion"},{"floor":10,"key":"Block Potion"},{"floor":18,"key":"Ancient Potion"},{"floor":21,"key":"SpeedPotion"},{"floor":24,"key":"Regen Potion"},{"floor":28,"key":"EntropicBrew"},{"floor":31,"key":"Strength Potion"}],"is_trial":false,"path_per_floor":["M","M","$","M","?","E","R","?","T","M","R","M","T","$","R","B",null,"M","?","?","M","?","R","M","$","T","?","M","?","$","M","R","B"],"character_chosen":"IRONCLAD","items_purchased":["Headbutt","Shrug It Off","Heavy Blade"],"campfire_rested":1,"item_purchase_floors":[3,3,14],"current_hp_per_floor":[75,69,69,69,74,53,53,74,84,82,82,82,82,82,82,63,95,93,93,93,73,73,73,65,65,65,65,54,46,46,34,77,0],"gold":176,"neow_bonus":"BOSS_RELIC","is_prod":false,"is_daily":false,"chose_seed":false,"campfire_upgraded":4,"win_rate":0.0,"timestamp":1543334036,"path_taken":["M","M","$","M","?","E","R","?","T","M","R","M","?","?","R","BOSS","M","?","?","M","?","R","M","$","T","?","M","?","?","M","R","BOSS"],"build_version":"2018-11-15","purchased_purges":0,"victory":false,"max_hp_per_floor":[80,80,80,80,85,85,85,85,95,95,95,95,95,95,95,95,95,95,95,95,95,95,95,95,95,95,95,95,95,95,95,95,95],"card_choices":[{"not_picked":["Sword Boomerang","Dual Wield"],"picked":"Armaments","floor":1},{"not_picked":["Warcry","Body Slam"],"picked":"Pommel Strike","floor":2},{"not_picked":["Warcry","Body Slam"],"picked":"Battle Trance","floor":4},{"not_picked":["Carnage","Cleave"],"picked":"Ghostly Armor","floor":6},{"not_picked":["Clothesline","Headbutt"],"picked":"Pommel Strike","floor":10},{"not_picked":["Berserk","Power Through"],"picked":"Shrug It Off","floor":10},{"not_picked":["Searing Blow","Burning Pact"],"picked":"Armaments","floor":12},{"not_picked":["Clothesline","Sword Boomerang"],"picked":"Twin Strike","floor":12},{"not_picked":["Dark Embrace","Bludgeon"],"picked":"Reaper","floor":16},{"not_picked":["Anger","Seeing Red"],"picked":"Flex","floor":18},{"not_picked":["Headbutt","Rampage"],"picked":"Thunderclap+1","floor":18},{"not_picked":["Rupture","Combust"],"picked":"Twin Strike","floor":21},{"not_picked":["Whirlwind","Warcry"],"picked":"Flex","floor":21},{"not_picked":["Headbutt","Blood for Blood+1"],"picked":"Sword Boomerang","floor":24},{"not_picked":["Entrench","Juggernaut"],"picked":"Anger+1","floor":24},{"not_picked":["Flame Barrier","Fire Breathing"],"picked":"Shrug It Off","floor":28},{"not_picked":["True Grit","Infernal Blade","Headbutt"],"picked":"SKIP","floor":28},{"not_picked":["Twin Strike","Headbutt"],"picked":"Anger+1","floor":31},{"not_picked":["Armaments","Flex"],"picked":"Searing Blow","floor":31}],"player_experience":31147,"relics_obtained":[{"floor":6,"key":"Prayer Wheel"},{"floor":9,"key":"Pear"},{"floor":13,"key":"Regal Pillow"},{"floor":26,"key":"Mercury Hourglass"}],"event_choices":[{"damage_healed":0,"gold_gain":0,"player_choice":"Donut","damage_taken":0,"max_hp_gain":5,"max_hp_loss":0,"event_name":"Big Fish","floor":5,"gold_loss":0},{"damage_healed":21,"gold_gain":0,"player_choice":"Healed and dodged fight","damage_taken":0,"max_hp_gain":0,"max_hp_loss":0,"event_name":"Mushrooms","floor":8,"gold_loss":0,"cards_obtained":["Parasite"]},{"damage_healed":0,"gold_gain":0,"player_choice":"Ignored","damage_taken":0,"max_hp_gain":0,"max_hp_loss":0,"event_name":"Ghosts","floor":19,"gold_loss":0},{"damage_healed":0,"gold_gain":0,"player_choice":"Opened","damage_taken":0,"relics_obtained":["Bag of Marbles"],"max_hp_gain":0,"max_hp_loss":0,"event_name":"The Mausoleum","floor":20,"gold_loss":0,"cards_obtained":["Writhe"]},{"damage_healed":0,"gold_gain":0,"player_choice":"Read","damage_taken":0,"max_hp_gain":0,"max_hp_loss":0,"event_name":"The Library","floor":22,"gold_loss":0,"cards_obtained":["Flame Barrier"]},{"cards_removed":["Writhe"],"damage_healed":0,"gold_gain":0,"player_choice":"Gave Gold","damage_taken":0,"max_hp_gain":0,"max_hp_loss":0,"event_name":"Beggar","floor":27,"gold_loss":75},{"damage_healed":0,"gold_gain":0,"player_choice":"Fight","damage_taken":0,"max_hp_gain":0,"max_hp_loss":0,"event_name":"Colosseum","floor":29,"gold_loss":0},{"damage_healed":0,"gold_gain":0,"player_choice":"Fled From Nobs","damage_taken":0,"max_hp_gain":0,"max_hp_loss":0,"event_name":"Colosseum","floor":29,"gold_loss":0}],"is_beta":false,"boss_relics":[{"not_picked":["Coffee Dripper","Cursed Key"],"picked":"White Beast Statue"}],"items_purged_floors":[],"is_endless":false,"potions_floor_spawned":[4,6,10,12,18,21,24,28,29,31],"killed_by":"Collector","ascension_level":0}