{"gold_per_floor":[110,130,130,130,151,151,195,195,218,218,259,259,209,17,17,17],"floor_reached":16,"playtime":430,"items_purged":[],"score":127,"play_id":"3aea305b-4c06-4300-8639-2ac8ade91a36","local_time":"20190420205237","is_ascension_mode":true,"campfire_choices":[{"data":"Shrug It Off","floor":6,"key":"SMITH"},{"data":"Strike_R","floor":8,"key":"SMITH"},{"floor":10,"key":"REST"},{"data":"Strike_R","floor":12,"key":"SMITH"},{"floor":15,"key":"REST"}],"neow_cost":"NONE","seed_source_timestamp":38401181866810,"circlet_count":0,"master_deck":["Strike_R+1","Strike_R+1","Strike_R","Strike_R","Strike_R","Defend_R","Defend_R","Defend_R","Bash+1","Perfected Strike+1","Shrug It Off+1"],"relics":["Burning Blood","Golden Idol","Juzu Bracelet","Red Skull","Ginger","Membership Card"],"potions_floor_usage":[],"damage_taken":[{"damage":1,"enemies":"Cultist","floor":1,"turns":3},{"damage":10,"enemies":"Small Slimes","floor":2,"turns":3},{"damage":9,"enemies":"Jaw Worm","floor":5,"turns":4},{"damage":40,"enemies":"3 Sentries","floor":7,"turns":11},{"damage":7,"enemies":"Gremlin Nob","floor":11,"turns":3},{"damage":70,"enemies":"The Guardian","floor":16,"turns":11}],"seed_played":"4189912222747638002","potions_obtained":[{"floor":5,"key":"Swift Potion"}],"is_trial":false,"path_per_floor":["M","M","?","?","M","R","E","R","T","R","E","R","?","$","R","B"],"character_chosen":"IRONCLAD","items_purchased":["Membership Card"],"campfire_rested":2,"item_purchase_floors":[14],"current_hp_per_floor":[80,76,76,56,53,53,19,19,19,43,42,42,42,42,66,0],"gold":17,"neow_bonus":"UPGRADE_CARD","is_prod":false,"is_daily":false,"chose_seed":false,"campfire_upgraded":3,"win_rate":0,"timestamp":1555811557,"path_taken":["M","M","?","?","M","R","E","R","T","R","E","R","?","$","R","BOSS"],"build_version":"2019-04-20","purchased_purges":0,"victory":false,"max_hp_per_floor":[80,80,80,80,80,80,80,80,80,80,80,80,80,80,80,80],"card_choices":[{"not_picked":["Clash","Pummel"],"picked":"Perfected Strike","floor":1},{"not_picked":["Sword Boomerang","Anger","Thunderclap"],"picked":"SKIP","floor":2},{"not_picked":["Reckless Charge","Warcry"],"picked":"Shrug It Off","floor":5},{"not_picked":["True Grit","Body Slam","Clash"],"picked":"SKIP","floor":7},{"not_picked":["Heavy Blade","True Grit","Burning Pact"],"picked":"SKIP","floor":11}],"player_experience":268421,"relics_obtained":[{"floor":7,"key":"Juzu Bracelet"},{"floor":9,"key":"Red Skull"},{"floor":11,"key":"Ginger"}],"event_choices":[{"damage_healed":0,"gold_gain":0,"player_choice":"Grow","damage_taken":0,"max_hp_gain":0,"max_hp_loss":0,"event_name":"Living Wall","floor":3,"gold_loss":0,"cards_upgraded":["Perfected Strike"]},{"damage_healed":0,"gold_gain":0,"player_choice":"Take Damage","damage_taken":20,"relics_obtained":["Golden Idol"],"max_hp_gain":0,"max_hp_loss":0,"event_name":"Golden Idol","floor":4,"gold_loss":0},{"cards_removed":["Defend_R"],"damage_healed":0,"gold_gain":0,"player_choice":"Card Removal","damage_taken":0,"max_hp_gain":0,"max_hp_loss":0,"event_name":"The Cleric","floor":13,"gold_loss":50}],"is_beta":true,"boss_relics":[],"items_purged_floors":[],"is_endless":false,"potions_floor_spawned":[5],"killed_by":"The Guardian","ascension_level":4}