{"gold_per_floor":[113,113,133,308,326,25,25,35,59,59,75,75,75,90,90,186,186,186,186,186,186,186,186,186,186,186,186,186,186,8,8,8,8],"floor_reached":33,"playtime":1702,"items_purged":["Doubt"],"score":389,"play_id":"557aee19-4acf-48a4-b799-ffe399a43a58","local_time":"20190513222146","is_ascension_mode":true,"campfire_choices":[{"floor":7.0,"key":"REST"},{"data":"Zap","floor":10.0,"key":"SMITH"},{"data":"Dualcast","floor":13.0,"key":"SMITH"},{"data":"Go for the Eyes","floor":15.0,"key":"SMITH"},{"floor":23,"key":"REST"},{"floor":27,"key":"REST"},{"floor":32,"key":"REST"}],"neow_cost":"CURSE","seed_source_timestamp":0,"circlet_count":0,"master_deck":["AscendersBane","Strike_B+1","Defend_B","Defend_B","Defend_B","Zap+1","Dualcast+1","Thunder Strike+1","Rip and Tear","Recycle","FTL","Genetic Algorithm+1","Electrodynamics","Hologram","Go for the Eyes+1","Echo Form+1","Self Repair","Reinforced Body","Fusion","Machine Learning","Consume","Apotheosis","Redo+1"],"special_seed":0,"relics":["Cracked Core","DataDisk","Whetstone","Ectoplasm","Tiny Chest","Bag of Marbles"],"potions_floor_usage":[24,25,29,31,31],"damage_taken":[{"damage":18.0,"enemies":"Small Slimes","floor":1.0,"turns":3.0},{"damage":7.0,"enemies":"Jaw Worm","floor":3.0,"turns":2.0},{"damage":0.0,"enemies":"2 Louse","floor":5.0,"turns":2.0},{"damage":3.0,"enemies":"Large Slime","floor":8.0,"turns":4.0},{"damage":3.0,"enemies":"2 Fungi Beasts","floor":11.0,"turns":2.0},{"damage":10.0,"enemies":"Gremlin Gang","floor":14.0,"turns":2.0},{"damage":27.0,"enemies":"Hexaghost","floor":16.0,"turns":8.0},{"damage":18.0,"enemies":"Shell Parasite","floor":18.0,"turns":5.0},{"damage":18.0,"enemies":"3 Byrds","floor":21.0,"turns":2.0},{"damage":31,"enemies":"Centurion and Healer","floor":24,"turns":5},{"damage":46,"enemies":"Book of Stabbing","floor":25,"turns":7},{"damage":18,"enemies":"Snake Plant","floor":28,"turns":4},{"damage":19,"enemies":"Shelled Parasite and Fungi","floor":29,"turns":5},{"damage":0,"enemies":"Centurion and Healer","floor":31,"turns":6},{"damage":41,"enemies":"Collector","floor":33,"turns":4}],"seed_played":"-1836442155754571439","potions_obtained":[{"floor":3.0,"key":"Weak Potion"},{"floor":8.0,"key":"EssenceOfSteel"},{"floor":11.0,"key":"Energy Potion"},{"floor":14.0,"key":"Strength Potion"},{"floor":16.0,"key":"FearPotion"},{"floor":21.0,"key":"Regen Potion"},{"floor":28,"key":"GamblersBrew"},{"floor":29,"key":"Poison Potion"}],"is_trial":false,"path_per_floor":["M","?","M","?","M","$","R","M","T","R","M","?","R","M","R","B",null,"M","?","?","M","?","R","M","E","T","R","M","M","$","M","R","B"],"character_chosen":"DEFECT","items_purchased":["Electrodynamics","DataDisk","Apotheosis"],"campfire_rested":4,"item_purchase_floors":[6,6,30],"current_hp_per_floor":[50,43,36,36,36,36,58,55,55,55,52,52,52,42,42,15,60,42,42,42,38,38,60,50,18,18,40,29,10,10,17,39,0],"gold":8,"neow_bonus":"TRANSFORM_TWO_CARDS","is_prod":false,"is_daily":false,"chose_seed":false,"campfire_upgraded":3,"win_rate":0,"timestamp":1557782506,"path_taken":["M","?","M","?","M","$","R","M","T","R","M","?","R","M","R","BOSS","M","?","?","?","?","R","M","E","T","R","?","M","$","M","R","BOSS"],"build_version":"2019-01-23","purchased_purges":1,"victory":false,"max_hp_per_floor":[75,75,75,75,75,75,75,75,75,75,75,75,75,75,75,75,75,75,75,75,75,75,75,75,75,75,75,75,75,75,75,75,75],"card_choices":[{"not_picked":["Barrage","Darkness"],"picked":"Recycle","floor":1.0},{"not_picked":["Leap","Compile Driver"],"picked":"FTL","floor":3.0},{"not_picked":["Ball Lightning","BootSequence"],"picked":"Genetic Algorithm","floor":5.0},{"not_picked":["Fusion","Hello World","Force Field"],"picked":"SKIP","floor":8.0},{"not_picked":["Heatsinks","Sweeping Beam"],"picked":"Hologram","floor":11.0},{"not_picked":["Genetic Algorithm","Recycle"],"picked":"Go for the Eyes","floor":14.0},{"not_picked":["Fission","All For One"],"picked":"Echo Form","floor":16.0},{"not_picked":["Ball Lightning","Undo"],"picked":"Self Repair","floor":18.0},{"not_picked":["Streamline","Blizzard","Hello World+1"],"picked":"SKIP","floor":21.0},{"not_picked":["Genetic Algorithm","Doom and Gloom","Rip and Tear"],"picked":"SKIP","floor":24},{"not_picked":["Rebound","Stack+1"],"picked":"Consume","floor":25},{"not_picked":["Sweeping Beam+1","Leap","Steam+1"],"picked":"SKIP","floor":28},{"not_picked":["Heatsinks","Static Discharge","Darkness+1"],"picked":"SKIP","floor":29},{"not_picked":["Hello World","Recycle"],"picked":"Redo+1","floor":31}],"player_experience":545348,"relics_obtained":[{"floor":9.0,"key":"Whetstone"},{"floor":25,"key":"Tiny Chest"},{"floor":26,"key":"Bag of Marbles"}],"event_choices":[{"cards_removed":["Doubt"],"damage_healed":0.0,"max_hp_gain":0.0,"max_hp_loss":0.0,"gold_gain":0.0,"event_name":"Golden Wing","player_choice":"Card Removal","floor":2.0,"gold_loss":0.0,"damage_taken":7.0},{"damage_healed":0.0,"max_hp_gain":0.0,"max_hp_loss":0.0,"gold_gain":175.0,"event_name":"Liars Game","player_choice":"AGREE","floor":4.0,"gold_loss":0.0,"damage_taken":0.0,"cards_obtained":["Doubt"]},{"damage_healed":0.0,"max_hp_gain":0.0,"max_hp_loss":0.0,"gold_gain":0.0,"event_name":"Living Wall","player_choice":"Grow","floor":12.0,"gold_loss":0.0,"damage_taken":0.0,"cards_upgraded":["Genetic Algorithm"]},{"damage_healed":0.0,"max_hp_gain":0.0,"max_hp_loss":0.0,"gold_gain":0.0,"cards_transformed":["Defend_B","Strike_B"],"event_name":"Drug Dealer","player_choice":"Became Test Subject","floor":19.0,"gold_loss":0.0,"damage_taken":0.0,"cards_obtained":["Reinforced Body","Fusion"]},{"damage_healed":0.0,"max_hp_gain":0.0,"max_hp_loss":0.0,"gold_gain":0.0,"event_name":"Upgrade Shrine","player_choice":"Upgraded","floor":20.0,"gold_loss":0.0,"damage_taken":0.0,"cards_upgraded":["Echo Form"]},{"damage_healed":0.0,"max_hp_gain":0.0,"max_hp_loss":0.0,"gold_gain":0.0,"event_name":"Match and Keep!","player_choice":"1 cards matched","floor":22.0,"gold_loss":0.0,"damage_taken":0.0,"cards_obtained":["Machine Learning"]}],"is_beta":false,"boss_relics":[{"not_picked":["Nuclear Battery","Orrery"],"picked":"Ectoplasm"}],"items_purged_floors":[6],"is_endless":false,"potions_floor_spawned":[3,8,11,14,16,21,28,29],"killed_by":"Collector","ascension_level":10}