{"gold_per_floor":[118,132,145,160,160,160,178,204,228,228,251,266,266,289,289,418,481,495,74,93,109,132,132,165,165],"floor_reached":25,"playtime":1395,"items_purged":["Injury"],"score":355,"play_id":"ae923a9c-0f10-45eb-8dd6-c1b020194690","local_time":"20190321191052","is_ascension_mode":true,"campfire_choices":[{"data":"Defragment","floor":6.0,"key":"SMITH"},{"floor":13.0,"key":"REST"},{"floor":15.0,"key":"REST"},{"floor":23.0,"key":"REST"}],"neow_cost":"CURSE","seed_source_timestamp":1453678869896,"circlet_count":0,"master_deck":["AscendersBane","Strike_B","Strike_B","Strike_B","Strike_B","Defend_B","Defend_B","Defend_B","Defend_B","Zap+1","Dualcast","Defragment+1","Ball Lightning","Leap","Barrage","Cold Snap","Blizzard","Undo","Sweeping Beam","Blizzard","Electrodynamics","Chill","Go for the Eyes","Coolheaded","Gash+1","Fusion+1","Sweeping Beam+1","Gash+1","Glacier+1"],"special_seed":0,"relics":["Cracked Core","Torii","Kunai","Blood Vial","Golden Idol","Tiny House","Molten Egg 2","Anchor"],"potions_floor_usage":[24],"damage_taken":[{"damage":0.0,"enemies":"Cultist","floor":1.0,"turns":4.0},{"damage":7.0,"enemies":"2 Louse","floor":2.0,"turns":3.0},{"damage":0.0,"enemies":"Small Slimes","floor":3.0,"turns":2.0},{"damage":1.0,"enemies":"Blue Slaver","floor":4.0,"turns":3.0},{"damage":12.0,"enemies":"Looter","floor":7.0,"turns":3.0},{"damage":11.0,"enemies":"3 Sentries","floor":8.0,"turns":6.0},{"damage":13.0,"enemies":"Gremlin Gang","floor":11.0,"turns":3.0},{"damage":11.0,"enemies":"Exordium Wildlife","floor":12.0,"turns":5.0},{"damage":11.0,"enemies":"2 Fungi Beasts","floor":14.0,"turns":3.0},{"damage":44.0,"enemies":"Slime Boss","floor":16.0,"turns":11.0},{"damage":8.0,"enemies":"Shell Parasite","floor":18.0,"turns":7.0},{"damage":1.0,"enemies":"Chosen","floor":20.0,"turns":6.0},{"damage":24.0,"enemies":"Centurion and Healer","floor":21.0,"turns":6.0},{"damage":26.0,"enemies":"Snake Plant","floor":22.0,"turns":5.0},{"damage":30,"enemies":"Book of Stabbing","floor":24,"turns":8},{"damage":14,"enemies":"Shelled Parasite and Fungi","floor":25,"turns":5}],"seed_played":"-7840935526847333792","potions_obtained":[{"floor":2.0,"key":"Strength Potion"},{"floor":7.0,"key":"Energy Potion"},{"floor":8.0,"key":"EssenceOfSteel"},{"floor":12.0,"key":"Dexterity Potion"},{"floor":17.0,"key":"Ancient Potion"},{"floor":21.0,"key":"Dexterity Potion"}],"is_trial":false,"path_per_floor":["M","M","M","M","?","R","M","E","T","?","M","M","R","M","R","B",null,"M","$","M","M","M","R","E","M"],"character_chosen":"DEFECT","items_purchased":["Molten Egg 2","Coolheaded","Gash+1"],"campfire_rested":3,"item_purchase_floors":[19,19,19],"current_hp_per_floor":[68,61,61,60,53,53,41,30,30,30,19,10,32,23,45,3,62,56,56,57,35,11,35,7,0],"gold":165,"neow_bonus":"ONE_RARE_RELIC","is_prod":false,"is_daily":false,"chose_seed":false,"campfire_upgraded":1,"win_rate":0,"timestamp":1553220652,"path_taken":["M","?","M","M","?","R","M","E","T","?","M","M","R","M","R","BOSS","M","$","M","M","M","R","E","M"],"build_version":"2019-01-23","purchased_purges":1,"victory":false,"max_hp_per_floor":[75,75,75,75,75,75,75,75,75,75,75,75,75,75,75,75,80,80,80,80,80,80,80,80,80],"card_choices":[{"not_picked":["Rebound","Leap"],"picked":"Defragment","floor":1.0},{"not_picked":["Beam Cell","Melter"],"picked":"Ball Lightning","floor":2.0},{"not_picked":["Blizzard","Melter"],"picked":"Leap","floor":3.0},{"not_picked":["Rebound","Force Field"],"picked":"Barrage","floor":4.0},{"not_picked":["Steam","Sweeping Beam"],"picked":"Cold Snap","floor":7.0},{"not_picked":["Buffer","Barrage"],"picked":"Blizzard","floor":8.0},{"not_picked":["Double Energy","Gash"],"picked":"Undo","floor":11.0},{"not_picked":["Tempest","Streamline"],"picked":"Sweeping Beam","floor":12.0},{"not_picked":["Compile Driver","Genetic Algorithm"],"picked":"Blizzard","floor":14.0},{"not_picked":["Fission","Reboot"],"picked":"Electrodynamics","floor":16.0},{"not_picked":["Steam","Reprogram"],"picked":"Chill","floor":17.0},{"not_picked":["Steam","Barrage"],"picked":"Go for the Eyes","floor":18.0},{"not_picked":["Rebound+1","Cold Snap+1"],"picked":"Fusion+1","floor":20.0},{"not_picked":["Conserve Battery","Consume"],"picked":"Sweeping Beam+1","floor":21.0},{"not_picked":["Hologram","Undo"],"picked":"Gash+1","floor":22.0},{"not_picked":["Conserve Battery+1","Leap"],"picked":"Glacier+1","floor":24}],"player_experience":511797,"relics_obtained":[{"floor":8.0,"key":"Kunai"},{"floor":9.0,"key":"Blood Vial"},{"floor":24,"key":"Anchor"}],"event_choices":[{"cards_removed":["Normality"],"damage_healed":0.0,"max_hp_gain":0.0,"max_hp_loss":0.0,"gold_gain":0.0,"event_name":"Golden Wing","player_choice":"Card Removal","floor":5.0,"gold_loss":0.0,"damage_taken":7.0},{"damage_healed":0.0,"max_hp_gain":0.0,"max_hp_loss":0.0,"gold_gain":0.0,"event_name":"Golden Idol","player_choice":"Take Wound","floor":10.0,"gold_loss":0.0,"damage_taken":0.0,"relics_obtained":["Golden Idol"],"cards_obtained":["Injury"]}],"is_beta":false,"boss_relics":[{"not_picked":["Ectoplasm","Empty Cage"],"picked":"Tiny House"}],"items_purged_floors":[19],"is_endless":false,"potions_floor_spawned":[2,7,8,12,14,21,22],"killed_by":"Shelled Parasite and Fungi","ascension_level":11}