{"gold_per_floor":[118,118,133,133,150,150,160,160,160,160,48,48,77,77,77,150,150,161,179,29,43,60,60,60,21,51,51],"floor_reached":27,"playtime":808,"items_purged":["Strike_R","Strike_R+1"],"score":422,"play_id":"6e6e6931-de3c-4247-b89d-7f42abf5f955","local_time":"20190409170447","is_ascension_mode":true,"campfire_choices":[{"floor":6.0,"key":"RECALL"},{"data":"Carnage","floor":8.0,"key":"SMITH"},{"data":"Infernal Blade","floor":10.0,"key":"SMITH"},{"data":"Disarm","floor":12.0,"key":"SMITH"},{"data":"Pommel Strike","floor":15.0,"key":"SMITH"},{"data":"Offering","floor":23.0,"key":"SMITH"}],"neow_cost":"TEN_PERCENT_HP_LOSS","seed_source_timestamp":23090214010470,"circlet_count":0,"master_deck":["AscendersBane","Defend_R","Defend_R","Defend_R","Bash+1","Carnage+1","Disarm+1","Pommel Strike+1","Offering+1","Bloodletting+1","Limit Break+1","Rage+1","Sword Boomerang+1","True Grit","Burning Pact","Feel No Pain"],"special_seed":0,"relics":["Burning Blood","StoneCalendar","Pantograph","Astrolabe","Tiny Chest"],"potions_floor_usage":[],"damage_taken":[{"damage":4.0,"enemies":"Jaw Worm","floor":1.0,"turns":5.0},{"damage":4.0,"enemies":"2 Louse","floor":3.0,"turns":4.0},{"damage":0.0,"enemies":"Small Slimes","floor":5.0,"turns":2.0},{"damage":9.0,"enemies":"2 Fungi Beasts","floor":7.0,"turns":3.0},{"damage":35.0,"enemies":"Gremlin Nob","floor":13.0,"turns":4.0},{"damage":22.0,"enemies":"Hexaghost","floor":16.0,"turns":7.0},{"damage":35.0,"enemies":"3 Byrds","floor":18.0,"turns":7.0},{"damage":13.0,"enemies":"2 Thieves","floor":19.0,"turns":3.0},{"damage":9.0,"enemies":"Centurion and Healer","floor":21.0,"turns":7.0},{"damage":15.0,"enemies":"Cultist and Chosen","floor":22.0,"turns":5.0},{"damage":21,"enemies":"Snecko","floor":27,"turns":2}],"seed_played":"2297316710548839804","potions_obtained":[{"floor":1.0,"key":"FearPotion"},{"floor":3.0,"key":"Poison Potion"},{"floor":7.0,"key":"AttackPotion"},{"floor":13.0,"key":"SteroidPotion"},{"floor":18.0,"key":"PowerPotion"},{"floor":21.0,"key":"Dexterity Potion"}],"is_trial":false,"path_per_floor":["M","?","M","?","M","R","M","R","T","R","$","R","E","?","R","B",null,"M","M","$","M","M","R","?","$","T","M"],"character_chosen":"IRONCLAD","items_purchased":["Disarm","True Grit","Feel No Pain"],"campfire_rested":0,"item_purchase_floors":[11,20,25],"current_hp_per_floor":[68,73,73,51,57,57,54,54,54,54,54,54,25,25,25,34,63,34,27,27,24,15,15,15,15,15,0],"gold":51,"neow_bonus":"ONE_RARE_RELIC","is_prod":false,"is_daily":false,"chose_seed":false,"campfire_upgraded":5,"win_rate":0,"timestamp":1554800687,"path_taken":["M","?","M","?","M","R","M","R","T","R","$","R","E","?","R","BOSS","M","M","?","M","M","R","?","?","T","M"],"build_version":"2019-01-23","purchased_purges":2,"victory":false,"max_hp_per_floor":[68,73,73,73,73,73,73,73,73,73,73,73,73,73,73,73,73,73,73,73,73,73,73,73,73,73,73],"card_choices":[{"not_picked":["Sever Soul","Intimidate","Hemokinesis"],"picked":"SKIP","floor":1.0},{"not_picked":["Corruption","Rupture","Clash"],"picked":"SKIP","floor":3.0},{"not_picked":["Warcry","Uppercut"],"picked":"Infernal Blade","floor":5.0},{"not_picked":["Havoc","Sword Boomerang"],"picked":"Carnage","floor":7.0},{"not_picked":["Uppercut","Armaments"],"picked":"Pommel Strike","floor":13.0},{"not_picked":["Exhume","Berserk"],"picked":"Offering","floor":16.0},{"not_picked":["Pummel","Dual Wield"],"picked":"Sword Boomerang+1","floor":18.0},{"not_picked":["Pommel Strike","Carnage","Intimidate"],"picked":"SKIP","floor":19.0},{"not_picked":["Perfected Strike","Bloodletting","Wild Strike"],"picked":"SKIP","floor":21.0},{"not_picked":["Hemokinesis","Battle Trance"],"picked":"Burning Pact","floor":22.0}],"player_experience":1558408,"relics_obtained":[{"floor":13.0,"key":"Pantograph"},{"floor":26.0,"key":"Tiny Chest"}],"event_choices":[{"damage_healed":0.0,"max_hp_gain":5.0,"max_hp_loss":0.0,"gold_gain":0.0,"event_name":"Big Fish","player_choice":"Donut","floor":2.0,"gold_loss":0.0,"damage_taken":0.0},{"damage_healed":0.0,"max_hp_gain":0.0,"max_hp_loss":0.0,"gold_gain":0.0,"event_name":"Shining Light","player_choice":"Entered Light","floor":4.0,"gold_loss":0.0,"damage_taken":22.0,"cards_upgraded":["Bash","Strike_R"]},{"cards_removed":["Strike_R"],"damage_healed":0.0,"max_hp_gain":0.0,"max_hp_loss":0.0,"gold_gain":0.0,"event_name":"Bonfire Elementals","player_choice":"Offered Basic","floor":14.0,"gold_loss":0.0,"damage_taken":0.0},{"cards_removed":["Defend_R"],"damage_healed":0.0,"max_hp_gain":0.0,"max_hp_loss":0.0,"gold_gain":0.0,"event_name":"Purifier","player_choice":"Purged","floor":24.0,"gold_loss":0.0,"damage_taken":0.0}],"is_beta":false,"boss_relics":[{"not_picked":["Eternal Feather","Sozu"],"picked":"Astrolabe"}],"items_purged_floors":[11,20],"is_endless":false,"potions_floor_spawned":[1,3,7,13,16,18,21],"killed_by":"Snecko","ascension_level":20}