{"gold_per_floor":[10,27,46,46,46,74,74,101,101,26,41,56,89,89,89,167,217,230,230,248,263,279,279,279,169,169,169],"floor_reached":27,"playtime":977,"items_purged":["Strike_R"],"score":466,"play_id":"bdbc2e4c-ce51-4218-92ea-2c178d38c788","local_time":"20190228000345","is_ascension_mode":true,"campfire_choices":[{"data":"Metamorphosis","floor":7.0,"key":"SMITH"},{"data":"Entrench","floor":15.0,"key":"SMITH"},{"floor":23.0,"key":"REST"}],"neow_cost":"NO_GOLD","seed_source_timestamp":609997009979185,"circlet_count":0,"master_deck":["AscendersBane","Strike_R","Strike_R+1","Defend_R","Defend_R","Defend_R+1","Defend_R","Bash","The Bomb","Metamorphosis+1","Battle Trance","Shockwave","Metallicize","Shrug It Off","Entrench+1","Exhume","Dropkick+1","True Grit","Power Through","Seeing Red"],"special_seed":0,"relics":["Burning Blood","Turnip","Calipers","Ice Cream","Molten Egg 2","Tiny House","Gremlin Horn"],"potions_floor_usage":[],"damage_taken":[{"damage":2.0,"enemies":"Cultist","floor":1.0,"turns":4.0},{"damage":13.0,"enemies":"2 Louse","floor":2.0,"turns":3.0},{"damage":7.0,"enemies":"Jaw Worm","floor":3.0,"turns":3.0},{"damage":10.0,"enemies":"Lagavulin","floor":6.0,"turns":5.0},{"damage":26.0,"enemies":"Gremlin Nob","floor":8.0,"turns":4.0},{"damage":10.0,"enemies":"Large Slime","floor":11.0,"turns":6.0},{"damage":8.0,"enemies":"Lots of Slimes","floor":12.0,"turns":3.0},{"damage":19.0,"enemies":"3 Sentries","floor":13.0,"turns":6.0},{"damage":19.0,"enemies":"Hexaghost","floor":16.0,"turns":9.0},{"damage":28.0,"enemies":"Spheric Guardian","floor":18.0,"turns":4.0},{"damage":15.0,"enemies":"Shell Parasite","floor":20.0,"turns":4.0},{"damage":21.0,"enemies":"Centurion and Healer","floor":21.0,"turns":6.0},{"damage":17.0,"enemies":"Snecko","floor":22.0,"turns":8.0},{"damage":38,"enemies":"Book of Stabbing","floor":27,"turns":4}],"seed_played":"-3293021853819138595","potions_obtained":[{"floor":2.0,"key":"SkillPotion"},{"floor":4.0,"key":"Explosive Potion"},{"floor":6.0,"key":"SpeedPotion"},{"floor":8.0,"key":"Energy Potion"},{"floor":12.0,"key":"Swift Potion"},{"floor":17.0,"key":"SpeedPotion"},{"floor":20.0,"key":"Fruit Juice"}],"is_trial":false,"path_per_floor":["M","M","M","?","$","E","R","E","T","$","M","M","E","?","R","B",null,"M","?","M","M","M","R","?","?","T","E"],"character_chosen":"IRONCLAD","items_purchased":[],"campfire_rested":1,"item_purchase_floors":[],"current_hp_per_floor":[72,65,64,64,64,60,60,40,40,40,36,34,21,21,21,8,63,41,41,32,22,11,36,36,36,36,0],"gold":169,"neow_bonus":"RANDOM_COLORLESS_2","is_prod":false,"is_daily":false,"chose_seed":false,"campfire_upgraded":2,"win_rate":0,"timestamp":1551283425,"path_taken":["M","M","M","?","?","E","R","E","T","$","?","M","E","?","R","BOSS","M","?","M","M","M","R","?","?","T","E"],"build_version":"2019-01-23","purchased_purges":1,"victory":false,"max_hp_per_floor":[75,75,75,75,75,75,75,75,75,75,75,75,75,75,75,75,80,80,80,80,85,85,85,85,85,85,85],"card_choices":[{"not_picked":["Clash","Wild Strike","Uppercut"],"picked":"SKIP","floor":1.0},{"not_picked":["Anger","Perfected Strike"],"picked":"Battle Trance","floor":2.0},{"not_picked":["Cleave","Pummel"],"picked":"Shockwave","floor":3.0},{"not_picked":["Clash","Blood for Blood"],"picked":"Metallicize","floor":6.0},{"not_picked":["Immolate","Pommel Strike","Twin Strike"],"picked":"SKIP","floor":8.0},{"not_picked":["Rupture","Twin Strike"],"picked":"Shrug It Off","floor":11.0},{"not_picked":["Thunderclap","Headbutt"],"picked":"Entrench","floor":12.0},{"not_picked":["Fiend Fire","Havoc","Flex"],"picked":"SKIP","floor":13.0},{"not_picked":["Fiend Fire+1","Demon Form"],"picked":"Exhume","floor":16.0},{"not_picked":["Perfected Strike+1","Rupture"],"picked":"Dropkick+1","floor":17.0},{"not_picked":["Rampage+1","Perfected Strike+1","Twin Strike+1"],"picked":"SKIP","floor":18.0},{"not_picked":["Perfected Strike+1","Iron Wave+1"],"picked":"Power Through","floor":20.0},{"not_picked":["Sword Boomerang+1","Anger+1","Warcry"],"picked":"SKIP","floor":21.0},{"not_picked":["Disarm","Seeing Red","Clothesline+1"],"picked":"SKIP","floor":22.0},{"not_picked":["Disarm","Clothesline+1"],"picked":"Seeing Red","floor":22.0}],"player_experience":1091302,"relics_obtained":[{"floor":6.0,"key":"Turnip"},{"floor":8.0,"key":"Calipers"},{"floor":9.0,"key":"Ice Cream"},{"floor":13.0,"key":"Molten Egg 2"},{"floor":26,"key":"Gremlin Horn"}],"event_choices":[{"damage_healed":0.0,"max_hp_gain":0.0,"max_hp_loss":0.0,"gold_gain":0.0,"event_name":"Lab","player_choice":"Got Potions","floor":4.0,"gold_loss":0.0,"damage_taken":0.0},{"cards_removed":["Strike_R"],"damage_healed":0.0,"max_hp_gain":0.0,"max_hp_loss":0.0,"gold_gain":0.0,"event_name":"Living Wall","player_choice":"Forget","floor":14.0,"gold_loss":0.0,"damage_taken":0.0},{"damage_healed":0.0,"max_hp_gain":0.0,"max_hp_loss":0.0,"gold_gain":0.0,"event_name":"The Library","player_choice":"Read","floor":19.0,"gold_loss":0.0,"damage_taken":0.0,"cards_obtained":["True Grit"]},{"damage_healed":0.0,"max_hp_gain":0.0,"max_hp_loss":0.0,"gold_gain":0.0,"event_name":"Cursed Tome","player_choice":"Ignored","floor":24.0,"gold_loss":0.0,"damage_taken":0.0},{"cards_removed":["Strike_R"],"damage_healed":0,"gold_gain":0,"player_choice":"Upgrade and Remove","damage_taken":0,"max_hp_gain":0,"max_hp_loss":0,"event_name":"Designer","floor":25,"gold_loss":110,"cards_upgraded":["Defend_R"]}],"is_beta":false,"boss_relics":[{"not_picked":["Black Blood","Busted Crown"],"picked":"Tiny House"}],"items_purged_floors":[10],"is_endless":false,"potions_floor_spawned":[2,6,8,12,20],"killed_by":"Book of Stabbing","ascension_level":20}