{"gold_per_floor":[117,133,145,214,233,267,267,296,321,321,321,354,368,28,28,102,102,114,64,74,91,6,6,38,38],"floor_reached":25,"playtime":1137,"items_purged":["Strike_G"],"score":482,"play_id":"4ec945b6-d216-4579-b8fb-c8930a525de2","local_time":"20190510225209","is_ascension_mode":true,"campfire_choices":[{"floor":7,"key":"REST"},{"floor":11,"key":"REST"},{"floor":15,"key":"REST"},{"data":"Noxious Fumes","floor":23,"key":"SMITH"}],"neow_cost":"NONE","seed_source_timestamp":461283090720265,"circlet_count":0,"master_deck":["AscendersBane","Defend_G+1","Defend_G","Defend_G+1","Defend_G","Defend_G+1","Strike_G","Strike_G","Strike_G","Strike_G","Survivor","Neutralize+1","Well Laid Plans","Noxious Fumes+1","Predator","Blur","Deflect","Burst","Deflect+1","Dodge and Roll","Bane","Dagger Spray+1","Backflip","PiercingWail","After Image"],"relics":["Ring of the Snake","Centennial Puzzle","Boot","Art of War","War Paint","TwistedFunnel","Orrery","Girya"],"potions_floor_usage":[6,16,16,24,24],"damage_taken":[{"damage":1,"enemies":"Jaw Worm","floor":1,"turns":4},{"damage":1,"enemies":"Small Slimes","floor":2,"turns":5},{"damage":0,"enemies":"Cultist","floor":3,"turns":4},{"damage":6,"enemies":"Exordium Wildlife","floor":5,"turns":5},{"damage":32,"enemies":"Gremlin Nob","floor":6,"turns":5},{"damage":19,"enemies":"Lagavulin","floor":8,"turns":9},{"damage":26,"enemies":"3 Sentries","floor":12,"turns":10},{"damage":0,"enemies":"Large Slime","floor":13,"turns":7},{"damage":12,"enemies":"Slime Boss","floor":16,"turns":12},{"damage":8,"enemies":"3 Byrds","floor":18,"turns":5},{"damage":6,"enemies":"Chosen","floor":20,"turns":5},{"damage":18,"enemies":"Sentry and Sphere","floor":21,"turns":7},{"damage":11,"enemies":"Gremlin Leader","floor":24,"turns":7},{"damage":29,"enemies":"Chosen and Byrds","floor":25,"turns":3}],"seed_played":"6553989829782275384","potions_obtained":[{"floor":3,"key":"Dexterity Potion"},{"floor":5,"key":"Block Potion"},{"floor":8,"key":"Weak Potion"},{"floor":13,"key":"Explosive Potion"},{"floor":16,"key":"Poison Potion"},{"floor":20,"key":"SteroidPotion"}],"is_trial":false,"path_per_floor":["M","M","M","?","M","E","R","E","T","?","R","E","M","$","R","B",null,"M","?","M","M","$","R","E","M"],"character_chosen":"THE_SILENT","items_purchased":["TwistedFunnel","PowerPotion","Regen Potion"],"campfire_rested":3,"item_purchase_floors":[14,14,22],"current_hp_per_floor":[58,57,57,57,51,19,38,19,19,19,38,12,12,12,31,19,54,46,46,40,22,22,22,26,0],"gold":38,"neow_bonus":"UPGRADE_CARD","is_prod":false,"is_daily":false,"chose_seed":false,"campfire_upgraded":1,"win_rate":0,"timestamp":1557539529,"path_taken":["M","M","M","?","M","E","R","E","T","?","R","E","M","$","R","BOSS","M","?","?","M","$","R","E","M"],"build_version":"2019-01-23","purchased_purges":1,"victory":false,"max_hp_per_floor":[66,66,66,66,66,66,66,66,66,66,66,66,66,66,66,66,66,66,66,66,66,66,66,66,66],"card_choices":[{"not_picked":["Deadly Poison","Deflect"],"picked":"Well Laid Plans","floor":1},{"not_picked":["Flying Knee","Acrobatics"],"picked":"Noxious Fumes","floor":2},{"not_picked":["Bane","Phantasmal Killer"],"picked":"Predator","floor":3},{"not_picked":["Reflex","Slice","Acrobatics"],"picked":"SKIP","floor":5},{"not_picked":["Underhanded Strike","Bane"],"picked":"Blur","floor":6},{"not_picked":["Calculated Gamble","Venomology","Heel Hook"],"picked":"SKIP","floor":8},{"not_picked":["Blade Dance","Unload","Reflex"],"picked":"SKIP","floor":12},{"not_picked":["Prepared","Bane"],"picked":"Deflect","floor":13},{"not_picked":["Bullet Time","Grand Finale"],"picked":"Burst","floor":16},{"not_picked":["Slice","Blur"],"picked":"Deflect","floor":17},{"not_picked":["Poisoned Stab","Outmaneuver"],"picked":"Dodge and Roll","floor":17},{"not_picked":["Dagger Spray","Dagger Throw"],"picked":"Bane","floor":17},{"not_picked":["Underhanded Strike","Poisoned Stab"],"picked":"Dagger Spray+1","floor":18},{"not_picked":["Dodge and Roll","Dagger Spray"],"picked":"Backflip","floor":20},{"not_picked":["Accuracy","Backstab"],"picked":"PiercingWail","floor":21},{"not_picked":["PiercingWail","Bane"],"picked":"After Image","floor":24}],"player_experience":2305316,"relics_obtained":[{"floor":6,"key":"Centennial Puzzle"},{"floor":8,"key":"Boot"},{"floor":9,"key":"Art of War"},{"floor":12,"key":"War Paint"},{"floor":24,"key":"Girya"}],"event_choices":[{"damage_healed":0,"gold_gain":69,"player_choice":"Gained Gold","damage_taken":0,"max_hp_gain":0,"max_hp_loss":0,"event_name":"Golden Wing","floor":4,"gold_loss":0},{"damage_healed":0,"gold_gain":0,"player_choice":"Fled","damage_taken":0,"max_hp_gain":0,"max_hp_loss":0,"event_name":"Scrap Ooze","floor":10,"gold_loss":0},{"damage_healed":0,"gold_gain":0,"player_choice":"Upgraded Two","damage_taken":0,"max_hp_gain":0,"max_hp_loss":0,"event_name":"Designer","floor":19,"gold_loss":50,"cards_upgraded":["Defend_G","Deflect"]}],"is_beta":false,"boss_relics":[{"not_picked":["Empty Cage","Ring of the Serpent"],"picked":"Orrery"}],"items_purged_floors":[14],"is_endless":false,"potions_floor_spawned":[3,5,8,13,16,20,21],"killed_by":"Chosen and Byrds","ascension_level":20}