{"gold_per_floor":[18,28,44,55,74,74,85,85,85,47,81,81,97,128,128,200,200,215,15,15,25,25,25,38,38,38,38,38,64,64,64,64,64],"floor_reached":33,"playtime":1091,"items_purged":[],"score":481,"play_id":"b862eae1-9d71-498e-aad1-d980a1cf1763","local_time":"20180909175613","is_ascension_mode":true,"campfire_choices":[{"data":"Zap","floor":6.0,"key":"SMITH"},{"data":"Dualcast","floor":8.0,"key":"SMITH"},{"data":"Hologram","floor":12.0,"key":"SMITH"},{"data":"Loop","floor":15.0,"key":"SMITH"},{"data":"Go for the Eyes","floor":23,"key":"SMITH"},{"data":"Sunder","floor":25,"key":"SMITH"},{"data":"Scrape","floor":27,"key":"SMITH"},{"data":"Ball Lightning","floor":32,"key":"SMITH"}],"neow_cost":"NO_GOLD","seed_source_timestamp":18372953432504,"circlet_count":0,"master_deck":["Strike_B+1","Strike_B+1","Defend_B+1","Defend_B+1","Defend_B+1","Zap+1","Dualcast+1","AscendersBane","Undo","Scrape+1","Ball Lightning+1","Cold Snap","Rip and Tear","FTL","Seek","Conserve Battery","Loop+1","Hologram+1","Go for the Eyes+1","Sunder+1","Seek","Steam","Cold Snap","Sunder+1","Auto Shields","Undo"],"special_seed":0,"relics":["Cracked Core","Art of War","Mummified Hand","Orichalcum","Sozu","DataDisk","Matryoshka","Ornamental Fan"],"potions_floor_usage":[21],"damage_taken":[{"damage":0.0,"enemies":"Jaw Worm","floor":1.0,"turns":3.0},{"damage":6.0,"enemies":"2 Louse","floor":2.0,"turns":2.0},{"damage":0.0,"enemies":"Small Slimes","floor":3.0,"turns":2.0},{"damage":8.0,"enemies":"Red Slaver","floor":4.0,"turns":3.0},{"damage":1.0,"enemies":"Blue Slaver","floor":5.0,"turns":3.0},{"damage":8.0,"enemies":"Gremlin Gang","floor":7.0,"turns":4.0},{"damage":13.0,"enemies":"3 Sentries","floor":11.0,"turns":5.0},{"damage":4.0,"enemies":"Looter","floor":13.0,"turns":3.0},{"damage":16.0,"enemies":"Gremlin Nob","floor":14.0,"turns":4.0},{"damage":11.0,"enemies":"The Guardian","floor":16.0,"turns":10.0},{"damage":6.0,"enemies":"Chosen","floor":18.0,"turns":3.0},{"damage":3,"enemies":"3 Byrds","floor":21,"turns":4},{"damage":3,"enemies":"3 Cultists","floor":24,"turns":4},{"damage":12,"enemies":"Book of Stabbing","floor":29,"turns":6},{"damage":100,"enemies":"Collector","floor":33,"turns":12}],"seed_played":"-3510545339472132006","potions_obtained":[{"floor":2.0,"key":"Poison Potion"},{"floor":3.0,"key":"Regen Potion"},{"floor":13.0,"key":"Weak Potion"}],"is_trial":false,"path_per_floor":["M","M","M","M","M","R","M","R","T","$","E","R","M","E","R","B",null,"M","$","?","M","?","R","M","R","T","R","?","E","$","?","R"],"character_chosen":"DEFECT","items_purchased":["Loop","DataDisk","Cold Snap"],"campfire_rested":0,"item_purchase_floors":[10,19,19],"current_hp_per_floor":[64,58,58,50,49,49,41,41,41,41,42,42,38,22,22,11,56,50,50,64,61,61,61,58,58,58,58,58,46,46,81,81,0],"gold":64,"neow_bonus":"TRANSFORM_TWO_CARDS","is_prod":false,"is_daily":false,"chose_seed":false,"campfire_upgraded":8,"win_rate":0,"timestamp":1536526573,"path_taken":["M","M","M","M","M","R","M","R","T","$","E","R","M","E","R","BOSS","M","$","?","M","?","R","?","R","T","R","?","E","?","?","R","BOSS"],"build_version":"2018-07-12","purchased_purges":0,"victory":false,"max_hp_per_floor":[71,71,71,71,71,71,71,71,71,71,71,71,71,71,71,71,71,71,71,71,71,71,71,71,71,71,71,71,71,71,81,81,81],"card_choices":[{"not_picked":["Lockon","Double Energy"],"picked":"Ball Lightning","floor":1.0},{"not_picked":["Beam Cell","Rebound"],"picked":"Cold Snap","floor":2.0},{"not_picked":["Scrape","Genetic Algorithm"],"picked":"Rip and Tear","floor":3.0},{"not_picked":["Rebound","Skim"],"picked":"FTL","floor":4.0},{"not_picked":["Redo","Cold Snap"],"picked":"Seek","floor":5.0},{"not_picked":["Steam","Redo"],"picked":"Conserve Battery","floor":7.0},{"not_picked":["Gash","Undo"],"picked":"Hologram","floor":11.0},{"not_picked":["Scrape","White Noise"],"picked":"Go for the Eyes","floor":13.0},{"not_picked":["Rip and Tear","Hello World"],"picked":"Sunder","floor":14.0},{"not_picked":["Reboot","Multi-Cast"],"picked":"Seek","floor":16.0},{"not_picked":["Leap","Lockon"],"picked":"Steam","floor":18.0},{"not_picked":["Rebound","Sweeping Beam"],"picked":"Sunder+1","floor":21},{"not_picked":["Cold Snap","Hologram"],"picked":"Auto Shields","floor":24},{"not_picked":["Force Field","Cold Snap"],"picked":"Amplify","floor":29}],"player_experience":832602,"relics_obtained":[{"floor":9.0,"key":"Art of War"},{"floor":11.0,"key":"Mummified Hand"},{"floor":14.0,"key":"Orichalcum"},{"floor":26,"key":"Matryoshka"},{"floor":29,"key":"Ornamental Fan"}],"event_choices":[{"event_name":"The Library","player_choice":"Heal","floor":20,"damage_taken":0},{"event_name":"Back to Basics","player_choice":"Simplicity","floor":22,"damage_taken":0},{"event_name":"Transmorgrifier","player_choice":"Transform","floor":28,"damage_taken":0},{"event_name":"Bonfire Elementals","player_choice":"RARE","floor":31,"damage_taken":0}],"boss_relics":[{"not_picked":["Lizard Tail","Busted Crown"],"picked":"Sozu"}],"items_purged_floors":[],"is_endless":false,"potions_floor_spawned":[2,3,7,13,18,21],"killed_by":"Collector","ascension_level":15}