{"gold_per_floor":[119,129,148,73,73,73,98,1,28,44,44,44,44,60,60,60],"floor_reached":16,"playtime":523,"items_purged":[],"score":200,"play_id":"881a1172-e84b-4f85-b04a-1ee85fb43f5c","local_time":"20190407211835","is_ascension_mode":true,"campfire_choices":[{"data":"Carnage","floor":6.0,"key":"SMITH"},{"data":"Entrench","floor":12.0,"key":"SMITH"},{"data":"Burning Pact","floor":15.0,"key":"SMITH"}],"neow_cost":"NONE","seed_source_timestamp":461945060646705,"circlet_count":0,"master_deck":["AscendersBane","Bash+1","Carnage+1","Pummel","Exhume+1","Barricade","Entrench+1","Anger","Blood for Blood","Disarm","Burning Pact+1","Iron Wave","Finesse","Ghostly Armor","Feed"],"special_seed":0,"relics":["Pandora\u0027s Box","Regal Pillow","Blood Vial","Dodecahedron"],"potions_floor_usage":[16],"damage_taken":[{"damage":10.0,"enemies":"Small Slimes","floor":1.0,"turns":3.0},{"damage":10.0,"enemies":"Jaw Worm","floor":2.0,"turns":3.0},{"damage":0.0,"enemies":"Cultist","floor":3.0,"turns":2.0},{"damage":3.0,"enemies":"Gremlin Nob","floor":7.0,"turns":3.0},{"damage":10.0,"enemies":"3 Louse","floor":10.0,"turns":3.0},{"damage":8.0,"enemies":"Blue Slaver","floor":14.0,"turns":4.0},{"damage":27,"enemies":"Slime Boss","floor":16,"turns":6}],"seed_played":"4628437835490775104","potions_obtained":[{"floor":1.0,"key":"SpeedPotion"},{"floor":3.0,"key":"Fire Potion"},{"floor":14.0,"key":"PowerPotion"}],"is_trial":false,"path_per_floor":["M","M","M","?","?","R","E","$","T","M","?","R","?","M","R","B"],"character_chosen":"IRONCLAD","items_purchased":["Finesse"],"campfire_rested":0,"item_purchase_floors":[8],"current_hp_per_floor":[58,48,48,48,73,73,70,70,70,62,57,57,34,28,28,3],"gold":60,"neow_bonus":"BOSS_RELIC","is_prod":false,"is_daily":false,"chose_seed":true,"campfire_upgraded":3,"win_rate":0,"timestamp":1554643115,"path_taken":["M","M","M","?","?","R","E","$","T","M","?","R","?","?","R","BOSS"],"build_version":"2019-01-23","purchased_purges":0,"victory":false,"max_hp_per_floor":[75,75,75,75,75,75,75,75,75,75,75,75,75,75,75,75],"card_choices":[{"not_picked":["Fire Breathing","Disarm"],"picked":"Burning Pact","floor":1.0},{"not_picked":["Sword Boomerang","Clothesline","Warcry"],"picked":"SKIP","floor":2.0},{"not_picked":["Spot Weakness","Pommel Strike"],"picked":"Iron Wave","floor":3.0},{"not_picked":["Corruption","Warcry","Armaments"],"picked":"SKIP","floor":7.0},{"not_picked":["Ghostly Armor","Armaments","Dropkick"],"picked":"SKIP","floor":10.0},{"not_picked":["Armaments","Dropkick"],"picked":"Ghostly Armor","floor":10.0},{"not_picked":["Corruption","Perfected Strike"],"picked":"Feed","floor":14.0}],"player_experience":1524689,"relics_obtained":[{"floor":7.0,"key":"Regal Pillow"},{"floor":9.0,"key":"Blood Vial"}],"event_choices":[{"cards_removed":["Spot Weakness"],"damage_healed":0.0,"max_hp_gain":0.0,"max_hp_loss":0.0,"gold_gain":0.0,"event_name":"The Cleric","player_choice":"Card Removal","floor":4.0,"gold_loss":75.0,"damage_taken":0.0},{"damage_healed":25.0,"max_hp_gain":0.0,"max_hp_loss":0.0,"gold_gain":0.0,"event_name":"Big Fish","player_choice":"Banana","floor":5.0,"gold_loss":0.0,"damage_taken":0.0},{"damage_healed":0.0,"max_hp_gain":0.0,"max_hp_loss":0.0,"gold_gain":0.0,"event_name":"Scrap Ooze","player_choice":"Success","floor":11.0,"gold_loss":0.0,"damage_taken":5.0,"relics_obtained":["Dodecahedron"]},{"damage_healed":0.0,"max_hp_gain":0.0,"max_hp_loss":0.0,"gold_gain":0.0,"event_name":"Shining Light","player_choice":"Entered Light","floor":13.0,"gold_loss":0.0,"damage_taken":23.0,"cards_upgraded":["Bash","Exhume"]}],"is_beta":false,"boss_relics":[],"items_purged_floors":[],"is_endless":false,"potions_floor_spawned":[1,3,14],"killed_by":"Slime Boss","ascension_level":20}