{"gold_per_floor":[14,34,45,45,45,84,104,104],"floor_reached":8,"playtime":163,"items_purged":[],"score":116,"play_id":"c6dea827-8bda-4150-8012-3ef712520ea3","local_time":"20190216001226","is_ascension_mode":true,"campfire_choices":[],"neow_cost":"NO_GOLD","seed_source_timestamp":2710326458388894,"circlet_count":0,"master_deck":["AscendersBane","Strike_R","Strike_R","Strike_R","Strike_R","Strike_R","Defend_R","Defend_R","Defend_R","Defend_R","Bash","Immolate","Pommel Strike","Second Wind","Feel No Pain"],"special_seed":0,"relics":["Burning Blood","Golden Idol","Pen Nib"],"potions_floor_usage":[],"damage_taken":[{"damage":8.0,"enemies":"2 Louse","floor":1.0,"turns":3.0},{"damage":0.0,"enemies":"Small Slimes","floor":2.0,"turns":2.0},{"damage":14.0,"enemies":"Jaw Worm","floor":3.0,"turns":3.0},{"damage":34.0,"enemies":"Gremlin Nob","floor":6.0,"turns":4.0},{"damage":2.0,"enemies":"2 Fungi Beasts","floor":7.0,"turns":2.0},{"damage":30,"enemies":"Lagavulin","floor":8,"turns":5}],"seed_played":"-7272963030179825389","potions_obtained":[{"floor":1.0,"key":"Dexterity Potion"},{"floor":3.0,"key":"Ancient Potion"}],"is_trial":false,"path_per_floor":["M","M","M","?","?","E","M","E"],"character_chosen":"IRONCLAD","items_purchased":[],"campfire_rested":0,"item_purchase_floors":[],"current_hp_per_floor":[66,72,64,64,64,36,40,10],"gold":104,"neow_bonus":"THREE_RARE_CARDS","is_prod":false,"is_daily":false,"chose_seed":false,"campfire_upgraded":0,"win_rate":0,"timestamp":1550247146,"path_taken":["M","M","M","?","?","E","M","E"],"build_version":"2019-01-23","purchased_purges":0,"victory":false,"max_hp_per_floor":[75,75,75,75,68,68,68,68],"card_choices":[{"not_picked":["Limit Break","Brutality"],"picked":"Immolate","floor":0.0},{"not_picked":["Warcry","Perfected Strike"],"picked":"Pommel Strike","floor":1.0},{"not_picked":["Blood for Blood","Thunderclap","Pummel"],"picked":"SKIP","floor":2.0},{"not_picked":["Headbutt","Twin Strike"],"picked":"Second Wind","floor":3.0},{"not_picked":["Hemokinesis","Double Tap"],"picked":"Feel No Pain","floor":6.0},{"not_picked":["Rupture","Perfected Strike","Flex"],"picked":"SKIP","floor":7.0}],"player_experience":909101,"relics_obtained":[{"floor":6.0,"key":"Pen Nib"}],"event_choices":[{"damage_healed":0.0,"max_hp_gain":0.0,"max_hp_loss":0.0,"gold_gain":0.0,"event_name":"Liars Game","player_choice":"Ignored","floor":4.0,"gold_loss":0.0,"damage_taken":0.0},{"damage_healed":0.0,"max_hp_gain":0.0,"max_hp_loss":7.0,"gold_gain":0.0,"event_name":"Golden Idol","player_choice":"Lose Max HP","floor":5.0,"gold_loss":0.0,"damage_taken":0.0,"relics_obtained":["Golden Idol"]}],"is_beta":false,"boss_relics":[],"items_purged_floors":[],"is_endless":false,"potions_floor_spawned":[1,3],"killed_by":"Lagavulin","ascension_level":20}