{"gold_per_floor":[118,132,132,150,150,150,175,191,191,191,341,354,354,364,364,435,435,355,355,355,193,193,193,110,110,110,110,110,110,110,110,110,110,110,110,110,110,110,110,110,110,110,110,110,110,110,110,110,110,110],"floor_reached":51,"playtime":3240,"items_purged":[],"score":1362,"play_id":"364fde1b-e570-44df-8df6-4bb9b9db7e1e","local_time":"20190509135700","is_ascension_mode":true,"campfire_choices":[{"data":"Glass Knife","floor":6,"key":"SMITH"},{"data":"Neutralize","floor":10,"key":"SMITH"},{"data":"Noxious Fumes","floor":15,"key":"SMITH"},{"floor":23,"key":"REST"},{"floor":30,"key":"REST"},{"data":"After Image","floor":32,"key":"SMITH"},{"floor":40,"key":"REST"},{"floor":45,"key":"REST"},{"floor":49,"key":"REST"}],"neow_cost":"NONE","seed_source_timestamp":399530014604400,"circlet_count":0,"master_deck":["AscendersBane","Defend_G+1","Defend_G","Defend_G+1","Defend_G","Defend_G","Strike_G","Strike_G","Strike_G","Survivor","Neutralize+1","Skewer","Escape Plan","Glass Knife+1","Backstab","Noxious Fumes+1","PiercingWail","Escape Plan","After Image+1","Dash","Footwork","Catalyst+1","Die Die Die"],"relics":["Ring of the Snake","Pen Nib","Mummified Hand","Darkstone Periapt","Ectoplasm","Nilry\u0027s Codex","Oddly Smooth Stone","MutagenicStrength","Singing Bowl","Pear","PreservedInsect","Busted Crown","Gambling Chip","War Paint","Shuriken"],"potions_floor_usage":[7,12,33,41,50,50],"damage_taken":[{"damage":3,"enemies":"Small Slimes","floor":1,"turns":6},{"damage":3,"enemies":"Cultist","floor":2,"turns":4},{"damage":0,"enemies":"2 Louse","floor":4,"turns":2},{"damage":6,"enemies":"Gremlin Nob","floor":7,"turns":3},{"damage":0,"enemies":"Lots of Slimes","floor":8,"turns":4},{"damage":0,"enemies":"3 Louse","floor":12,"turns":2},{"damage":0,"enemies":"Looter","floor":14,"turns":2},{"damage":56,"enemies":"Hexaghost","floor":16,"turns":10},{"damage":7,"enemies":"2 Thieves","floor":18,"turns":4},{"damage":3,"enemies":"Shell Parasite","floor":25,"turns":5},{"damage":11,"enemies":"Book of Stabbing","floor":27,"turns":7},{"damage":16,"enemies":"Centurion and Healer","floor":29,"turns":4},{"damage":0,"enemies":"3 Cultists","floor":31,"turns":6},{"damage":60,"enemies":"Automaton","floor":33,"turns":12},{"damage":0,"enemies":"Orb Walker","floor":35,"turns":2},{"damage":0,"enemies":"Mind Bloom Boss Battle","floor":36,"turns":6},{"damage":0,"enemies":"3 Shapes","floor":37,"turns":4},{"damage":14,"enemies":"Writhing Mass","floor":39,"turns":8},{"damage":15,"enemies":"Nemesis","floor":41,"turns":5},{"damage":2,"enemies":"Sphere and 2 Shapes","floor":44,"turns":4},{"damage":13,"enemies":"Spire Growth","floor":46,"turns":6},{"damage":0,"enemies":"3 Darklings","floor":48,"turns":6},{"damage":80,"enemies":"Awakened One","floor":50,"turns":19}],"seed_played":"-8585259301282962544","potions_obtained":[{"floor":2,"key":"Swift Potion"},{"floor":4,"key":"SpeedPotion"},{"floor":12,"key":"Fruit Juice"},{"floor":16,"key":"Poison Potion"},{"floor":25,"key":"Energy Potion"},{"floor":35,"key":"Swift Potion"},{"floor":46,"key":"PowerPotion"}],"is_trial":false,"path_per_floor":["M","M","?","M","$","R","E","M","T","R","?","M","?","M","R","B",null,"M","?","?","$","?","R","$","M","T","E","T","M","R","M","R","B",null,"M","?","M","?","M","R","E","?","T","M","R","M","?","M","R","B",null],"character_chosen":"THE_SILENT","items_purchased":["Oddly Smooth Stone","Footwork"],"campfire_rested":5,"item_purchase_floors":[21,24],"current_hp_per_floor":[56,53,53,53,53,53,47,47,47,47,53,58,58,58,58,2,58,51,30,45,45,45,68,68,65,65,66,66,52,79,81,81,21,75,77,79,81,81,69,99,86,86,86,86,105,94,94,96,109,29],"gold":110,"neow_bonus":"RANDOM_COMMON_RELIC","is_prod":false,"is_daily":false,"chose_seed":false,"campfire_upgraded":4,"win_rate":0,"timestamp":1557406620,"path_taken":["M","M","?","M","$","R","E","?","T","R","?","M","?","?","R","BOSS","M","?","?","$","?","R","?","M","T","E","?","?","R","?","R","BOSS","M","?","M","?","M","R","E","?","T","?","R","M","?","?","R","BOSS"],"build_version":"2019-01-23","purchased_purges":0,"victory":true,"max_hp_per_floor":[66,66,66,66,66,66,66,66,66,66,72,77,77,77,77,77,77,77,77,77,77,77,77,77,77,77,89,89,91,91,93,93,93,93,95,97,99,99,101,101,103,103,103,105,105,107,107,109,109,109],"card_choices":[{"not_picked":["Outmaneuver","Flying Knee"],"picked":"Skewer","floor":1},{"not_picked":["Dagger Spray","Deflect"],"picked":"Escape Plan","floor":2},{"not_picked":["Dodge and Roll","Bane"],"picked":"Glass Knife","floor":4},{"not_picked":["Dagger Spray","Distraction"],"picked":"Backstab","floor":7},{"not_picked":["Skewer","Outmaneuver"],"picked":"Noxious Fumes","floor":8},{"not_picked":["Skewer","Concentrate"],"picked":"PiercingWail","floor":12},{"not_picked":["Dash","Deadly Poison"],"picked":"Escape Plan","floor":14},{"not_picked":["A Thousand Cuts","Night Terror"],"picked":"After Image","floor":16},{"not_picked":["Dagger Throw","Quick Slash"],"picked":"Dash","floor":18},{"not_picked":["Deadly Poison","Dash"],"picked":"Catalyst+1","floor":25},{"not_picked":["Bane","Skewer+1","Prepared"],"picked":"Singing Bowl","floor":27},{"not_picked":["Slice","Outmaneuver","Poisoned Stab"],"picked":"Singing Bowl","floor":29},{"not_picked":["Dash","Leg Sweep","Choke"],"picked":"Singing Bowl","floor":31},{"not_picked":["Doppelganger","Phantasmal Killer"],"picked":"Die Die Die","floor":33},{"not_picked":["Flechettes"],"picked":"Singing Bowl","floor":35},{"not_picked":["Outmaneuver"],"picked":"Singing Bowl","floor":36},{"not_picked":["Slice"],"picked":"Singing Bowl","floor":37},{"not_picked":["Underhanded Strike"],"picked":"Singing Bowl","floor":39},{"not_picked":["Sucker Punch"],"picked":"Singing Bowl","floor":41},{"not_picked":["Infinite Blades+1"],"picked":"Singing Bowl","floor":44},{"not_picked":["Slice"],"picked":"Singing Bowl","floor":46},{"not_picked":["Dagger Spray"],"picked":"Singing Bowl","floor":48}],"player_experience":495870,"relics_obtained":[{"floor":7,"key":"Mummified Hand"},{"floor":9,"key":"Darkstone Periapt"},{"floor":19,"key":"Nilry\u0027s Codex"},{"floor":26,"key":"Singing Bowl"},{"floor":27,"key":"Pear"},{"floor":28,"key":"PreservedInsect"},{"floor":36,"key":"Gambling Chip"},{"floor":41,"key":"War Paint"},{"floor":43,"key":"Shuriken"}],"event_choices":[{"cards_removed":["Strike_G"],"damage_healed":0,"gold_gain":0,"player_choice":"Purged","damage_taken":0,"max_hp_gain":0,"max_hp_loss":0,"event_name":"Purifier","floor":3,"gold_loss":0},{"damage_healed":0,"gold_gain":150,"player_choice":"AGREE","damage_taken":0,"max_hp_gain":0,"max_hp_loss":0,"event_name":"Liars Game","floor":11,"gold_loss":0,"cards_obtained":["Doubt"]},{"cards_removed":["Doubt"],"damage_healed":0,"gold_gain":0,"player_choice":"Removed Curses","damage_taken":0,"max_hp_gain":0,"max_hp_loss":0,"event_name":"Fountain of Cleansing","floor":13,"gold_loss":0},{"damage_healed":0,"gold_gain":0,"player_choice":"Obtained Book","damage_taken":21,"max_hp_gain":0,"max_hp_loss":0,"event_name":"Cursed Tome","floor":19,"gold_loss":0},{"damage_healed":15,"gold_gain":0,"player_choice":"Heal","damage_taken":0,"max_hp_gain":0,"max_hp_loss":0,"event_name":"The Library","floor":20,"gold_loss":0},{"damage_healed":0,"gold_gain":0,"player_choice":"Inject Mutagens","damage_taken":0,"relics_obtained":["MutagenicStrength"],"max_hp_gain":0,"max_hp_loss":0,"event_name":"Drug Dealer","floor":22,"gold_loss":0},{"damage_healed":0,"gold_gain":0,"player_choice":"Fight","damage_taken":0,"max_hp_gain":0,"max_hp_loss":0,"event_name":"MindBloom","floor":36,"gold_loss":0},{"damage_healed":0,"gold_gain":0,"player_choice":"Ignored","damage_taken":0,"max_hp_gain":0,"max_hp_loss":0,"event_name":"Mysterious Sphere","floor":38,"gold_loss":0},{"cards_removed":["Strike_G"],"damage_healed":0,"gold_gain":0,"player_choice":"Removed Attack","damage_taken":0,"max_hp_gain":0,"max_hp_loss":0,"event_name":"Falling","floor":42,"gold_loss":0},{"damage_healed":0,"gold_gain":0,"player_choice":"Ignored","damage_taken":0,"max_hp_gain":0,"max_hp_loss":0,"event_name":"SecretPortal","floor":47,"gold_loss":0}],"is_beta":false,"boss_relics":[{"not_picked":["Fusion Hammer","Orrery"],"picked":"Ectoplasm"},{"not_picked":["Runic Dome","Velvet Choker"],"picked":"Busted Crown"}],"items_purged_floors":[],"is_endless":false,"potions_floor_spawned":[2,4,12,16,18,25,29,35,37,39,46,48],"ascension_level":19}