{"gold_per_floor":[366,366,25,35,47,47,47,58,58,82,100,113,133,146,146,223,223,237,264,314,334,334],"floor_reached":22,"playtime":568,"items_purged":[],"score":460,"play_id":"6a5fd786-8142-4e14-9a5d-0a03f3e9eaee","local_time":"20190305162245","is_ascension_mode":true,"campfire_choices":[{"data":"Pommel Strike","floor":6.0,"key":"SMITH"},{"data":"Fiend Fire","floor":15.0,"key":"SMITH"}],"neow_cost":"PERCENT_DAMAGE","seed_source_timestamp":364664595348082,"circlet_count":0,"master_deck":["AscendersBane","Strike_R","Strike_R","Strike_R","Strike_R","Defend_R","Defend_R","Defend_R","Defend_R","Bash","Pommel Strike+1","Battle Trance","Fiend Fire+1","Inflame","Rampage","Barricade"],"special_seed":0,"relics":["Burning Blood","Calipers","Ornamental Fan","Odd Mushroom","Velvet Choker","Red Mask"],"potions_floor_usage":[],"damage_taken":[{"damage":2.0,"enemies":"Cultist","floor":1.0,"turns":4.0},{"damage":15.0,"enemies":"Small Slimes","floor":4.0,"turns":5.0},{"damage":1.0,"enemies":"2 Louse","floor":5.0,"turns":4.0},{"damage":12.0,"enemies":"Blue Slaver","floor":8.0,"turns":6.0},{"damage":0.0,"enemies":"The Mushroom Lair","floor":10.0,"turns":1.0},{"damage":9.0,"enemies":"Red Slaver","floor":11.0,"turns":2.0},{"damage":32.0,"enemies":"Lots of Slimes","floor":12.0,"turns":6.0},{"damage":8.0,"enemies":"2 Fungi Beasts","floor":13.0,"turns":3.0},{"damage":7.0,"enemies":"Looter","floor":14.0,"turns":3.0},{"damage":0.0,"enemies":"Slime Boss","floor":16.0,"turns":2.0},{"damage":11.0,"enemies":"Spheric Guardian","floor":18.0,"turns":3.0},{"damage":38.0,"enemies":"Masked Bandits","floor":19.0,"turns":4.0},{"damage":12,"enemies":"Chosen","floor":21,"turns":4},{"damage":35,"enemies":"Snecko","floor":22,"turns":4}],"seed_played":"5307513723545640718","potions_obtained":[{"floor":5.0,"key":"Ancient Potion"},{"floor":8.0,"key":"AttackPotion"},{"floor":10.0,"key":"SteroidPotion"},{"floor":18.0,"key":"SpeedPotion"},{"floor":21,"key":"EssenceOfSteel"}],"is_trial":false,"path_per_floor":["M","?","$","M","M","R","?","M","T","?","M","M","M","M","R","B",null,"M","?","?","M","M"],"character_chosen":"IRONCLAD","items_purchased":["Calipers"],"campfire_rested":0,"item_purchase_floors":[3],"current_hp_per_floor":[54,54,54,45,50,50,50,44,44,50,47,21,19,18,18,24,62,57,25,25,19,0],"gold":334,"neow_bonus":"TWO_FIFTY_GOLD","is_prod":false,"is_daily":false,"chose_seed":false,"campfire_upgraded":2,"win_rate":0,"timestamp":1551774165,"path_taken":["M","?","$","?","M","R","?","M","T","?","M","M","M","M","R","BOSS","M","?","?","M","?"],"build_version":"2019-01-23","purchased_purges":0,"victory":false,"max_hp_per_floor":[75,75,75,75,75,75,75,75,75,75,75,75,75,75,75,75,75,75,75,75,75,75],"card_choices":[{"not_picked":["Havoc","Anger","Heavy Blade"],"picked":"SKIP","floor":1.0},{"not_picked":["Wild Strike","Thunderclap","Sword Boomerang"],"picked":"SKIP","floor":4.0},{"not_picked":["Combust","Perfected Strike"],"picked":"Pommel Strike","floor":5.0},{"not_picked":["Blood for Blood","Cleave"],"picked":"Battle Trance","floor":8.0},{"not_picked":["Carnage","Evolve"],"picked":"Fiend Fire","floor":10.0},{"not_picked":["Iron Wave","Corruption","Pommel Strike"],"picked":"SKIP","floor":11.0},{"not_picked":["Heavy Blade","Flex"],"picked":"Inflame","floor":12.0},{"not_picked":["Rampage","Flex","Flame Barrier"],"picked":"SKIP","floor":13.0},{"not_picked":["Flex","Flame Barrier"],"picked":"Rampage","floor":13.0},{"not_picked":["Searing Blow","Flame Barrier","Rage"],"picked":"SKIP","floor":14.0},{"not_picked":["Bludgeon","Berserk"],"picked":"Barricade","floor":16.0},{"not_picked":["Clash","Perfected Strike","Ghostly Armor"],"picked":"SKIP","floor":18.0},{"not_picked":["Dropkick","Bloodletting","Clothesline"],"picked":"SKIP","floor":21}],"player_experience":1161380,"relics_obtained":[{"floor":9.0,"key":"Ornamental Fan"},{"floor":10.0,"key":"Odd Mushroom"},{"floor":19.0,"key":"Red Mask"}],"event_choices":[{"cards_removed":["Strike_R"],"damage_healed":0.0,"max_hp_gain":0.0,"max_hp_loss":0.0,"gold_gain":0.0,"event_name":"Purifier","player_choice":"Purged","floor":2.0,"gold_loss":0.0,"damage_taken":0.0},{"damage_healed":0.0,"max_hp_gain":0.0,"max_hp_loss":0.0,"gold_gain":0.0,"event_name":"Dead Adventurer","player_choice":"Searched \u00270\u0027 times","floor":7.0,"gold_loss":0.0,"damage_taken":0.0},{"damage_healed":0.0,"max_hp_gain":0.0,"max_hp_loss":0.0,"gold_gain":0.0,"event_name":"Mushrooms","player_choice":"Fought Mushrooms","floor":10.0,"gold_loss":0.0,"damage_taken":0.0},{"damage_healed":0.0,"max_hp_gain":0.0,"max_hp_loss":0.0,"gold_gain":0.0,"event_name":"Masked Bandits","player_choice":"Fought Bandits","floor":19.0,"gold_loss":0.0,"damage_taken":0.0},{"damage_healed":0.0,"max_hp_gain":0.0,"max_hp_loss":0.0,"gold_gain":100.0,"event_name":"The Joust","player_choice":"Bet on Murderer","floor":20.0,"gold_loss":50.0,"damage_taken":0.0}],"is_beta":false,"boss_relics":[{"not_picked":["Fusion Hammer","Empty Cage"],"picked":"Velvet Choker"}],"items_purged_floors":[],"is_endless":false,"potions_floor_spawned":[5,8,10,18,21],"killed_by":"Snecko","ascension_level":20}