{"gold_per_floor":[119,2,2,2,22,22,37,98,158,70,70,70],"floor_reached":12,"playtime":284,"items_purged":["Strike_R","Strike_R"],"score":132,"play_id":"206582c1-efc5-43e4-947b-82855b7a99c5","local_time":"20190307123330","is_ascension_mode":true,"campfire_choices":[{"data":"Entrench","floor":6.0,"key":"SMITH"}],"neow_cost":"NONE","seed_source_timestamp":524062230606338,"circlet_count":0,"master_deck":["AscendersBane","Strike_R","Strike_R","Strike_R","Defend_R","Defend_R+1","Defend_R","Defend_R","Bash","Entrench+1","Second Wind+1","Sword Boomerang","Spot Weakness","Dark Embrace"],"special_seed":0,"relics":["Burning Blood","Pen Nib","Golden Idol","MawBank","Orichalcum"],"potions_floor_usage":[],"damage_taken":[{"damage":7.0,"enemies":"Jaw Worm","floor":1.0,"turns":3.0},{"damage":4.0,"enemies":"2 Louse","floor":5.0,"turns":3.0},{"damage":3.0,"enemies":"Small Slimes","floor":7.0,"turns":4.0},{"damage":35.0,"enemies":"3 Sentries","floor":8.0,"turns":10.0},{"damage":20,"enemies":"Exordium Wildlife","floor":12,"turns":3}],"seed_played":"3490789377493125052","potions_obtained":[{"floor":1.0,"key":"Weak Potion"},{"floor":8.0,"key":"Dexterity Potion"}],"is_trial":false,"path_per_floor":["M","$","?","?","M","R","M","?","T","$","?","M"],"character_chosen":"IRONCLAD","items_purchased":["Second Wind"],"campfire_rested":0,"item_purchase_floors":[2],"current_hp_per_floor":[67,67,67,67,68,68,68,39,39,39,19,0],"gold":70,"neow_bonus":"RANDOM_COMMON_RELIC","is_prod":false,"is_daily":false,"chose_seed":false,"campfire_upgraded":1,"win_rate":0,"timestamp":1551933210,"path_taken":["M","$","?","?","M","R","M","?","T","$","?","M"],"build_version":"2019-01-23","purchased_purges":2,"victory":false,"max_hp_per_floor":[75,75,68,68,68,68,68,68,68,68,68,68],"card_choices":[{"not_picked":["Bloodletting","Sever Soul"],"picked":"Entrench","floor":1.0},{"not_picked":["Twin Strike","Anger"],"picked":"Sword Boomerang","floor":5.0},{"not_picked":["Havoc","Flame Barrier"],"picked":"Spot Weakness","floor":7.0},{"not_picked":["Rampage","Clothesline"],"picked":"Dark Embrace","floor":8.0}],"player_experience":1177920,"relics_obtained":[{"floor":8.0,"key":"MawBank"},{"floor":9.0,"key":"Orichalcum"}],"event_choices":[{"damage_healed":0.0,"max_hp_gain":0.0,"max_hp_loss":7.0,"gold_gain":0.0,"event_name":"Golden Idol","player_choice":"Lose Max HP","floor":3.0,"gold_loss":0.0,"damage_taken":0.0,"relics_obtained":["Golden Idol"]},{"damage_healed":0.0,"max_hp_gain":0.0,"max_hp_loss":0.0,"gold_gain":0.0,"event_name":"The Cleric","player_choice":"Leave","floor":4.0,"gold_loss":0.0,"damage_taken":0.0},{"damage_healed":0.0,"max_hp_gain":0.0,"max_hp_loss":0.0,"gold_gain":30.0,"event_name":"Dead Adventurer","player_choice":"Searched \u00273\u0027 times","floor":8.0,"gold_loss":0.0,"damage_taken":0.0},{"damage_healed":0.0,"max_hp_gain":0.0,"max_hp_loss":0.0,"gold_gain":0.0,"event_name":"Shining Light","player_choice":"Entered Light","floor":11.0,"gold_loss":0.0,"damage_taken":20.0,"cards_upgraded":["Second Wind","Defend_R"]}],"is_beta":false,"boss_relics":[],"items_purged_floors":[2,10],"is_endless":false,"potions_floor_spawned":[1,8],"killed_by":"Exordium Wildlife","ascension_level":20}