{"path_per_floor":["M","M","?","$","M","R","?","R","T","?","M","R","M","M","R","B",null,"M","?","M","M"],"character_chosen":"IRONCLAD","items_purchased":[],"gold_per_floor":[114,130,130,55,75,75,75,75,102,102,115,115,130,147,147,250,250,267,267,282,292],"floor_reached":22,"campfire_rested":0,"playtime":739,"current_hp_per_floor":[78,78,71,71,77,77,77,77,77,77,67,67,64,65,65,30,86,84,84,80,56],"items_purged":["Defend_R"],"gold":292,"score":203,"play_id":"2f1ac58e-d9b6-402a-ad8a-f9c428437a48","is_prod":false,"is_daily":false,"is_ascension_mode":false,"campfire_upgraded":4,"path_taken":["M","M","?","$","M","R","?","R","T","?","M","R","?","M","R","BOSS","M","?","M","M","M"],"build_version":"2018-02-23-BETA1","purchased_purges":1,"victory":false,"master_deck":["Strike_R","Strike_R","Strike_R","Strike_R","Defend_R","Defend_R","Defend_R","Bash","Searing Blow+4","Armaments","Armaments"],"max_hp_per_floor":[80,80,80,80,80,80,80,80,80,80,82,82,84,84,84,86,86,88,88,90,92],"relics":["Burning Blood","Singing Bowl","Snecko Eye"],"card_choices":[{"not_picked":["Seeing Red","Dual Wield"],"picked":"Searing Blow"},{"not_picked":["Battle Trance","Wild Strike"],"picked":"Armaments"},{"not_picked":["Rage","Perfected Strike"],"picked":"Armaments"}],"player_experience":127617,"potions_floor_usage":[11,16,21,21],"damage_taken":[{"damage":8,"enemies":"Jaw Worm","floor":1,"turns":4},{"damage":6,"enemies":"Cultist","floor":2,"turns":3},{"damage":0,"enemies":"2 Louse","floor":5,"turns":2},{"damage":18,"enemies":"Exordium Thugs","floor":11,"turns":3},{"damage":11,"enemies":"Red Slaver","floor":13,"turns":5},{"damage":5,"enemies":"2 Fungi Beasts","floor":14,"turns":4},{"damage":43,"enemies":"The Guardian","floor":16,"turns":7},{"damage":10,"enemies":"3 Byrds","floor":18,"turns":4},{"damage":12,"enemies":"2 Thieves","floor":20,"turns":4},{"damage":32,"enemies":"Snake Plant","floor":21,"turns":3},{"damage":41,"enemies":"Cultist and Chosen","floor":22,"turns":6}],"event_choices":[{"event_name":"Golden Wing","player_choice":"Card Removal","floor":3,"damage_taken":0},{"event_name":"The Woman in Blue","player_choice":"Bought 0 Potions","floor":7,"damage_taken":0},{"event_name":"The Lab","player_choice":"Got Potions","floor":10,"damage_taken":0},{"event_name":"Vampires","player_choice":"Ignored","floor":19,"damage_taken":0}],"boss_relics":[{"not_picked":["Black Blood","Tiny House"],"picked":"Snecko Eye"}],"potions_floor_spawned":[1,2,14,20],"seed_played":"-3532682406173496987","killed_by":"Cultist and Chosen","ascension_level":0,"is_trial":false}