{"path_per_floor":["M","?","?","$","M","E","R","E","T","M","M","E","$","M","R","B",null,"M","$","M","$","?","?","M","R","T","E","R"],"character_chosen":"IRONCLAD","items_purchased":["Inflame","Bottled Tornado","Limit Break","Inflame"],"gold_per_floor":[214,214,289,214,233,263,263,598,598,614,633,665,487,501,501,606,606,618,85,103,64,64,64,79,79,79,112,112],"floor_reached":29,"campfire_rested":2,"playtime":1194,"current_hp_per_floor":[80,80,69,69,72,56,56,26,26,32,26,21,21,18,42,11,80,65,65,58,58,58,58,64,64,64,18,42],"items_purged":["Strike_R","Strike_R","Defend_R"],"gold":112,"score":261,"play_id":"a8fed6c2-e160-46d0-8492-e90bd9c2ae98","local_time":"20180301193147","is_prod":false,"is_daily":false,"is_ascension_mode":false,"campfire_upgraded":2,"timestamp":1519954307,"path_taken":["M","?","?","$","M","E","R","E","T","M","?","E","$","M","R","BOSS","M","$","M","$","?","?","M","R","T","E","R","E"],"build_version":"2018-03-01-BETA1","purchased_purges":3,"victory":false,"master_deck":["Strike_R","Strike_R","Strike_R","Defend_R","Defend_R","Defend_R","Bash+1","Heavy Blade","Heavy Blade","Evolve","Inflame","Dropkick","Wild Strike","Berserk","Flex","Limit Break+1","Headbutt","Inflame","Writhe","Double Tap","Reaper","Double Tap"],"max_hp_per_floor":[80,80,80,80,80,80,80,80,80,80,80,80,80,80,80,80,80,80,80,80,80,80,80,80,80,80,80,80],"relics":["Burning Blood","Bottled Flame","Old Coin","Torii","Dream Catcher","Runic Dome","Bottled Tornado","Happy Flower","Gambling Chip","Bronze Scales"],"card_choices":[{"not_picked":["Clash","Rupture"],"picked":"Heavy Blade"},{"not_picked":["Body Slam","Fiend Fire"],"picked":"Heavy Blade"},{"not_picked":["Disarm","Perfected Strike"],"picked":"Evolve"},{"not_picked":["Armaments","Uppercut"],"picked":"Dropkick"},{"not_picked":["Feel No Pain","Iron Wave"],"picked":"Wild Strike"},{"not_picked":["Barricade","Impervious"],"picked":"Berserk"},{"not_picked":["Headbutt","Warcry"],"picked":"Flex"},{"not_picked":["Perfected Strike","Havoc"],"picked":"Headbutt"},{"not_picked":["Inflame","Perfected Strike"],"picked":"Reaper"},{"not_picked":["Intimidate","Heavy Blade"],"picked":"Double Tap"}],"player_experience":129204,"potions_floor_usage":[6,12,16,27,29],"damage_taken":[{"damage":6,"enemies":"Cultist","floor":1,"turns":3},{"damage":3,"enemies":"Small Slimes","floor":5,"turns":4},{"damage":22,"enemies":"3 Sentries","floor":6,"turns":8},{"damage":36,"enemies":"Lagavulin","floor":8,"turns":5},{"damage":0,"enemies":"2 Louse","floor":10,"turns":2},{"damage":12,"enemies":"2 Fungi Beasts","floor":11,"turns":4},{"damage":11,"enemies":"3 Sentries","floor":12,"turns":8},{"damage":9,"enemies":"Exordium Wildlife","floor":14,"turns":3},{"damage":43,"enemies":"The Guardian","floor":16,"turns":9},{"damage":21,"enemies":"Spheric Guardian","floor":18,"turns":4},{"damage":13,"enemies":"Shell Parasite","floor":20,"turns":3},{"damage":0,"enemies":"Centurion and Healer","floor":24,"turns":4},{"damage":52,"enemies":"Book of Stabbing","floor":27,"turns":5},{"damage":43,"enemies":"Gremlin Leader","floor":29,"turns":2}],"event_choices":[{"event_name":"The Lab","player_choice":"Got Potions","floor":2,"damage_taken":0},{"event_name":"World of Goop","player_choice":"Gather Gold","floor":3,"damage_taken":0},{"event_name":"The Mausoleum","player_choice":"Yes","floor":22,"damage_taken":0},{"event_name":"The Library","player_choice":"Read","floor":23,"damage_taken":0}],"boss_relics":[{"not_picked":["Runic Cube","Tiny House"],"picked":"Runic Dome"}],"potions_floor_spawned":[5,6,8,14,16,24,27],"seed_played":"-512985854711969889","killed_by":"Gremlin Leader","ascension_level":0,"is_trial":false}