{"gold_per_floor":[109,34,45,64,64,91,91,121,121,156,156],"floor_reached":11,"playtime":374,"items_purged":["Strike_R"],"score":100,"play_id":"0c8fc1f8-9ba8-4d15-ab4a-a87761dabd17","local_time":"20190426180036","is_ascension_mode":true,"campfire_choices":[{"data":"Dropkick","floor":7,"key":"SMITH"}],"neow_cost":"NONE","seed_source_timestamp":291322780093937,"circlet_count":0,"master_deck":["Strike_R","Strike_R","Strike_R","Strike_R","Defend_R","Defend_R","Defend_R","Defend_R","Bash+1","Dropkick+1","Double Tap"],"relics":["Burning Blood","Bag of Marbles","Magic Flower","Letter Opener","Oddly Smooth Stone"],"potions_floor_usage":[6,11],"damage_taken":[{"damage":6,"enemies":"Cultist","floor":1,"turns":4},{"damage":12,"enemies":"Small Slimes","floor":3,"turns":4},{"damage":6,"enemies":"Jaw Worm","floor":4,"turns":4},{"damage":44,"enemies":"3 Sentries","floor":6,"turns":11},{"damage":6,"enemies":"Gremlin Nob","floor":8,"turns":3},{"damage":35,"enemies":"Lagavulin","floor":10,"turns":7},{"damage":28,"enemies":"Large Slime","floor":11,"turns":3}],"seed_played":"-2229162597598709795","potions_obtained":[{"floor":1,"key":"GamblersBrew"},{"floor":8,"key":"Regen Potion"},{"floor":10,"key":"Dexterity Potion"}],"is_trial":false,"path_per_floor":["M","$","M","M","?","E","R","E","T","E","M"],"character_chosen":"IRONCLAD","items_purchased":[],"campfire_rested":0,"item_purchase_floors":[],"current_hp_per_floor":[88,88,82,82,82,44,44,44,44,18,0],"gold":156,"neow_bonus":"TEN_PERCENT_HP_BONUS","is_prod":false,"is_daily":false,"chose_seed":false,"campfire_upgraded":1,"win_rate":0,"timestamp":1556319636,"path_taken":["M","?","M","M","?","E","R","E","T","E","?"],"build_version":"2019-01-23","purchased_purges":1,"victory":false,"max_hp_per_floor":[88,88,88,88,88,88,88,88,88,88,88],"card_choices":[{"not_picked":["Battle Trance","Infernal Blade","Heavy Blade"],"picked":"SKIP","floor":1},{"not_picked":["Clothesline","True Grit"],"picked":"Dropkick","floor":3},{"not_picked":["Body Slam","Clothesline","Spot Weakness"],"picked":"SKIP","floor":4},{"not_picked":["Anger","Body Slam","Corruption"],"picked":"SKIP","floor":6},{"not_picked":["True Grit","Twin Strike"],"picked":"Double Tap","floor":8},{"not_picked":["Body Slam","Whirlwind","Pommel Strike"],"picked":"SKIP","floor":10}],"player_experience":107257,"relics_obtained":[{"floor":6,"key":"Bag of Marbles"},{"floor":8,"key":"Magic Flower"},{"floor":9,"key":"Letter Opener"},{"floor":10,"key":"Oddly Smooth Stone"}],"event_choices":[{"damage_healed":0,"gold_gain":0,"player_choice":"Upgraded","damage_taken":0,"max_hp_gain":0,"max_hp_loss":0,"event_name":"Upgrade Shrine","floor":5,"gold_loss":0,"cards_upgraded":["Bash"]}],"is_beta":false,"boss_relics":[],"items_purged_floors":[2],"is_endless":false,"potions_floor_spawned":[1,8,10],"killed_by":"Large Slime","ascension_level":2}