{"gold_per_floor":[111,111,111,126,136,163,163,189,212,232,232,245,245,266,266,362,362,381,396,396,184,222,222,256,256,256,256,256,291,308,84,84,84],"floor_reached":33,"playtime":1750,"items_purged":[],"score":451,"play_id":"cdb3e3dc-0d1d-4ac7-8543-5a143b8dcab6","local_time":"20190318215209","is_ascension_mode":true,"campfire_choices":[{"floor":7.0,"key":"REST"},{"data":"Wraith Form v2","floor":11.0,"key":"SMITH"},{"data":"Night Terror","floor":13.0,"key":"SMITH"},{"floor":15.0,"key":"REST"},{"floor":23.0,"key":"REST"},{"floor":25.0,"key":"REST"},{"floor":27.0,"key":"REST"},{"floor":32,"key":"REST"}],"neow_cost":"NONE","seed_source_timestamp":509913491360879,"circlet_count":0,"master_deck":["AscendersBane","Defend_G","Defend_G","Defend_G","Defend_G","Defend_G","Strike_G","Strike_G","Strike_G","Strike_G","Survivor","Neutralize","Dagger Throw","Underhanded Strike","Backstab","Deflect","Slice","Deflect","Wraith Form v2+1","Backstab","Adrenaline","Night Terror+1","Die Die Die","All Out Attack","After Image","Leg Sweep","Dagger Spray","Slice","HandOfGreed","Quick Slash","Calculated Gamble+1","Neutralize","Swift Strike","Backflip","A Thousand Cuts","Footwork"],"special_seed":0,"relics":["Orrery","Bronze Scales","Boot","Pen Nib","Happy Flower","Odd Mushroom","Sozu","Ancient Tea Set","Blood Vial","Bag of Marbles"],"potions_floor_usage":[],"damage_taken":[{"damage":0.0,"enemies":"Small Slimes","floor":1.0,"turns":3.0},{"damage":3.0,"enemies":"Jaw Worm","floor":4.0,"turns":4.0},{"damage":0.0,"enemies":"Cultist","floor":5.0,"turns":3.0},{"damage":27.0,"enemies":"Lagavulin","floor":6.0,"turns":6.0},{"damage":18.0,"enemies":"Gremlin Nob","floor":8.0,"turns":5.0},{"damage":14.0,"enemies":"3 Louse","floor":10.0,"turns":2.0},{"damage":0.0,"enemies":"Large Slime","floor":12.0,"turns":2.0},{"damage":0.0,"enemies":"The Mushroom Lair","floor":14.0,"turns":2.0},{"damage":29.0,"enemies":"Slime Boss","floor":16.0,"turns":10.0},{"damage":13.0,"enemies":"Chosen","floor":18.0,"turns":4.0},{"damage":18.0,"enemies":"2 Thieves","floor":19.0,"turns":3.0},{"damage":3.0,"enemies":"3 Cultists","floor":22.0,"turns":5.0},{"damage":24.0,"enemies":"Snake Plant","floor":24.0,"turns":3.0},{"damage":18.0,"enemies":"Book of Stabbing","floor":29.0,"turns":5.0},{"damage":2,"enemies":"Centurion and Healer","floor":30,"turns":4},{"damage":62,"enemies":"Champ","floor":33,"turns":13}],"seed_played":"542206054964845959","potions_obtained":[{"floor":4.0,"key":"Weak Potion"},{"floor":5.0,"key":"Strength Potion"},{"floor":6.0,"key":"Explosive Potion"},{"floor":14.0,"key":"FearPotion"}],"is_trial":false,"path_per_floor":["M","?","?","M","M","E","R","E","T","M","R","M","R","?","R","B",null,"M","M","?","$","M","R","M","R","T","R","?","E","M","$","R","B"],"character_chosen":"THE_SILENT","items_purchased":["Slice","HandOfGreed","Footwork","Bag of Marbles"],"campfire_rested":6,"item_purchase_floors":[21,21,31,31],"current_hp_per_floor":[63,63,60,57,57,30,51,33,33,19,19,19,19,19,40,11,55,42,24,11,11,8,30,6,28,28,50,50,32,32,32,54,0],"gold":84,"neow_bonus":"BOSS_RELIC","is_prod":false,"is_daily":false,"chose_seed":false,"campfire_upgraded":2,"win_rate":0,"timestamp":1552971129,"path_taken":["M","?","?","?","?","E","R","E","T","M","R","M","R","?","R","BOSS","M","M","?","$","M","R","M","R","T","R","?","E","?","$","R","BOSS"],"build_version":"2019-01-23","purchased_purges":0,"victory":false,"max_hp_per_floor":[70,70,70,70,70,70,70,70,70,70,70,70,70,70,70,70,70,70,70,75,75,75,75,75,75,75,75,75,75,75,75,75,75],"card_choices":[{"not_picked":["Reflex","Slice"],"picked":"Dagger Throw","floor":0.0},{"not_picked":["Endless Agony","Outmaneuver"],"picked":"Underhanded Strike","floor":0.0},{"not_picked":["Tactician","Choke"],"picked":"Backstab","floor":0.0},{"not_picked":["Dagger Spray","Bane"],"picked":"Deflect","floor":0.0},{"not_picked":["Underhanded Strike","Masterful Stab"],"picked":"Slice","floor":0.0},{"not_picked":["Outmaneuver","Dodge and Roll"],"picked":"Deflect","floor":1.0},{"not_picked":["Skewer","Reflex"],"picked":"Backstab","floor":4.0},{"not_picked":["Heel Hook","Finisher"],"picked":"Adrenaline","floor":5.0},{"not_picked":["Dagger Spray","Blade Dance"],"picked":"Night Terror","floor":6.0},{"not_picked":["Underhanded Strike","Flying Knee"],"picked":"Die Die Die","floor":8.0},{"not_picked":["Deadly Poison","Outmaneuver","PiercingWail"],"picked":"SKIP","floor":10.0},{"not_picked":["Setup","Bouncing Flask","Riddle With Holes"],"picked":"SKIP","floor":12.0},{"not_picked":["Catalyst","Poisoned Stab"],"picked":"All Out Attack","floor":14.0},{"not_picked":["Unload","A Thousand Cuts"],"picked":"After Image","floor":16.0},{"not_picked":["Heel Hook","Deadly Poison"],"picked":"Leg Sweep","floor":18.0},{"not_picked":["Flechettes","PiercingWail"],"picked":"Dagger Spray","floor":19.0},{"not_picked":["Acrobatics","Dagger Spray"],"picked":"Quick Slash","floor":22.0},{"not_picked":["Prepared","Crippling Poison"],"picked":"Calculated Gamble+1","floor":24.0},{"not_picked":["Blur","Deflect"],"picked":"Backflip","floor":29.0},{"not_picked":["Backflip","Reflex"],"picked":"A Thousand Cuts","floor":30}],"player_experience":500461,"relics_obtained":[{"floor":6.0,"key":"Boot"},{"floor":8.0,"key":"Pen Nib"},{"floor":9.0,"key":"Happy Flower"},{"floor":14.0,"key":"Odd Mushroom"},{"floor":26.0,"key":"Ancient Tea Set"},{"floor":29.0,"key":"Blood Vial"}],"event_choices":[{"damage_healed":0.0,"max_hp_gain":0.0,"max_hp_loss":0.0,"gold_gain":0.0,"cards_transformed":["Strike_G"],"event_name":"Living Wall","player_choice":"Change","floor":2.0,"gold_loss":0.0,"damage_taken":0.0,"cards_obtained":["Wraith Form v2"]},{"damage_healed":0.0,"max_hp_gain":0.0,"max_hp_loss":0.0,"gold_gain":0.0,"event_name":"Scrap Ooze","player_choice":"Success","floor":3.0,"gold_loss":0.0,"damage_taken":3.0,"relics_obtained":["Bronze Scales"]},{"damage_healed":0.0,"max_hp_gain":0.0,"max_hp_loss":0.0,"gold_gain":0.0,"event_name":"Mushrooms","player_choice":"Fought Mushrooms","floor":14.0,"gold_loss":0.0,"damage_taken":0.0},{"damage_healed":0.0,"max_hp_gain":5.0,"max_hp_loss":0.0,"gold_gain":0.0,"event_name":"Forgotten Altar","player_choice":"Shed Blood","floor":20.0,"gold_loss":0.0,"damage_taken":18.0},{"damage_healed":0.0,"max_hp_gain":0.0,"max_hp_loss":0.0,"gold_gain":0.0,"event_name":"Match and Keep!","player_choice":"2 cards matched","floor":28.0,"gold_loss":0.0,"damage_taken":0.0,"cards_obtained":["Neutralize","Swift Strike"]}],"is_beta":false,"boss_relics":[{"not_picked":["Busted Crown","Empty Cage"],"picked":"Sozu"}],"items_purged_floors":[],"is_endless":false,"potions_floor_spawned":[4,5,6,14,19],"killed_by":"Champ","ascension_level":11}