{"gold_per_floor":[114,114,128,53,65,65,77,77,77,105,120,120],"floor_reached":12,"playtime":382,"items_purged":["Strike_R"],"score":96,"play_id":"47431076-842d-4dbe-8880-3dcfe2b762e5","local_time":"20190421124252","is_ascension_mode":true,"campfire_choices":[{"data":"Clothesline","floor":6,"key":"SMITH"},{"data":"Bash","floor":8,"key":"SMITH"}],"neow_cost":"NONE","seed_source_timestamp":95472355126799,"circlet_count":0,"master_deck":["Strike_R","Strike_R","Strike_R","Strike_R","Defend_R","Defend_R","Defend_R","Defend_R","Bash+1","Disarm+1","Clothesline+1"],"relics":["Burning Blood","Boot","Bottled Lightning"],"potions_floor_usage":[],"damage_taken":[{"damage":8,"enemies":"2 Louse","floor":1,"turns":4},{"damage":2,"enemies":"Cultist","floor":3,"turns":4},{"damage":12,"enemies":"Jaw Worm","floor":5,"turns":5},{"damage":18,"enemies":"3 Louse","floor":7,"turns":4},{"damage":12,"enemies":"Gremlin Nob","floor":10,"turns":4},{"damage":19,"enemies":"Large Slime","floor":11,"turns":8},{"damage":60,"enemies":"3 Sentries","floor":12,"turns":6}],"seed_played":"5374063927903085848","potions_obtained":[{"floor":3,"key":"Regen Potion"},{"floor":5,"key":"AttackPotion"},{"floor":7,"key":"EssenceOfSteel"}],"is_trial":false,"path_per_floor":["M","?","M","$","M","R","M","R","T","E","M","E"],"character_chosen":"IRONCLAD","items_purchased":[],"campfire_rested":0,"item_purchase_floors":[],"current_hp_per_floor":[86,86,88,88,82,82,70,70,70,64,51,0],"gold":120,"neow_bonus":"TEN_PERCENT_HP_BONUS","is_prod":false,"is_daily":false,"chose_seed":false,"campfire_upgraded":2,"win_rate":0,"timestamp":1555868572,"path_taken":["M","?","M","?","?","R","M","R","T","E","M","E"],"build_version":"2019-04-20","purchased_purges":1,"victory":false,"max_hp_per_floor":[88,88,88,88,88,88,88,88,88,88,88,88],"card_choices":[{"not_picked":["Warcry","Thunderclap"],"picked":"Disarm","floor":1},{"not_picked":["Cleave","Intimidate"],"picked":"Clothesline","floor":3},{"not_picked":["Armaments","Warcry","Entrench"],"picked":"SKIP","floor":5},{"not_picked":["Dark Embrace","Sword Boomerang","Hemokinesis"],"picked":"SKIP","floor":7},{"not_picked":["Clash","Clothesline","Whirlwind"],"picked":"SKIP","floor":10},{"not_picked":["Perfected Strike","Pommel Strike","Warcry"],"picked":"SKIP","floor":11}],"player_experience":270080,"relics_obtained":[{"floor":9,"key":"Boot"},{"floor":10,"key":"Bottled Lightning"}],"event_choices":[{"damage_healed":0,"gold_gain":0,"player_choice":"Upgraded","damage_taken":0,"max_hp_gain":0,"max_hp_loss":0,"event_name":"Upgrade Shrine","floor":2,"gold_loss":0,"cards_upgraded":["Disarm"]}],"is_beta":true,"boss_relics":[],"items_purged_floors":[4],"is_endless":false,"potions_floor_spawned":[3,5,7],"killed_by":"3 Sentries","ascension_level":4}