{"gold_per_floor":[118,42,53,53,72,72,83,83,131,141,141,154,187,202,202,202],"floor_reached":16,"playtime":406,"items_purged":[],"score":208,"play_id":"774f4ea5-bec8-4be6-a6d9-73325922c887","local_time":"20190512145909","is_ascension_mode":true,"campfire_choices":[{"data":"Rampage","floor":6.0,"key":"SMITH"},{"data":"Burning Pact","floor":8.0,"key":"SMITH"},{"data":"Body Slam","floor":11,"key":"SMITH"},{"data":"Evolve","floor":15,"key":"SMITH"}],"neow_cost":"NONE","seed_source_timestamp":1488968923564970,"circlet_count":0,"master_deck":["AscendersBane","Strike_R","Strike_R","Strike_R","Strike_R","Strike_R","Defend_R","Defend_R+1","Defend_R","Defend_R","Bash","Body Slam+1","Rampage+1","Shrug It Off+1","Burning Pact+1","Evolve+1","Double Tap"],"special_seed":0,"relics":["Burning Blood","Bag of Marbles","War Paint"],"potions_floor_usage":[10,13],"damage_taken":[{"damage":1.0,"enemies":"Cultist","floor":1.0,"turns":3.0},{"damage":0.0,"enemies":"2 Louse","floor":3.0,"turns":3.0},{"damage":14.0,"enemies":"Jaw Worm","floor":5.0,"turns":5.0},{"damage":28.0,"enemies":"Exordium Wildlife","floor":7.0,"turns":5.0},{"damage":10,"enemies":"Lots of Slimes","floor":10,"turns":8},{"damage":3,"enemies":"Looter","floor":12,"turns":3},{"damage":31,"enemies":"Lagavulin","floor":13,"turns":6},{"damage":10,"enemies":"Blue Slaver","floor":14,"turns":3},{"damage":27,"enemies":"Slime Boss","floor":16,"turns":3}],"seed_played":"1362618274172905970","potions_obtained":[{"floor":1.0,"key":"Swift Potion"},{"floor":3.0,"key":"Swift Potion"},{"floor":4.0,"key":"SteroidPotion"}],"is_trial":false,"path_per_floor":["M","$","M","?","M","R","M","R","T","M","R","M","E","M","R","B"],"character_chosen":"IRONCLAD","items_purchased":["Rampage"],"campfire_rested":0,"item_purchase_floors":[2],"current_hp_per_floor":[73,73,75,75,67,67,45,45,45,41,41,44,19,15,15,0],"gold":202,"neow_bonus":"RANDOM_COMMON_RELIC","is_prod":false,"is_daily":false,"chose_seed":false,"campfire_upgraded":4,"win_rate":0,"timestamp":1557644349,"path_taken":["M","?","M","?","M","R","M","R","T","?","R","M","E","M","R","BOSS"],"build_version":"2019-01-23","purchased_purges":0,"victory":false,"max_hp_per_floor":[75,75,75,75,75,75,75,75,75,75,75,75,75,75,75,75],"card_choices":[{"not_picked":["Shockwave","Warcry"],"picked":"Body Slam","floor":1.0},{"not_picked":["Sentinel","Pommel Strike"],"picked":"Shrug It Off","floor":3.0},{"not_picked":["Whirlwind","Anger","Cleave"],"picked":"SKIP","floor":5.0},{"not_picked":["Rampage","Iron Wave"],"picked":"Burning Pact","floor":7.0},{"not_picked":["Havoc","Uppercut","Cleave"],"picked":"SKIP","floor":10},{"not_picked":["Sever Soul","Blood for Blood","Iron Wave"],"picked":"SKIP","floor":12},{"not_picked":["Flame Barrier","Twin Strike"],"picked":"Evolve","floor":13},{"not_picked":["Pommel Strike","Flex"],"picked":"Double Tap","floor":14}],"player_experience":1944476,"relics_obtained":[{"floor":13,"key":"War Paint"}],"event_choices":[{"damage_healed":0.0,"max_hp_gain":0.0,"max_hp_loss":0.0,"gold_gain":0.0,"event_name":"Lab","player_choice":"Got Potions","floor":4.0,"gold_loss":0.0,"damage_taken":0.0}],"is_beta":false,"boss_relics":[],"items_purged_floors":[],"is_endless":false,"potions_floor_spawned":[1,3,7],"killed_by":"Slime Boss","ascension_level":20}