{"gold_per_floor":[110,120,45,45,45,70,70,101,101,101,1,18,18,31,31,107,107,122,31,58,58,58,89,89,118,118,33,33,33,44,370,370,443,443,453,328,308,325,342,342,369,389,389,389,420,438,438,469,469,469,469,469,469,44,78,78],"floor_reached":57,"playtime":2184,"items_purged":["Strike_R","Strike_R","Clothesline"],"score":3129,"play_id":"7ea23aaa-599d-496c-8999-eafaf4a0b267","local_time":"20190210233424","is_ascension_mode":true,"campfire_choices":[{"data":"Body Slam","floor":7.0,"key":"SMITH"},{"data":"Inflame","floor":10.0,"key":"SMITH"},{"data":"Bash","floor":13.0,"key":"SMITH"},{"data":"Fiend Fire","floor":15.0,"key":"SMITH"},{"floor":24.0,"key":"REST"},{"floor":28.0,"key":"REST"},{"data":"Entrench","floor":32.0,"key":"SMITH"},{"data":"Barricade","floor":40.0,"key":"SMITH"},{"data":"True Grit","floor":44.0,"key":"SMITH"},{"floor":49.0,"key":"RECALL"},{"data":"Impervious","floor":53.0,"key":"SMITH"}],"neow_cost":"NONE","seed_source_timestamp":2272668187213232,"circlet_count":0,"master_deck":["AscendersBane","Defend_R+1","Defend_R","Defend_R+1","Bash+1","Body Slam+1","Inflame+1","Fiend Fire+1","Barricade+1","Rampage+1","Shrug It Off+1","Immolate+1","Forethought","Battle Trance","Entrench+1","Impervious+1","Pommel Strike+1","Evolve","Exhume","True Grit+1","Doubt","Entrench+1"],"special_seed":0,"relics":["Burning Blood","NeowsBlessing","Ornamental Fan","Oddly Smooth Stone","Singing Bowl","Champion Belt","Astrolabe","Red Mask","Thread and Needle","StoneCalendar","Letter Opener","Old Coin","Cursed Key","Pen Nib","Kunai","Pantograph","DollysMirror","Centennial Puzzle","Happy Flower"],"potions_floor_usage":[56],"damage_taken":[{"damage":0.0,"enemies":"2 Louse","floor":1.0,"turns":1.0},{"damage":0.0,"enemies":"Jaw Worm","floor":2.0,"turns":1.0},{"damage":0.0,"enemies":"Lagavulin","floor":6.0,"turns":1.0},{"damage":27.0,"enemies":"Gremlin Nob","floor":8.0,"turns":5.0},{"damage":2.0,"enemies":"Small Slimes","floor":12.0,"turns":4.0},{"damage":3.0,"enemies":"2 Fungi Beasts","floor":14.0,"turns":4.0},{"damage":33.0,"enemies":"The Guardian","floor":16.0,"turns":10.0},{"damage":2.0,"enemies":"Spheric Guardian","floor":18.0,"turns":3.0},{"damage":25.0,"enemies":"Masked Bandits","floor":20.0,"turns":4.0},{"damage":24.0,"enemies":"Gremlin Leader","floor":23.0,"turns":5.0},{"damage":31.0,"enemies":"Slavers","floor":25.0,"turns":4.0},{"damage":11.0,"enemies":"Shell Parasite","floor":30.0,"turns":5.0},{"damage":0.0,"enemies":"Book of Stabbing","floor":31.0,"turns":6.0},{"damage":26.0,"enemies":"Automaton","floor":33.0,"turns":11.0},{"damage":0.0,"enemies":"3 Shapes","floor":35.0,"turns":7.0},{"damage":0.0,"enemies":"Orb Walker","floor":38.0,"turns":2.0},{"damage":17.0,"enemies":"Spire Growth","floor":39.0,"turns":6.0},{"damage":6.0,"enemies":"Reptomancer","floor":41.0,"turns":5.0},{"damage":0.0,"enemies":"4 Shapes","floor":42.0,"turns":6.0},{"damage":0.0,"enemies":"Giant Head","floor":45.0,"turns":7.0},{"damage":0.0,"enemies":"Maw","floor":46.0,"turns":7.0},{"damage":5.0,"enemies":"Nemesis","floor":48.0,"turns":9.0},{"damage":71.0,"enemies":"Awakened One","floor":50.0,"turns":15.0},{"damage":54.0,"enemies":"Donu and Deca","floor":51.0,"turns":9.0},{"damage":68.0,"enemies":"Shield and Spear","floor":55.0,"turns":6.0},{"damage":0,"enemies":"The Heart","floor":56,"turns":10}],"seed_played":"7571477760431970478","potions_obtained":[{"floor":2.0,"key":"Ancient Potion"},{"floor":6.0,"key":"Strength Potion"},{"floor":8.0,"key":"Strength Potion"},{"floor":14.0,"key":"SkillPotion"},{"floor":18.0,"key":"PowerPotion"},{"floor":25.0,"key":"Block Potion"},{"floor":31.0,"key":"Poison Potion"},{"floor":37.0,"key":"Ancient Potion"},{"floor":39.0,"key":"SkillPotion"},{"floor":41.0,"key":"AttackPotion"}],"is_trial":false,"path_per_floor":["M","M","$","?","T","E","R","E","T","R","$","M","R","M","R","B",null,"M","$","?","?","?","E","R","E","T","$","R","?","M","E","R","B",null,"M","$","?","M","M","R","E","M","T","R","E","M","?","E","R","B","B",null,"R","$","E","B",null],"character_chosen":"IRONCLAD","items_purchased":["Forethought","Battle Trance","DollysMirror","Centennial Puzzle","PowerPotion"],"campfire_rested":2,"item_purchase_floors":[19,27,54,54,54],"current_hp_per_floor":[74,75,75,52,52,58,58,37,37,37,37,43,43,46,46,19,63,69,69,52,52,29,13,39,16,16,16,43,43,38,46,46,28,78,84,84,84,90,81,81,81,87,87,87,95,100,100,102,102,37,14,80,80,80,20,51],"gold":78,"neow_bonus":"THREE_ENEMY_KILL","is_prod":false,"is_daily":false,"chose_seed":false,"campfire_upgraded":8,"win_rate":0,"timestamp":1549812864,"path_taken":["M","M","$","?","?","E","R","E","T","R","?","M","R","M","R","BOSS","M","$","?","?","?","E","R","E","T","$","R","?","M","E","R","BOSS","M","$","?","?","M","R","E","M","T","R","E","M","?","E","R","BOSS","BOSS","R","$","E","BOSS"],"build_version":"2019-01-23","purchased_purges":3,"victory":true,"max_hp_per_floor":[75,75,75,75,75,75,75,75,75,75,75,77,77,77,77,77,77,79,79,81,81,86,88,88,90,90,90,90,90,90,92,92,94,94,94,94,94,94,96,96,96,96,96,96,98,100,100,102,102,102,102,102,102,102,104,104],"card_choices":[{"not_picked":["Armaments","Perfected Strike"],"picked":"Body Slam","floor":1.0},{"not_picked":["Wild Strike","Anger","Headbutt"],"picked":"SKIP","floor":2.0},{"not_picked":["Clothesline","Twin Strike","Thunderclap"],"picked":"SKIP","floor":6.0},{"not_picked":["Twin Strike","Thunderclap"],"picked":"Clothesline","floor":6.0},{"not_picked":["Intimidate","Warcry"],"picked":"Inflame","floor":8.0},{"not_picked":["Berserk","Armaments","Dropkick"],"picked":"Singing Bowl","floor":12.0},{"not_picked":["Cleave","Shrug It Off"],"picked":"Fiend Fire","floor":14.0},{"not_picked":["Bludgeon","Feed"],"picked":"Barricade","floor":16.0},{"not_picked":["Warcry","Intimidate","Clothesline"],"picked":"Singing Bowl","floor":18.0},{"not_picked":["Thunderclap","Anger","Disarm"],"picked":"Singing Bowl","floor":20.0},{"not_picked":["Metallicize","Combust","Whirlwind"],"picked":"Singing Bowl","floor":23.0},{"not_picked":["Iron Wave","Sword Boomerang","Clothesline"],"picked":"Singing Bowl","floor":25.0},{"not_picked":["Havoc","Clash"],"picked":"Impervious","floor":30.0},{"not_picked":["Dual Wield","Clash","Immolate"],"picked":"Singing Bowl","floor":31.0},{"not_picked":["Exhume","Brutality","Double Tap"],"picked":"Singing Bowl","floor":33.0},{"not_picked":["Shrug It Off","Clash"],"picked":"Pommel Strike+1","floor":35.0},{"not_picked":["Cleave","Battle Trance+1"],"picked":"Evolve","floor":38.0},{"not_picked":["Flex","Cleave","Reckless Charge"],"picked":"Singing Bowl","floor":39.0},{"not_picked":["Uppercut+1","Fire Breathing"],"picked":"Exhume","floor":41.0},{"not_picked":["Clash","Pommel Strike"],"picked":"True Grit","floor":42.0},{"not_picked":["Limit Break","Body Slam","Pommel Strike"],"picked":"Singing Bowl","floor":45.0},{"not_picked":["Pommel Strike","Cleave+1","Flex+1"],"picked":"Singing Bowl","floor":46.0},{"not_picked":["Spot Weakness","Flex","Searing Blow+1"],"picked":"Singing Bowl","floor":48.0},{"not_picked":["Perfected Strike","Sword Boomerang","True Grit"],"picked":"Singing Bowl","floor":55.0}],"player_experience":869538,"relics_obtained":[{"floor":5.0,"key":"Ornamental Fan"},{"floor":6.0,"key":"Oddly Smooth Stone"},{"floor":8.0,"key":"Singing Bowl"},{"floor":9.0,"key":"Champion Belt"},{"floor":20.0,"key":"Red Mask"},{"floor":23.0,"key":"Thread and Needle"},{"floor":25.0,"key":"StoneCalendar"},{"floor":26.0,"key":"Letter Opener"},{"floor":31.0,"key":"Old Coin"},{"floor":41.0,"key":"Pen Nib"},{"floor":45.0,"key":"Kunai"},{"floor":48.0,"key":"Pantograph"},{"floor":55.0,"key":"Happy Flower"}],"event_choices":[{"damage_healed":0.0,"max_hp_gain":0.0,"max_hp_loss":0.0,"gold_gain":0.0,"event_name":"Shining Light","player_choice":"Entered Light","floor":4.0,"gold_loss":0.0,"damage_taken":23.0,"cards_upgraded":["Defend_R","Defend_R"]},{"damage_healed":0.0,"max_hp_gain":0.0,"max_hp_loss":0.0,"gold_gain":0.0,"event_name":"Masked Bandits","player_choice":"Fought Bandits","floor":20.0,"gold_loss":0.0,"damage_taken":0.0},{"damage_healed":0.0,"max_hp_gain":0.0,"max_hp_loss":0.0,"gold_gain":0.0,"event_name":"Beggar","player_choice":"Ignored","floor":21.0,"gold_loss":0.0,"damage_taken":0.0},{"damage_healed":0.0,"max_hp_gain":5.0,"max_hp_loss":0.0,"gold_gain":0.0,"event_name":"Forgotten Altar","player_choice":"Shed Blood","floor":22.0,"gold_loss":0.0,"damage_taken":28.0},{"damage_healed":0.0,"max_hp_gain":0.0,"max_hp_loss":0.0,"gold_gain":0.0,"event_name":"The Library","player_choice":"Read","floor":29.0,"gold_loss":0.0,"damage_taken":0.0,"cards_obtained":["Entrench"]},{"damage_healed":0.0,"max_hp_gain":0.0,"max_hp_loss":0.0,"gold_gain":0.0,"event_name":"The Woman in Blue","player_choice":"Bought 1 Potion","floor":37.0,"gold_loss":0.0,"damage_taken":0.0},{"cards_removed":["Defend_R"],"damage_healed":0.0,"max_hp_gain":0.0,"max_hp_loss":0.0,"gold_gain":0.0,"event_name":"Falling","player_choice":"Removed Skill","floor":47.0,"gold_loss":0.0,"damage_taken":0.0}],"is_beta":false,"boss_relics":[{"not_picked":["Runic Dome","White Beast Statue"],"picked":"Astrolabe"},{"not_picked":["Snecko Eye","Pandora\u0027s Box"],"picked":"Cursed Key"}],"items_purged_floors":[3,11,36],"is_endless":false,"potions_floor_spawned":[2,6,8,12,14,18,25,31,39,41,42,48],"ascension_level":20}