{"gold_per_floor":[109,125,141,70,20,48,61,94,94,94,122,41,61,76,76,180,180,145,159,171,171,190,219,219,72,154,184,211,211],"floor_reached":29,"playtime":2237,"items_purged":[],"score":413,"play_id":"205e4fea-3a0d-4a9c-a335-6f47d61cfd4a","local_time":"20181221225439","is_ascension_mode":true,"campfire_choices":[{"floor":15.0,"key":"REST"},{"floor":24.0,"key":"REST"}],"neow_cost":"NONE","seed_source_timestamp":39202347162888,"circlet_count":0,"master_deck":["Strike_R","Strike_R","Strike_R","Defend_R","Defend_R","Defend_R","Defend_R","Bash","Immolate","Sever Soul","Rage","Metallicize","Disarm","Iron Wave","Shrug It Off","Whirlwind","Metallicize+1","Carnage","Reaper","Dark Embrace+1","Sentinel","Wild Strike+1","Flame Barrier","True Grit","Sentinel+1","Fiend Fire","Barricade+1","Body Slam+1"],"special_seed":0,"relics":["Burning Blood","Bag of Preparation","Gambling Chip","Mango","Frozen Egg 2","Mark of Pain","Blood Vial","Kunai","Regal Pillow","Red Mask"],"potions_floor_usage":[29],"damage_taken":[{"damage":1.0,"enemies":"Cultist","floor":1.0,"turns":3.0},{"damage":5.0,"enemies":"2 Louse","floor":2.0,"turns":2.0},{"damage":7.0,"enemies":"Jaw Worm","floor":3.0,"turns":3.0},{"damage":22.0,"enemies":"3 Sentries","floor":6.0,"turns":6.0},{"damage":0.0,"enemies":"Exordium Wildlife","floor":7.0,"turns":2.0},{"damage":21.0,"enemies":"Gremlin Nob","floor":8.0,"turns":5.0},{"damage":23.0,"enemies":"3 Sentries","floor":11.0,"turns":5.0},{"damage":0.0,"enemies":"Lots of Slimes","floor":13.0,"turns":1.0},{"damage":8.0,"enemies":"Blue Slaver","floor":14.0,"turns":5.0},{"damage":39.0,"enemies":"The Guardian","floor":16.0,"turns":17.0},{"damage":16.0,"enemies":"2 Thieves","floor":18.0,"turns":5.0},{"damage":12.0,"enemies":"Spheric Guardian","floor":19.0,"turns":5.0},{"damage":9.0,"enemies":"Snecko","floor":20.0,"turns":5.0},{"damage":11.0,"enemies":"Shelled Parasite and Fungi","floor":22.0,"turns":7.0},{"damage":55.0,"enemies":"Gremlin Leader","floor":23.0,"turns":10.0},{"damage":35.0,"enemies":"Book of Stabbing","floor":27.0,"turns":9.0},{"damage":23.0,"enemies":"Masked Bandits","floor":28.0,"turns":4.0},{"damage":22,"enemies":"Snake Plant","floor":29,"turns":5}],"seed_played":"-6280426196788358228","potions_obtained":[{"floor":1.0,"key":"Dexterity Potion"},{"floor":3.0,"key":"Weak Potion"},{"floor":6.0,"key":"SkillPotion"},{"floor":13.0,"key":"Explosive Potion"},{"floor":14.0,"key":"LiquidBronze"},{"floor":16.0,"key":"SneckoOil"},{"floor":20.0,"key":"Block Potion"},{"floor":23.0,"key":"Swift Potion"}],"is_trial":false,"path_per_floor":["M","M","M","$","?","E","M","E","T","?","E","$","M","M","R","B",null,"M","M","M","?","M","E","R","$","T","E","?","M"],"character_chosen":"IRONCLAD","items_purchased":["Metallicize","Carnage","Fiend Fire"],"campfire_rested":2,"item_purchase_floors":[4,12,25],"current_hp_per_floor":[77,78,77,77,77,61,67,52,66,66,49,49,55,53,81,48,83,81,76,73,73,68,31,59,59,59,32,17,0],"gold":211,"neow_bonus":"ONE_RANDOM_RARE_CARD","is_prod":false,"is_daily":false,"chose_seed":false,"campfire_upgraded":0,"win_rate":0,"timestamp":1545450879,"path_taken":["M","M","M","$","?","E","M","E","T","?","E","$","M","M","R","BOSS","M","M","M","?","M","E","R","$","T","E","?","?"],"build_version":"2018-12-20","purchased_purges":0,"victory":false,"max_hp_per_floor":[80,80,80,80,80,80,80,80,94,94,94,94,94,94,94,94,94,94,94,94,94,94,94,94,94,94,94,94,94],"card_choices":[{"not_picked":["Power Through","Iron Wave"],"picked":"Sever Soul","floor":1.0},{"not_picked":["Evolve","Rampage"],"picked":"Rage","floor":2.0},{"not_picked":["Warcry","Body Slam","Havoc"],"picked":"SKIP","floor":3.0},{"not_picked":["Ghostly Armor","Fire Breathing"],"picked":"Disarm","floor":6.0},{"not_picked":["Rage","Metallicize"],"picked":"Iron Wave","floor":7.0},{"not_picked":["Twin Strike","Clash"],"picked":"Shrug It Off","floor":8.0},{"not_picked":["Warcry","Flex"],"picked":"Metallicize","floor":11.0},{"not_picked":["Pommel Strike","Metallicize+1"],"picked":"Reaper","floor":13.0},{"not_picked":["Clash","Wild Strike","Second Wind"],"picked":"SKIP","floor":14.0},{"not_picked":["Exhume","Limit Break"],"picked":"Dark Embrace+1","floor":16.0},{"not_picked":["Rupture+1","Heavy Blade+1","Warcry"],"picked":"SKIP","floor":18.0},{"not_picked":["Perfected Strike","Anger+1"],"picked":"Sentinel","floor":19.0},{"not_picked":["Hemokinesis","Sword Boomerang"],"picked":"Wild Strike+1","floor":20.0},{"not_picked":["Metallicize+1","Wild Strike"],"picked":"True Grit","floor":22.0},{"not_picked":["Body Slam","Cleave"],"picked":"Sentinel+1","floor":23.0},{"not_picked":["Shrug It Off","Metallicize+1"],"picked":"Barricade+1","floor":27.0},{"not_picked":["Havoc","Warcry"],"picked":"Body Slam+1","floor":28.0}],"player_experience":175174,"relics_obtained":[{"floor":6.0,"key":"Bag of Preparation"},{"floor":8.0,"key":"Gambling Chip"},{"floor":9.0,"key":"Mango"},{"floor":11.0,"key":"Frozen Egg 2"},{"floor":23.0,"key":"Blood Vial"},{"floor":26.0,"key":"Kunai"},{"floor":27.0,"key":"Regal Pillow"},{"floor":28.0,"key":"Red Mask"}],"event_choices":[{"cards_removed":["Strike_R"],"damage_healed":0.0,"max_hp_gain":0.0,"max_hp_loss":0.0,"gold_gain":0.0,"event_name":"The Cleric","player_choice":"Card Removal","floor":5.0,"gold_loss":50.0,"damage_taken":0.0},{"damage_healed":0.0,"max_hp_gain":0.0,"max_hp_loss":0.0,"gold_gain":0.0,"cards_transformed":["Strike_R"],"event_name":"Transmorgrifier","player_choice":"Transformed","floor":10.0,"gold_loss":0.0,"damage_taken":0.0,"cards_obtained":["Whirlwind"]},{"damage_healed":0.0,"max_hp_gain":0.0,"max_hp_loss":0.0,"gold_gain":0.0,"event_name":"The Library","player_choice":"Read","floor":21.0,"gold_loss":0.0,"damage_taken":0.0,"cards_obtained":["Flame Barrier"]},{"damage_healed":0.0,"max_hp_gain":0.0,"max_hp_loss":0.0,"gold_gain":0.0,"event_name":"Masked Bandits","player_choice":"Fought Bandits","floor":28.0,"gold_loss":0.0,"damage_taken":0.0}],"is_beta":false,"boss_relics":[{"not_picked":["White Beast Statue","Pandora\u0027s Box"],"picked":"Mark of Pain"}],"items_purged_floors":[],"is_endless":false,"potions_floor_spawned":[1,3,6,13,14,16,20,23,27],"killed_by":"Snake Plant","ascension_level":9}