{"gold_per_floor":[112,37,57,132,149,149,176,192,192,192,202,216,216,216,216,216],"floor_reached":16,"playtime":371,"items_purged":["Strike_R"],"score":204,"play_id":"5e394798-06a7-41e4-a656-46cf60e32dc8","local_time":"20190507140454","is_ascension_mode":true,"campfire_choices":[{"data":"Combust","floor":6,"key":"SMITH"},{"floor":10,"key":"REST"},{"data":"Bash","floor":13,"key":"SMITH"},{"data":"True Grit","floor":15,"key":"SMITH"}],"neow_cost":"NONE","seed_source_timestamp":171223639950753,"circlet_count":0,"master_deck":["AscendersBane","Strike_R","Strike_R","Strike_R","Strike_R","Defend_R","Defend_R","Defend_R","Defend_R","Bash+1","Pommel Strike","Combust+1","Headbutt","True Grit+1","Spot Weakness","Reaper+1"],"relics":["Burning Blood","Bag of Marbles","Bottled Tornado","Molten Egg 2"],"potions_floor_usage":[7,16],"damage_taken":[{"damage":14,"enemies":"Jaw Worm","floor":1,"turns":4},{"damage":1,"enemies":"2 Louse","floor":3,"turns":3},{"damage":7,"enemies":"Small Slimes","floor":5,"turns":3},{"damage":39,"enemies":"Lagavulin","floor":7,"turns":5},{"damage":7,"enemies":"Gremlin Gang","floor":8,"turns":3},{"damage":11,"enemies":"Exordium Thugs","floor":11,"turns":4},{"damage":8,"enemies":"3 Louse","floor":12,"turns":2},{"damage":60,"enemies":"The Guardian","floor":16,"turns":10}],"seed_played":"-6906158197338958438","potions_obtained":[{"floor":5,"key":"Poison Potion"},{"floor":7,"key":"BloodPotion"},{"floor":11,"key":"Energy Potion"}],"is_trial":false,"path_per_floor":["M","$","M","?","M","R","E","M","T","R","M","M","R","?","R","B"],"character_chosen":"IRONCLAD","items_purchased":[],"campfire_rested":1,"item_purchase_floors":[],"current_hp_per_floor":[60,60,65,54,53,53,20,19,19,41,36,34,34,39,39,0],"gold":216,"neow_bonus":"RANDOM_COMMON_RELIC","is_prod":false,"is_daily":false,"chose_seed":false,"campfire_upgraded":3,"win_rate":0,"timestamp":1557248694,"path_taken":["M","$","M","?","M","R","E","M","T","R","M","M","R","?","R","BOSS"],"build_version":"2019-01-23","purchased_purges":1,"victory":false,"max_hp_per_floor":[75,75,75,75,75,75,75,75,75,75,75,75,75,80,80,80],"card_choices":[{"not_picked":["True Grit","Heavy Blade"],"picked":"Pommel Strike","floor":1},{"not_picked":["Second Wind","Shrug It Off"],"picked":"Combust","floor":3},{"not_picked":["Body Slam","Entrench"],"picked":"Headbutt","floor":5},{"not_picked":["Iron Wave","Anger"],"picked":"True Grit","floor":7},{"not_picked":["Wild Strike","Clash","Warcry"],"picked":"SKIP","floor":8},{"not_picked":["Reckless Charge+1","Metallicize"],"picked":"Spot Weakness","floor":11},{"not_picked":["Perfected Strike+1","Heavy Blade+1"],"picked":"Reaper+1","floor":12}],"player_experience":2273058,"relics_obtained":[{"floor":7,"key":"Bottled Tornado"},{"floor":9,"key":"Molten Egg 2"}],"event_choices":[{"damage_healed":0,"gold_gain":75,"player_choice":"Gather Gold","damage_taken":11,"max_hp_gain":0,"max_hp_loss":0,"event_name":"World of Goop","floor":4,"gold_loss":0},{"damage_healed":0,"gold_gain":0,"player_choice":"Donut","damage_taken":0,"max_hp_gain":5,"max_hp_loss":0,"event_name":"Big Fish","floor":14,"gold_loss":0}],"is_beta":false,"boss_relics":[],"items_purged_floors":[2],"is_endless":false,"potions_floor_spawned":[5,7,11],"killed_by":"The Guardian","ascension_level":20}