{"gold_per_floor":[10,30,41,59,75,75,25,51,51,51,51,69,69,99,99,194,194,208,208,219,239,239,239],"floor_reached":23,"playtime":1534,"items_purged":[],"score":315,"play_id":"52850d81-ac44-478a-9a18-14f9876bb948","local_time":"20190316231927","is_ascension_mode":true,"campfire_choices":[{"data":"Strike_R","floor":6.0,"key":"PURGE"},{"data":"Strike_R","floor":10.0,"key":"PURGE"},{"data":"Body Slam","floor":13.0,"key":"SMITH"},{"data":"Strike_R","floor":15.0,"key":"PURGE"}],"neow_cost":"NO_GOLD","seed_source_timestamp":342963056086485,"circlet_count":0,"master_deck":["AscendersBane","Strike_R","Defend_R","Defend_R","Defend_R","Defend_R","Bash","Warcry","Hemokinesis","Iron Wave","True Grit","Flame Barrier","Body Slam+1","Pommel Strike","Barricade","Armaments","Inflame","Body Slam","Fire Breathing","Hemokinesis","Ghostly Armor","Warcry","Thunderclap+1"],"special_seed":0,"relics":["Burning Blood","Peace Pipe","Dream Catcher","Thread and Needle","FossilizedHelix","Orrery","Champion Belt"],"potions_floor_usage":[18,20],"damage_taken":[{"damage":8.0,"enemies":"Small Slimes","floor":1.0,"turns":4.0},{"damage":9.0,"enemies":"2 Louse","floor":2.0,"turns":4.0},{"damage":3.0,"enemies":"Cultist","floor":3.0,"turns":3.0},{"damage":6.0,"enemies":"2 Fungi Beasts","floor":4.0,"turns":4.0},{"damage":9.0,"enemies":"Looter","floor":5.0,"turns":4.0},{"damage":26.0,"enemies":"Gremlin Nob","floor":8.0,"turns":4.0},{"damage":3.0,"enemies":"Blue Slaver","floor":12.0,"turns":5.0},{"damage":30.0,"enemies":"Lagavulin","floor":14.0,"turns":11.0},{"damage":51.0,"enemies":"The Guardian","floor":16.0,"turns":20.0},{"damage":0,"enemies":"Chosen","floor":18,"turns":6},{"damage":33,"enemies":"3 Byrds","floor":20,"turns":6},{"damage":45,"enemies":"Sentry and Sphere","floor":21,"turns":13},{"damage":15,"enemies":"Gremlin Leader","floor":23,"turns":5}],"seed_played":"8168926980196805818","potions_obtained":[{"floor":2.0,"key":"Fire Potion"},{"floor":4.0,"key":"Regen Potion"},{"floor":12.0,"key":"Swift Potion"},{"floor":14.0,"key":"Ancient Potion"},{"floor":18,"key":"PowerPotion"}],"is_trial":false,"path_per_floor":["M","M","M","M","M","R","?","E","T","R","?","M","R","E","R","B",null,"M","?","M","M","?","E"],"character_chosen":"IRONCLAD","items_purchased":[],"campfire_rested":0,"item_purchase_floors":[],"current_hp_per_floor":[70,67,70,70,67,67,67,56,56,56,90,90,90,66,66,21,73,79,79,52,13,13,0],"gold":239,"neow_bonus":"ONE_RARE_RELIC","is_prod":false,"is_daily":false,"chose_seed":false,"campfire_upgraded":1,"win_rate":0,"timestamp":1552803567,"path_taken":["M","M","M","M","M","R","?","E","T","R","?","?","R","E","R","BOSS","M","?","M","M","?","E"],"build_version":"2019-01-23","purchased_purges":0,"victory":false,"max_hp_per_floor":[80,80,80,80,80,80,80,80,80,80,90,90,90,90,90,90,90,90,90,90,90,90,90],"card_choices":[{"not_picked":["Havoc","Dropkick"],"picked":"Warcry","floor":1.0},{"not_picked":["Whirlwind","Clothesline"],"picked":"Hemokinesis","floor":2.0},{"not_picked":["Flex","Twin Strike"],"picked":"Iron Wave","floor":3.0},{"not_picked":["Shrug It Off","Burning Pact"],"picked":"True Grit","floor":4.0},{"not_picked":["Clash","Wild Strike"],"picked":"Bludgeon","floor":5.0},{"not_picked":["True Grit","Shockwave"],"picked":"Flame Barrier","floor":8.0},{"not_picked":["Burning Pact","Sentinel"],"picked":"Body Slam","floor":12.0},{"not_picked":["Clothesline","Corruption"],"picked":"Pommel Strike","floor":14.0},{"not_picked":["Offering","Brutality"],"picked":"Barricade","floor":16.0},{"not_picked":["Anger","Twin Strike"],"picked":"Armaments","floor":17.0},{"not_picked":["Brutality","Iron Wave"],"picked":"Inflame","floor":17.0},{"not_picked":["Perfected Strike","Sever Soul"],"picked":"Body Slam","floor":17.0},{"not_picked":["Feel No Pain","Body Slam"],"picked":"Fire Breathing","floor":17.0},{"not_picked":["Sword Boomerang","Sentinel"],"picked":"Hemokinesis","floor":17.0},{"not_picked":["Inflame","Thunderclap"],"picked":"Ghostly Armor","floor":18},{"not_picked":["Pummel","Heavy Blade"],"picked":"Warcry","floor":20},{"not_picked":["Evolve","Sword Boomerang"],"picked":"Thunderclap+1","floor":21}],"player_experience":494757,"relics_obtained":[{"floor":8.0,"key":"Dream Catcher"},{"floor":9.0,"key":"Thread and Needle"},{"floor":14.0,"key":"FossilizedHelix"}],"event_choices":[{"cards_removed":["Strike_R"],"damage_healed":0.0,"max_hp_gain":0.0,"max_hp_loss":0.0,"gold_gain":0.0,"event_name":"The Cleric","player_choice":"Card Removal","floor":7.0,"gold_loss":50.0,"damage_taken":0.0},{"cards_removed":["Bludgeon"],"damage_healed":24.0,"max_hp_gain":10.0,"max_hp_loss":0.0,"gold_gain":0.0,"event_name":"Bonfire Elementals","player_choice":"Offered Rare","floor":11.0,"gold_loss":0.0,"damage_taken":0.0},{"damage_healed":0,"gold_gain":0,"player_choice":"Ignored","damage_taken":0,"max_hp_gain":0,"max_hp_loss":0,"event_name":"Cursed Tome","floor":19,"gold_loss":0},{"damage_healed":0,"gold_gain":0,"player_choice":"Opened","damage_taken":0,"relics_obtained":["Champion Belt"],"max_hp_gain":0,"max_hp_loss":0,"event_name":"The Mausoleum","floor":22,"gold_loss":0}],"is_beta":false,"boss_relics":[{"not_picked":["Snecko Eye","Busted Crown"],"picked":"Orrery"}],"items_purged_floors":[],"is_endless":false,"potions_floor_spawned":[2,4,5,12,14,18],"killed_by":"Gremlin Leader","ascension_level":11}