{"gold_per_floor":[118,118,268,283,208,236,236,250,250,12,38,65,80,95,95,167,167,177,177,177,177,177,177,203,203,228,240,256,270,296,296,296,373,373,389,408,408,408,32,67,67,93,93,93,147,97,97,117,117,117,117,117,117,11,36,36],"floor_reached":57,"playtime":2452,"items_purged":["Strike_R","Writhe","Bash","Defend_R"],"score":3043,"play_id":"5b686c85-c0bb-40ed-95cc-db56ee00cfec","local_time":"20190429132646","is_ascension_mode":true,"campfire_choices":[{"data":"Armaments","floor":7.0,"key":"SMITH"},{"data":"Demon Form","floor":15.0,"key":"SMITH"},{"data":"Burning Pact","floor":23.0,"key":"SMITH"},{"data":"Battle Trance","floor":25.0,"key":"SMITH"},{"data":"True Grit","floor":32.0,"key":"SMITH"},{"data":"Master of Strategy","floor":44.0,"key":"SMITH"},{"data":"Body Slam","floor":47.0,"key":"SMITH"},{"floor":49.0,"key":"RECALL"},{"data":"Evolve","floor":53.0,"key":"SMITH"}],"neow_cost":"NONE","seed_source_timestamp":357652670382401,"circlet_count":0,"master_deck":["AscendersBane","Defend_R","Defend_R","Defend_R","Armaments+1","Demon Form+1","Sword Boomerang+1","True Grit+1","Battle Trance+1","Inflame","Barricade+1","Second Wind+1","Feel No Pain+1","Shrug It Off","Ghostly","Ghostly","Ghostly","Burning Pact+1","Evolve+1","Master of Strategy+1","Body Slam+1","Exhume"],"special_seed":0,"relics":["Burning Blood","NeowsBlessing","Paper Frog","Shuriken","Vajra","Art of War","Boot","Astrolabe","Nilry\u0027s Codex","Orichalcum","Bag of Preparation","Whetstone","Dodecahedron","Busted Crown","Mummified Hand","Smiling Mask","Bird Faced Urn","Ginger","Centennial Puzzle"],"potions_floor_usage":[56],"damage_taken":[{"damage":0.0,"enemies":"2 Louse","floor":1.0,"turns":1.0},{"damage":0.0,"enemies":"Jaw Worm","floor":4.0,"turns":1.0},{"damage":0.0,"enemies":"Lagavulin","floor":6.0,"turns":1.0},{"damage":4.0,"enemies":"Small Slimes","floor":8.0,"turns":4.0},{"damage":3.0,"enemies":"Gremlin Nob","floor":12.0,"turns":3.0},{"damage":2.0,"enemies":"2 Fungi Beasts","floor":13.0,"turns":4.0},{"damage":8.0,"enemies":"Large Slime","floor":14.0,"turns":7.0},{"damage":17.0,"enemies":"Hexaghost","floor":16.0,"turns":7.0},{"damage":16.0,"enemies":"Shell Parasite","floor":18.0,"turns":6.0},{"damage":12.0,"enemies":"Slavers","floor":24.0,"turns":4.0},{"damage":0.0,"enemies":"Spheric Guardian","floor":27.0,"turns":5.0},{"damage":6.0,"enemies":"Shelled Parasite and Fungi","floor":28.0,"turns":9.0},{"damage":0.0,"enemies":"Snake Plant","floor":29.0,"turns":6.0},{"damage":7.0,"enemies":"Champ","floor":33.0,"turns":21.0},{"damage":0.0,"enemies":"3 Darklings","floor":35.0,"turns":6.0},{"damage":0.0,"enemies":"3 Shapes","floor":36.0,"turns":4.0},{"damage":1.0,"enemies":"Reptomancer","floor":40.0,"turns":5.0},{"damage":0.0,"enemies":"Nemesis","floor":42.0,"turns":7.0},{"damage":1.0,"enemies":"2 Orb Walkers","floor":45.0,"turns":5.0},{"damage":0.0,"enemies":"Writhing Mass","floor":48.0,"turns":4.0},{"damage":0.0,"enemies":"Time Eater","floor":50.0,"turns":7.0},{"damage":0.0,"enemies":"Donu and Deca","floor":51.0,"turns":4.0},{"damage":0.0,"enemies":"Shield and Spear","floor":55.0,"turns":4.0},{"damage":6,"enemies":"The Heart","floor":56,"turns":8}],"seed_played":"-6517773353680712730","potions_obtained":[{"floor":8.0,"key":"EntropicBrew"},{"floor":12.0,"key":"LiquidBronze"},{"floor":27.0,"key":"Dexterity Potion"},{"floor":28.0,"key":"SteroidPotion"}],"is_trial":false,"path_per_floor":["M","?","?","M","?","E","R","M","T","$","T","E","M","M","R","B",null,"M","?","?","?","?","R","E","R","T","M","M","M","T","?","R","B",null,"M","M","?","?","$","E","?","E","T","R","?","$","R","M","R","B","B",null,"R","$","E","B",null],"character_chosen":"IRONCLAD","items_purchased":["Vajra","Mummified Hand","SkillPotion"],"campfire_rested":0,"item_purchase_floors":[10,39,54],"current_hp_per_floor":[74,74,74,75,75,75,75,75,75,75,75,75,75,73,73,62,72,62,41,41,37,37,37,31,31,31,37,37,37,37,37,37,36,37,37,37,37,37,37,37,37,37,37,37,37,37,37,37,37,37,37,37,37,37,37,37],"gold":36,"neow_bonus":"THREE_ENEMY_KILL","is_prod":false,"is_daily":false,"chose_seed":false,"campfire_upgraded":8,"win_rate":0,"timestamp":1556515606,"path_taken":["M","?","?","M","?","E","R","M","T","?","?","E","?","M","R","BOSS","M","?","?","?","?","R","E","R","T","M","M","M","?","?","R","BOSS","M","M","?","?","$","E","?","E","T","R","?","?","R","M","R","BOSS","BOSS","R","$","E","BOSS"],"build_version":"2019-01-23","purchased_purges":4,"victory":true,"max_hp_per_floor":[75,75,75,75,75,75,75,75,75,75,75,75,75,75,75,75,75,75,75,75,37,37,37,37,37,37,37,37,37,37,37,37,37,37,37,37,37,37,37,37,37,37,37,37,37,37,37,37,37,37,37,37,37,37,37,37],"card_choices":[{"not_picked":["Headbutt","Heavy Blade"],"picked":"Armaments","floor":1.0},{"not_picked":["Heavy Blade","Intimidate"],"picked":"Uppercut","floor":4.0},{"not_picked":["Thunderclap","Fire Breathing"],"picked":"Demon Form","floor":6.0},{"not_picked":["Havoc","Carnage"],"picked":"Sword Boomerang","floor":8.0},{"not_picked":["Twin Strike","Ghostly Armor"],"picked":"True Grit","floor":12.0},{"not_picked":["Heavy Blade","Twin Strike"],"picked":"Battle Trance","floor":13.0},{"not_picked":["Perfected Strike","Dual Wield"],"picked":"Inflame","floor":14.0},{"not_picked":["Berserk","Juggernaut"],"picked":"Feed","floor":16.0},{"not_picked":["Heavy Blade","Clothesline"],"picked":"Shrug It Off","floor":18.0},{"not_picked":["Wild Strike+1","True Grit","Warcry"],"picked":"SKIP","floor":24.0},{"not_picked":["Perfected Strike","Rupture"],"picked":"Evolve","floor":27.0},{"not_picked":["Battle Trance","Havoc","Pommel Strike+1"],"picked":"SKIP","floor":28.0},{"not_picked":["Havoc","Iron Wave","Double Tap"],"picked":"SKIP","floor":29.0},{"not_picked":["Cleave+1"],"picked":"SKIP","floor":35.0},{"not_picked":["Perfected Strike"],"picked":"SKIP","floor":36.0},{"not_picked":[],"picked":"Master of Strategy","floor":38.0},{"not_picked":["Inflame"],"picked":"SKIP","floor":40.0},{"not_picked":["Sever Soul"],"picked":"SKIP","floor":42.0},{"not_picked":[],"picked":"Body Slam","floor":45.0},{"not_picked":["Rampage+1"],"picked":"SKIP","floor":48.0},{"not_picked":[],"picked":"Exhume","floor":55.0}],"player_experience":1761605,"relics_obtained":[{"floor":6.0,"key":"Paper Frog"},{"floor":9.0,"key":"Shuriken"},{"floor":11.0,"key":"Art of War"},{"floor":12.0,"key":"Boot"},{"floor":19.0,"key":"Nilry\u0027s Codex"},{"floor":24.0,"key":"Orichalcum"},{"floor":26.0,"key":"Bag of Preparation"},{"floor":30.0,"key":"Whetstone"},{"floor":40.0,"key":"Smiling Mask"},{"floor":42.0,"key":"Bird Faced Urn"},{"floor":45.0,"key":"Ginger"},{"floor":55.0,"key":"Centennial Puzzle"}],"event_choices":[{"cards_removed":["Strike_R"],"damage_healed":0.0,"max_hp_gain":0.0,"max_hp_loss":0.0,"gold_gain":0.0,"event_name":"Living Wall","player_choice":"Forget","floor":2.0,"gold_loss":0.0,"damage_taken":0.0},{"damage_healed":0.0,"max_hp_gain":0.0,"max_hp_loss":0.0,"gold_gain":150.0,"event_name":"Liars Game","player_choice":"AGREE","floor":3.0,"gold_loss":0.0,"damage_taken":0.0,"cards_obtained":["Doubt"]},{"cards_removed":["Doubt"],"damage_healed":0.0,"max_hp_gain":0.0,"max_hp_loss":0.0,"gold_gain":0.0,"event_name":"The Cleric","player_choice":"Card Removal","floor":5.0,"gold_loss":75.0,"damage_taken":0.0},{"damage_healed":0.0,"max_hp_gain":0.0,"max_hp_loss":0.0,"gold_gain":0.0,"event_name":"Cursed Tome","player_choice":"Obtained Book","floor":19.0,"gold_loss":0.0,"damage_taken":21.0},{"cards_removed":["Strike_R"],"damage_healed":0.0,"max_hp_gain":0.0,"max_hp_loss":0.0,"gold_gain":0.0,"event_name":"Back to Basics","player_choice":"Elegance","floor":20.0,"gold_loss":0.0,"damage_taken":0.0},{"damage_healed":0.0,"max_hp_gain":0.0,"max_hp_loss":38.0,"gold_gain":0.0,"event_name":"Ghosts","player_choice":"Became a Ghost","floor":21.0,"gold_loss":0.0,"damage_taken":0.0,"cards_obtained":["Ghostly","Ghostly","Ghostly"]},{"damage_healed":0.0,"max_hp_gain":0.0,"max_hp_loss":0.0,"gold_gain":0.0,"event_name":"The Library","player_choice":"Read","floor":22.0,"gold_loss":0.0,"damage_taken":0.0,"cards_obtained":["Burning Pact"]},{"damage_healed":0.0,"max_hp_gain":0.0,"max_hp_loss":0.0,"gold_gain":0.0,"event_name":"The Mausoleum","player_choice":"Opened","floor":31.0,"gold_loss":0.0,"damage_taken":0.0,"relics_obtained":["Dodecahedron"],"cards_obtained":["Writhe"]},{"damage_healed":0.0,"max_hp_gain":0.0,"max_hp_loss":0.0,"gold_gain":0.0,"event_name":"Tomb of Lord Red Mask","player_choice":"Ignored","floor":37.0,"gold_loss":0.0,"damage_taken":0.0},{"damage_healed":0.0,"max_hp_gain":0.0,"max_hp_loss":0.0,"gold_gain":0.0,"event_name":"SensoryStone","player_choice":"Memory 1","floor":38.0,"gold_loss":0.0,"damage_taken":0.0},{"cards_removed":["Uppercut"],"damage_healed":0.0,"max_hp_gain":0.0,"max_hp_loss":0.0,"gold_gain":0.0,"event_name":"Falling","player_choice":"Removed Attack","floor":41.0,"gold_loss":0.0,"damage_taken":0.0},{"damage_healed":0.0,"max_hp_gain":0.0,"max_hp_loss":0.0,"gold_gain":0.0,"event_name":"Mysterious Sphere","player_choice":"Fight","floor":45.0,"gold_loss":0.0,"damage_taken":0.0}],"is_beta":false,"boss_relics":[{"not_picked":["Orrery","Black Star"],"picked":"Astrolabe"},{"not_picked":["Black Blood","Tiny House"],"picked":"Busted Crown"}],"items_purged_floors":[10,39,46,54],"is_endless":false,"potions_floor_spawned":[8,12,14,16,27,28,29,36,45,55],"ascension_level":20}