{"gold_per_floor":[115,133,152,169,188,222,238,258,258,270,270,270,270,348,348,453,453,470,470,17,31,46,78,78,95,95,107,117,135,135,149,149,149],"floor_reached":33,"playtime":3301,"items_purged":[],"score":302,"play_id":"857e01e7-4bf9-453e-876e-33710d3048eb","local_time":"20190515205219","is_ascension_mode":false,"campfire_choices":[{"data":"Armaments","floor":11,"key":"SMITH"},{"floor":15,"key":"REST"},{"floor":30,"key":"REST"},{"data":"Impervious","floor":32,"key":"SMITH"}],"neow_cost":"NONE","seed_source_timestamp":865901775210700,"circlet_count":0,"master_deck":["Strike_R+1","Strike_R+1","Strike_R+1","Strike_R+1","Strike_R+1","Defend_R+1","Defend_R+1","Defend_R+1","Defend_R+1","Bash","Perfected Strike","Armaments+1","Anger","Combust","Flex","Armaments+1","Seeing Red","Thunderclap","Cleave","Feed","Burning Pact+1","Armaments+1","Double Tap","Anger+1","Cleave+1","Perfected Strike+1","Iron Wave+1","Pommel Strike","Shrug It Off","Infernal Blade","Ghostly Armor","Impervious+1"],"relics":["Burning Blood","Art of War","Regal Pillow","Prayer Wheel","Bottled Flame","Eternal Feather","Mercury Hourglass","Red Skull","Anchor","War Paint"],"potions_floor_usage":[6,6,16,16,18,22,33,33,33],"damage_taken":[{"damage":0,"enemies":"Small Slimes","floor":1,"turns":3},{"damage":0,"enemies":"2 Louse","floor":2,"turns":2},{"damage":1,"enemies":"Jaw Worm","floor":3,"turns":4},{"damage":1,"enemies":"2 Fungi Beasts","floor":4,"turns":4},{"damage":5,"enemies":"Looter","floor":5,"turns":3},{"damage":8,"enemies":"Gremlin Nob","floor":6,"turns":4},{"damage":8,"enemies":"Red Slaver","floor":7,"turns":3},{"damage":11,"enemies":"Large Slime","floor":8,"turns":6},{"damage":7,"enemies":"Blue Slaver","floor":10,"turns":3},{"damage":80,"enemies":"Hexaghost","floor":16,"turns":10},{"damage":13,"enemies":"3 Byrds","floor":18,"turns":4},{"damage":5,"enemies":"Spheric Guardian","floor":21,"turns":4},{"damage":20,"enemies":"Cultist and Chosen","floor":22,"turns":7},{"damage":42,"enemies":"Slavers","floor":23,"turns":3},{"damage":18,"enemies":"Sentry and Sphere","floor":25,"turns":5},{"damage":21,"enemies":"Centurion and Healer","floor":27,"turns":6},{"damage":31,"enemies":"Shelled Parasite and Fungi","floor":28,"turns":5},{"damage":6,"enemies":"3 Cultists","floor":29,"turns":4},{"damage":9,"enemies":"Snake Plant","floor":31,"turns":4},{"damage":108,"enemies":"Champ","floor":33,"turns":11}],"seed_played":"-2073231153757234882","potions_obtained":[{"floor":2,"key":"Poison Potion"},{"floor":3,"key":"EssenceOfSteel"},{"floor":4,"key":"EssenceOfSteel"},{"floor":8,"key":"SteroidPotion"},{"floor":16,"key":"Block Potion"},{"floor":18,"key":"SkillPotion"},{"floor":27,"key":"LiquidBronze"},{"floor":28,"key":"LiquidBronze"},{"floor":29,"key":"PowerPotion"},{"floor":31,"key":"SpeedPotion"}],"is_trial":false,"path_per_floor":["M","M","M","M","M","E","M","M","T","M","R","?","?","T","R","B",null,"M","?","$","M","M","E","?","M","T","M","M","M","R","M","R","B"],"character_chosen":"IRONCLAD","items_purchased":["Mercury Hourglass","Red Skull","Armaments"],"campfire_rested":2,"item_purchase_floors":[20,20,20],"current_hp_per_floor":[88,88,88,88,88,86,84,79,79,78,78,71,76,76,93,19,93,89,89,89,90,76,40,96,84,84,69,44,44,96,93,96,0],"gold":149,"neow_bonus":"TEN_PERCENT_HP_BONUS","is_prod":false,"is_daily":false,"chose_seed":false,"campfire_upgraded":2,"win_rate":0.0,"timestamp":1557967939,"path_taken":["M","M","M","M","M","E","M","M","T","M","R","?","?","?","R","BOSS","M","?","$","M","M","E","?","M","T","M","M","M","R","M","R","BOSS"],"build_version":"2019-01-23","purchased_purges":0,"victory":false,"max_hp_per_floor":[88,88,88,88,88,88,88,88,88,88,88,88,93,93,93,93,93,96,96,96,96,96,96,96,96,96,96,96,96,96,96,96,96],"card_choices":[{"not_picked":["True Grit","Body Slam"],"picked":"Perfected Strike","floor":1},{"not_picked":["Headbutt","Reckless Charge"],"picked":"Armaments","floor":2},{"not_picked":["Feel No Pain","Entrench"],"picked":"Anger","floor":3},{"not_picked":["Headbutt","Sever Soul"],"picked":"Combust","floor":4},{"not_picked":["Rage","Headbutt"],"picked":"Flex","floor":5},{"not_picked":["Iron Wave","Sever Soul"],"picked":"Armaments","floor":6},{"not_picked":["Heavy Blade","Headbutt"],"picked":"Seeing Red","floor":7},{"not_picked":["Intimidate","Twin Strike"],"picked":"Thunderclap","floor":8},{"not_picked":["Iron Wave","Clothesline"],"picked":"Cleave","floor":10},{"not_picked":["Bludgeon","Fiend Fire"],"picked":"Feed","floor":16},{"not_picked":["Clash","True Grit"],"picked":"Burning Pact+1","floor":18},{"not_picked":["Dual Wield","Heavy Blade","Clothesline"],"picked":"SKIP","floor":18},{"not_picked":["Clash","Heavy Blade"],"picked":"Double Tap","floor":21},{"not_picked":["Twin Strike+1","Warcry"],"picked":"Anger+1","floor":21},{"not_picked":["Twin Strike+1","Flame Barrier"],"picked":"Cleave+1","floor":22},{"not_picked":["Clothesline","Uppercut","Headbutt"],"picked":"SKIP","floor":22},{"not_picked":["Shockwave+1","Intimidate"],"picked":"Bloodletting","floor":23},{"not_picked":["Corruption","Anger"],"picked":"Perfected Strike+1","floor":25},{"not_picked":["Clothesline+1","Headbutt+1"],"picked":"Iron Wave+1","floor":25},{"not_picked":["Power Through","Bloodletting"],"picked":"Pommel Strike","floor":27},{"not_picked":["Heavy Blade","Armaments"],"picked":"Shrug It Off","floor":27},{"not_picked":["Anger","Second Wind"],"picked":"Infernal Blade","floor":28},{"not_picked":["Pommel Strike","Body Slam","Offering"],"picked":"SKIP","floor":28},{"not_picked":["Perfected Strike","Heavy Blade"],"picked":"Ghostly Armor","floor":29},{"not_picked":["Flex","Hemokinesis","Rampage"],"picked":"SKIP","floor":29},{"not_picked":["Perfected Strike","Reckless Charge"],"picked":"Impervious","floor":31},{"not_picked":["Flame Barrier","Carnage","Headbutt+1"],"picked":"SKIP","floor":31}],"player_experience":101368,"relics_obtained":[{"floor":6,"key":"Art of War"},{"floor":9,"key":"Regal Pillow"},{"floor":14,"key":"Bottled Flame"},{"floor":23,"key":"Anchor"},{"floor":26,"key":"War Paint"}],"event_choices":[{"damage_healed":0,"gold_gain":0,"player_choice":"Success","damage_taken":7,"relics_obtained":["Prayer Wheel"],"max_hp_gain":0,"max_hp_loss":0,"event_name":"Scrap Ooze","floor":12,"gold_loss":0},{"damage_healed":0,"gold_gain":0,"player_choice":"Donut","damage_taken":0,"max_hp_gain":5,"max_hp_loss":0,"event_name":"Big Fish","floor":13,"gold_loss":0},{"damage_healed":0,"gold_gain":0,"player_choice":"Simplicity","damage_taken":0,"max_hp_gain":0,"max_hp_loss":0,"event_name":"Back to Basics","floor":19,"gold_loss":0,"cards_upgraded":["Strike_R","Strike_R","Strike_R","Strike_R","Strike_R","Defend_R","Defend_R","Defend_R","Defend_R"]},{"cards_removed":["Bloodletting"],"damage_healed":56,"gold_gain":0,"player_choice":"Offered Uncommon","damage_taken":0,"max_hp_gain":0,"max_hp_loss":0,"event_name":"Bonfire Elementals","floor":24,"gold_loss":0}],"is_beta":false,"boss_relics":[{"not_picked":["Runic Dome","Empty Cage"],"picked":"Eternal Feather"}],"items_purged_floors":[],"is_endless":false,"potions_floor_spawned":[2,3,4,8,16,18,27,28,29,31],"killed_by":"Champ","ascension_level":0}