{"gold_per_floor":[13,27,27,41,41,80,80,114,114,114,189,189,61,76,76,174,174,199,124,144,178,194,194,237,237,237,275,129,179,20,38,38,127,127,145,145,1144,1159,1381,1381,1419,1431,1443,1455,3,3,3,43,43,43,43],"floor_reached":51,"playtime":2965,"items_purged":["Normality"],"score":1640,"play_id":"c8e4f1d5-c1b7-4c33-97af-cdf4a771b054","local_time":"20190509145743","is_ascension_mode":true,"campfire_choices":[{"floor":7,"key":"REST"},{"data":"Neutralize","floor":10,"key":"SMITH"},{"floor":12,"key":"REST"},{"floor":15,"key":"REST"},{"floor":23,"key":"REST"},{"floor":25,"key":"REST"},{"floor":32,"key":"REST"},{"floor":40,"key":"REST"},{"floor":42,"key":"REST"},{"floor":44,"key":"REST"},{"floor":49,"key":"REST"}],"neow_cost":"NO_GOLD","seed_source_timestamp":403455433831500,"circlet_count":0,"master_deck":["AscendersBane","Survivor","Neutralize+1","PiercingWail","Predator","Skewer","Cloak And Dagger","After Image","Infinite Blades+1","Cloak And Dagger","Blade Dance","Accuracy+1","Blade Dance","Mayhem+1","Apotheosis","Accuracy+1","Burst","Infinite Blades+1","Well Laid Plans+1","Envenom+1","Tactician","Bouncing Flask","Envenom+1","Escape Plan","Catalyst","Tools of the Trade+1","Calculated Gamble","Cloak And Dagger","Escape Plan","Backflip"],"relics":["Ring of the Snake","Golden Idol","Ornamental Fan","Blood Vial","Pen Nib","The Courier","Happy Flower","Fusion Hammer","Red Mask","Frozen Egg 2","Pear","Shuriken","Pandora\u0027s Box","MawBank","Gremlin Horn","Juzu Bracelet","Kunai","Bag of Preparation","PreservedInsect","Bag of Marbles","Regal Pillow","Ancient Tea Set","Mango","Toolbox","Lantern"],"potions_floor_usage":[8,16,21,22,24,41,41,51,51],"damage_taken":[{"damage":4,"enemies":"Small Slimes","floor":1,"turns":3},{"damage":7,"enemies":"Jaw Worm","floor":2,"turns":6},{"damage":0,"enemies":"2 Louse","floor":4,"turns":3},{"damage":29,"enemies":"3 Sentries","floor":6,"turns":12},{"damage":28,"enemies":"Gremlin Nob","floor":8,"turns":4},{"damage":2,"enemies":"Large Slime","floor":14,"turns":5},{"damage":34,"enemies":"Hexaghost","floor":16,"turns":14},{"damage":6,"enemies":"Chosen","floor":18,"turns":6},{"damage":4,"enemies":"3 Byrds","floor":20,"turns":7},{"damage":27,"enemies":"Masked Bandits","floor":21,"turns":6},{"damage":3,"enemies":"Snake Plant","floor":22,"turns":6},{"damage":46,"enemies":"Slavers","floor":24,"turns":8},{"damage":15,"enemies":"Book of Stabbing","floor":27,"turns":6},{"damage":4,"enemies":"Snecko","floor":31,"turns":3},{"damage":6,"enemies":"Champ","floor":33,"turns":6},{"damage":0,"enemies":"Orb Walker","floor":35,"turns":3},{"damage":25,"enemies":"3 Darklings","floor":38,"turns":6},{"damage":36,"enemies":"Reptomancer","floor":41,"turns":6},{"damage":0,"enemies":"Giant Head","floor":48,"turns":3},{"damage":72,"enemies":"Awakened One","floor":50,"turns":6},{"damage":39,"enemies":"Time Eater","floor":51,"turns":4}],"seed_played":"-5410649417592938956","potions_obtained":[{"floor":2,"key":"SpeedPotion"},{"floor":6,"key":"Poison Potion"},{"floor":8,"key":"Weak Potion"},{"floor":16,"key":"Regen Potion"},{"floor":20,"key":"Fire Potion"},{"floor":21,"key":"Regen Potion"},{"floor":24,"key":"GamblersBrew"},{"floor":31,"key":"GhostInAJar"},{"floor":41,"key":"Dexterity Potion"},{"floor":48,"key":"PowerPotion"}],"is_trial":false,"path_per_floor":["M","M","?","M","T","E","R","E","T","R","?","R","$","M","R","B",null,"M","?","M","?","M","R","E","R","T","E","$","?","$","M","R","B",null,"M","$","?","M","?","R","E","R","T","R","$","?","?","E","R","B","B"],"character_chosen":"THE_SILENT","items_purchased":["Happy Flower","Mayhem+1","Apotheosis","Juzu Bracelet","Kunai","Bag of Preparation","PreservedInsect","Bag of Marbles","Regal Pillow","Ancient Tea Set","Mango","Backflip","Toolbox"],"campfire_rested":10,"item_purchase_floors":[13,28,30,45,45,45,45,45,45,45,45,45,45],"current_hp_per_floor":[67,60,60,60,60,31,52,26,26,26,15,36,36,36,57,25,60,56,56,54,29,43,64,35,56,66,53,53,45,45,43,67,63,77,79,79,79,56,56,80,45,69,69,81,95,95,105,105,105,33,0],"gold":43,"neow_bonus":"TWENTY_PERCENT_HP_BONUS","is_prod":false,"is_daily":false,"chose_seed":false,"campfire_upgraded":1,"win_rate":0,"timestamp":1557410263,"path_taken":["M","M","?","M","?","E","R","E","T","R","?","R","$","M","R","BOSS","M","?","M","?","M","R","E","R","T","E","$","?","$","M","R","BOSS","M","$","?","M","?","R","E","R","T","R","$","?","?","E","R","BOSS","BOSS"],"build_version":"2019-01-23","purchased_purges":1,"victory":false,"max_hp_per_floor":[78,78,71,71,71,71,71,71,71,71,71,71,71,71,71,71,71,71,71,71,71,71,71,71,71,81,81,81,81,81,81,81,81,81,81,81,81,81,81,81,81,81,81,81,95,95,105,105,105,105,105],"card_choices":[{"not_picked":["Prepared","Reflex"],"picked":"PiercingWail","floor":1},{"not_picked":["Sucker Punch","Concentrate"],"picked":"Predator","floor":2},{"not_picked":["Catalyst","Finisher","Slice"],"picked":"SKIP","floor":4},{"not_picked":["Prepared","Catalyst"],"picked":"Skewer","floor":6},{"not_picked":["Dagger Throw","Caltrops"],"picked":"Wraith Form v2","floor":8},{"not_picked":["Slice","Deadly Poison"],"picked":"Cloak And Dagger","floor":14},{"not_picked":["Phantasmal Killer","Doppelganger"],"picked":"After Image","floor":16},{"not_picked":["Setup","Poisoned Stab","Dagger Throw"],"picked":"SKIP","floor":18},{"not_picked":["Deadly Poison","Noxious Fumes"],"picked":"Infinite Blades+1","floor":20},{"not_picked":["Slice","Accuracy"],"picked":"Cloak And Dagger","floor":21},{"not_picked":["Calculated Gamble","Acrobatics"],"picked":"Blade Dance","floor":22},{"not_picked":["Bane","Grand Finale"],"picked":"Accuracy","floor":24},{"not_picked":["Dodge and Roll","Deflect+1"],"picked":"Blade Dance","floor":27},{"not_picked":["PiercingWail","Poisoned Stab"],"picked":"Accuracy+1","floor":31},{"not_picked":["Phantasmal Killer","Doppelganger"],"picked":"Burst","floor":33},{"not_picked":["Crippling Poison","Quick Slash"],"picked":"Calculated Gamble","floor":35},{"not_picked":["Accuracy+1","Distraction+1"],"picked":"Cloak And Dagger","floor":38},{"not_picked":["Grand Finale","All Out Attack"],"picked":"Escape Plan","floor":41},{"not_picked":["Setup","Corpse Explosion","Crippling Poison"],"picked":"SKIP","floor":48}],"player_experience":499650,"relics_obtained":[{"floor":5,"key":"Ornamental Fan"},{"floor":6,"key":"Blood Vial"},{"floor":8,"key":"Pen Nib"},{"floor":9,"key":"The Courier"},{"floor":21,"key":"Red Mask"},{"floor":24,"key":"Frozen Egg 2"},{"floor":26,"key":"Pear"},{"floor":27,"key":"Shuriken"},{"floor":41,"key":"MawBank"},{"floor":43,"key":"Gremlin Horn"},{"floor":48,"key":"Lantern"}],"event_choices":[{"damage_healed":0,"gold_gain":0,"player_choice":"Lose Max HP","damage_taken":0,"relics_obtained":["Golden Idol"],"max_hp_gain":0,"max_hp_loss":7,"event_name":"Golden Idol","floor":3,"gold_loss":0},{"damage_healed":0,"gold_gain":75,"player_choice":"Gather Gold","damage_taken":11,"max_hp_gain":0,"max_hp_loss":0,"event_name":"World of Goop","floor":11,"gold_loss":0},{"cards_removed":["Wraith Form v2"],"damage_healed":0,"gold_gain":0,"player_choice":"Gave Gold","damage_taken":0,"max_hp_gain":0,"max_hp_loss":0,"event_name":"Beggar","floor":19,"gold_loss":75},{"damage_healed":0,"gold_gain":0,"player_choice":"Fought Bandits","damage_taken":0,"max_hp_gain":0,"max_hp_loss":0,"event_name":"Masked Bandits","floor":21,"gold_loss":0},{"damage_healed":0,"gold_gain":50,"player_choice":"Touch","damage_taken":8,"max_hp_gain":0,"max_hp_loss":0,"event_name":"FaceTrader","floor":29,"gold_loss":0},{"damage_healed":0,"gold_gain":999,"player_choice":"Gold","damage_taken":0,"max_hp_gain":0,"max_hp_loss":0,"event_name":"MindBloom","floor":37,"gold_loss":0,"cards_obtained":["Normality","Normality"]},{"damage_healed":0,"gold_gain":222,"player_choice":"Wore Mask","damage_taken":0,"max_hp_gain":0,"max_hp_loss":0,"event_name":"Tomb of Lord Red Mask","floor":39,"gold_loss":0},{"cards_removed":["Normality"],"damage_healed":0,"gold_gain":0,"player_choice":"Purged","damage_taken":0,"max_hp_gain":0,"max_hp_loss":0,"event_name":"Purifier","floor":46,"gold_loss":0},{"cards_removed":["Night Terror"],"damage_healed":0,"gold_gain":0,"player_choice":"Offered Rare","damage_taken":0,"max_hp_gain":10,"max_hp_loss":0,"event_name":"Bonfire Elementals","floor":47,"gold_loss":0}],"is_beta":false,"boss_relics":[{"not_picked":["Velvet Choker","Coffee Dripper"],"picked":"Fusion Hammer"},{"not_picked":["Black Star","Cursed Key"],"picked":"Pandora\u0027s Box"}],"items_purged_floors":[45],"is_endless":false,"potions_floor_spawned":[2,6,8,16,20,21,24,31,41,48],"killed_by":"Time Eater","ascension_level":20}