{"gold_per_floor":[112,126,76,76,4,36,36,36,36,36,68,68,82,97,97,195,195,206,305,305,305,315,346,346,75,75,25,43,43,56,68,68,172,172,188,188,202,220,232,232,260,260,328,328,328,353,372,146,146,146],"floor_reached":50,"playtime":2267,"items_purged":["Strike_B","Strike_B"],"score":1044,"play_id":"fdccb3e6-6ff8-466e-b5f3-74bd6ef75ccb","local_time":"20180804202015","is_ascension_mode":true,"campfire_choices":[{"data":"Zap","floor":8,"key":"SMITH"},{"data":"Sunder","floor":12,"key":"SMITH"},{"data":"White Noise","floor":15,"key":"SMITH"},{"floor":24,"key":"REST"},{"data":"Rainbow","floor":29,"key":"SMITH"},{"floor":32,"key":"REST"},{"floor":40,"key":"REST"},{"floor":42,"key":"REST"},{"data":"Capacitor","floor":44,"key":"SMITH"},{"data":"Echo Form","floor":49,"key":"SMITH"}],"neow_cost":"NONE","seed_source_timestamp":6895860773638,"circlet_count":0,"master_deck":["Strike_B","Defend_B","Defend_B","Defend_B","Defend_B","Zap+1","Dualcast","Streamline","Conserve Battery","Sunder+1","White Noise+1","All For One","White Noise","White Noise","Rainbow+1","Steam+1","Ball Lightning","Conserve Battery+1","Echo Form+1","White Noise","Undo","White Noise","Stack","Buffer","Writhe","Cold Snap","Capacitor+1","Conserve Battery+1","Glacier","Hologram+1","Buffer","Cold Snap+1"],"relics":["Cracked Core","NeowsBlessing","Art of War","Incense Burner","Letter Opener","Smiling Mask","Velvet Choker","Happy Flower","Mummified Hand","Nuclear Battery","Dream Catcher","Pantograph","Calipers","Bird Faced Urn","Strawberry"],"potions_floor_usage":[16,16,23,30,30,41,41,50,50,50],"damage_taken":[{"damage":0,"enemies":"Jaw Worm","floor":1,"turns":1},{"damage":0,"enemies":"2 Louse","floor":2,"turns":1},{"damage":0,"enemies":"Lagavulin","floor":6,"turns":1},{"damage":10,"enemies":"3 Sentries","floor":11,"turns":6},{"damage":0,"enemies":"Small Slimes","floor":13,"turns":3},{"damage":5,"enemies":"Exordium Thugs","floor":14,"turns":3},{"damage":29,"enemies":"Hexaghost","floor":16,"turns":9},{"damage":18,"enemies":"Shell Parasite","floor":18,"turns":5},{"damage":15,"enemies":"2 Thieves","floor":22,"turns":2},{"damage":8,"enemies":"Gremlin Leader","floor":23,"turns":7},{"damage":0,"enemies":"Cultist and Chosen","floor":28,"turns":4},{"damage":0,"enemies":"3 Cultists","floor":30,"turns":4},{"damage":9,"enemies":"Centurion and Healer","floor":31,"turns":4},{"damage":23,"enemies":"Champ","floor":33,"turns":9},{"damage":2,"enemies":"3 Shapes","floor":35,"turns":4},{"damage":2,"enemies":"Orb Walker","floor":37,"turns":3},{"damage":0,"enemies":"Spire Growth","floor":38,"turns":6},{"damage":33,"enemies":"Sphere and 2 Shapes","floor":39,"turns":6},{"damage":19,"enemies":"2 Orb Walkers","floor":41,"turns":7},{"damage":5,"floor":45,"turns":8},{"damage":1,"enemies":"Giant Head","floor":46,"turns":11},{"damage":3,"enemies":"Transient","floor":47,"turns":5},{"damage":118,"enemies":"Awakened One","floor":50,"turns":17}],"seed_played":"-4489464392299753891","potions_obtained":[{"floor":1,"key":"PowerPotion"},{"floor":13,"key":"Poison Potion"},{"floor":16,"key":"FearPotion"},{"floor":18,"key":"EssenceOfSteel"},{"floor":23,"key":"Explosive Potion"},{"floor":33,"key":"PowerPotion"},{"floor":37,"key":"FearPotion"},{"floor":41,"key":"Explosive Potion"},{"floor":45,"key":"GamblersBrew"}],"is_trial":false,"path_per_floor":["M","M","?","T","$","E","$","R","T","?","E","R","M","M","R","B",null,"M","?","?","?","M","E","R","$","T","$","M","R","M","M","R","B",null,"M","?","M","M","M","R","E","R","T","R","?","E","M","$","R"],"character_chosen":"DEFECT","items_purchased":["Sunder","Echo Form","White Noise","Regen Potion","Strawberry","Regen Potion"],"campfire_rested":4,"item_purchase_floors":[5,25,25,25,48,48],"current_hp_per_floor":[68,68,68,68,68,68,68,68,68,73,63,63,63,58,58,36,69,51,51,51,51,36,35,59,59,59,59,59,59,71,62,80,57,74,72,80,78,78,45,69,50,74,74,74,75,74,80,87,87,0],"gold":146,"neow_bonus":"THREE_ENEMY_KILL","is_prod":false,"is_daily":false,"chose_seed":false,"campfire_upgraded":6,"win_rate":0,"timestamp":1533424815,"path_taken":["M","M","?","?","$","E","$","R","T","?","E","R","M","M","R","BOSS","M","?","?","?","M","E","R","$","T","?","M","R","M","M","R","BOSS","M","?","M","M","M","R","E","R","T","R","?","E","?","?","R","BOSS"],"build_version":"2018-07-12","purchased_purges":2,"victory":false,"max_hp_per_floor":[75,75,75,75,75,75,75,75,75,80,80,80,80,80,80,80,80,80,80,80,80,80,80,80,80,80,80,80,80,80,80,80,80,80,80,80,80,80,80,80,80,80,80,80,80,80,80,87,87,87],"card_choices":[{"not_picked":["Sweeping Beam","Barrage"],"picked":"Streamline","floor":1},{"not_picked":["Sweeping Beam","Go for the Eyes"],"picked":"Conserve Battery","floor":2},{"not_picked":["Leap","Capacitor"],"picked":"White Noise","floor":6},{"not_picked":["Force Field","Coolheaded"],"picked":"All For One","floor":11},{"not_picked":["Cold Snap","Barrage"],"picked":"White Noise","floor":13},{"not_picked":["Go for the Eyes","Cold Snap"],"picked":"White Noise","floor":14},{"not_picked":["Hyperbeam","Fission"],"picked":"Rainbow","floor":16},{"not_picked":["Streamline","Go for the Eyes"],"picked":"Steam+1","floor":18},{"not_picked":["Stack+1","Conserve Battery"],"picked":"Ball Lightning","floor":22},{"not_picked":["Reboot","Turbo+1"],"picked":"Conserve Battery+1","floor":23},{"not_picked":["Recycle","Static Discharge"],"picked":"Undo","floor":28},{"not_picked":["Ball Lightning","Streamline"],"picked":"White Noise","floor":30},{"not_picked":["Electrodynamics","Redo"],"picked":"Stack","floor":31},{"not_picked":["Seek","All For One"],"picked":"Buffer","floor":33},{"not_picked":["Recycle","Scrape+1","Go for the Eyes"],"picked":"SKIP","floor":35},{"not_picked":["Genetic Algorithm","Hologram","Beam Cell"],"picked":"SKIP","floor":37},{"not_picked":["Hologram","Gash+1"],"picked":"Cold Snap","floor":38},{"not_picked":["Rebound","BootSequence+1"],"picked":"Capacitor","floor":39},{"not_picked":["Sunder+1","Rainbow"],"picked":"Conserve Battery+1","floor":41},{"not_picked":["Ball Lightning+1","Barrage"],"picked":"Glacier","floor":42},{"not_picked":["Redo","Sunder+1"],"picked":"Hologram+1","floor":45},{"not_picked":["Barrage+1","Hello World"],"picked":"Buffer","floor":46},{"not_picked":["Doom and Gloom","Turbo+1"],"picked":"Cold Snap+1","floor":47}],"player_experience":458169,"relics_obtained":[{"floor":4,"key":"Art of War"},{"floor":6,"key":"Incense Burner"},{"floor":9,"key":"Letter Opener"},{"floor":11,"key":"Smiling Mask"},{"floor":23,"key":"Happy Flower"},{"floor":26,"key":"Mummified Hand"},{"floor":41,"key":"Dream Catcher"},{"floor":43,"key":"Pantograph"},{"floor":45,"key":"Calipers"},{"floor":46,"key":"Bird Faced Urn"}],"event_choices":[{"event_name":"The Cleric","player_choice":"Card Removal","floor":3,"damage_taken":0},{"event_name":"Big Fish","player_choice":"Donut","floor":10,"damage_taken":0},{"event_name":"Nest","player_choice":"Stole From Cult","floor":19,"damage_taken":0},{"event_name":"Ghosts","player_choice":"Ignored","floor":20,"damage_taken":0},{"event_name":"Drug Dealer","player_choice":"Ignored","floor":21,"damage_taken":0},{"event_name":"Winding Halls","player_choice":"Writhe","floor":36,"damage_taken":0},{"event_name":"MindBloom","player_choice":"Fight","floor":45,"damage_taken":0}],"boss_relics":[{"not_picked":["Lizard Tail","Runic Pyramid"],"picked":"Velvet Choker"},{"not_picked":["Fusion Hammer","Orrery"],"picked":"Nuclear Battery"}],"items_purged_floors":[25,27],"is_endless":false,"potions_floor_spawned":[1,13,16,18,23,33,37,41,45],"killed_by":"Awakened One","ascension_level":9}