{"gold_per_floor":[118,118,118,0,10,10,45,56,83,83,138,152,184,259,259,331,331,348,348,364,364,53,53,72,20,70,70,86,86,121,156,156,156],"floor_reached":33,"playtime":849,"items_purged":["Strike_B","Decay"],"score":692,"play_id":"7becaac3-7a10-4e76-bad8-cb0dabd41a70","local_time":"20190120011031","is_ascension_mode":true,"campfire_choices":[{"data":"Darkness","floor":6,"key":"SMITH"},{"data":"Darkness","floor":10,"key":"SMITH"},{"data":"Hologram","floor":15,"key":"SMITH"},{"floor":23,"key":"REST"},{"floor":27,"key":"REST"},{"floor":29,"key":"REST"},{"data":"Biased Cognition","floor":32,"key":"SMITH"}],"neow_cost":"NONE","seed_source_timestamp":3372338718181,"circlet_count":0,"master_deck":["AscendersBane","Strike_B","Strike_B","Strike_B","Defend_B","Defend_B","Defend_B","Zap","Dualcast","Coolheaded","Darkness+1","Hologram+1","FTL","Darkness+1","Redo","Steam","Biased Cognition+1","Reinforced Body","Loop","Steam Power+1","Writhe","Redo","Rebound+1","Redo","Coolheaded+1","Defragment","Multi-Cast","Double Energy"],"special_seed":0,"relics":["Cracked Core","NeowsBlessing","Art of War","Strawberry","Potion Belt","Prayer Wheel","Runic Dome","PreservedInsect","OrangePellets","Dream Catcher","Red Mask","Question Card"],"potions_floor_usage":[16,16,16,20,30,31],"damage_taken":[{"damage":0.0,"enemies":"Small Slimes","floor":1.0,"turns":1.0},{"damage":0.0,"enemies":"Jaw Worm","floor":5.0,"turns":1.0},{"damage":0,"enemies":"3 Sentries","floor":7,"turns":1},{"damage":0,"enemies":"2 Louse","floor":8,"turns":4},{"damage":11,"enemies":"Gremlin Nob","floor":11,"turns":3},{"damage":5,"enemies":"Exordium Thugs","floor":12,"turns":3},{"damage":0,"enemies":"Lagavulin","floor":13,"turns":4},{"damage":39,"enemies":"The Guardian","floor":16,"turns":8},{"damage":27,"enemies":"Chosen","floor":18,"turns":4},{"damage":13,"enemies":"2 Thieves","floor":20,"turns":3},{"damage":0,"enemies":"Chosen and Byrds","floor":24,"turns":6},{"damage":21,"enemies":"3 Cultists","floor":28,"turns":5},{"damage":30,"enemies":"Masked Bandits","floor":30,"turns":4},{"damage":0,"enemies":"Gremlin Leader","floor":31,"turns":4},{"damage":53,"enemies":"Automaton","floor":33,"turns":6}],"seed_played":"-8839027456645179973","potions_obtained":[{"floor":8,"key":"Regen Potion"},{"floor":11,"key":"SpeedPotion"},{"floor":12,"key":"SkillPotion"},{"floor":18,"key":"Fire Potion"},{"floor":20,"key":"GamblersBrew"},{"floor":30,"key":"PowerPotion"}],"is_trial":false,"path_per_floor":["M","?","?","$","M","R","E","M","T","R","?","M","E","?","R","B",null,"M","?","M","?","$","R","M","$","T","R","M","R","?","E","R","B"],"character_chosen":"DEFECT","items_purchased":["Darkness","OrangePellets","Redo"],"campfire_rested":3,"item_purchase_floors":[4,22,25],"current_hp_per_floor":[64,64,57,57,57,57,57,57,64,64,53,48,48,37,37,13,62,35,35,22,22,22,45,45,45,45,68,47,70,40,40,40,0],"gold":156,"neow_bonus":"THREE_ENEMY_KILL","is_prod":false,"is_daily":false,"chose_seed":false,"campfire_upgraded":4,"win_rate":0,"timestamp":1547975431,"path_taken":["M","?","?","$","M","R","E","M","T","R","?","M","E","?","R","BOSS","M","?","M","?","$","R","M","$","T","R","M","R","?","E","R","BOSS"],"build_version":"2019-01-17","purchased_purges":2,"victory":false,"max_hp_per_floor":[71,71,71,71,71,71,71,71,78,78,78,78,78,78,78,78,78,78,78,78,78,78,78,78,78,78,78,78,78,78,78,78,78],"card_choices":[{"not_picked":["Stack","Auto Shields"],"picked":"Coolheaded","floor":1.0},{"not_picked":["Storm","Steam"],"picked":"Hologram","floor":5},{"not_picked":["Amplify","Compile Driver"],"picked":"FTL","floor":7},{"not_picked":["Barrage","Turbo"],"picked":"Darkness","floor":8},{"not_picked":["FTL","Sunder"],"picked":"Redo","floor":11},{"not_picked":["Rebound","Barrage"],"picked":"Steam","floor":12},{"not_picked":["Thunder Strike","Ball Lightning","Compile Driver"],"picked":"SKIP","floor":13},{"not_picked":["Echo Form","Hyperbeam"],"picked":"Biased Cognition","floor":16},{"not_picked":["Sunder","Cold Snap"],"picked":"Reinforced Body","floor":18},{"not_picked":["Heatsinks","Double Energy","Turbo"],"picked":"SKIP","floor":18},{"not_picked":["Stack","Go for the Eyes"],"picked":"Loop","floor":20},{"not_picked":["Compile Driver","Beam Cell"],"picked":"Steam Power+1","floor":20},{"not_picked":["Leap","Static Discharge+1"],"picked":"Redo","floor":24},{"not_picked":["Static Discharge+1","Scrape"],"picked":"Rebound+1","floor":24},{"not_picked":["Loop","Rip and Tear+1"],"picked":"Coolheaded+1","floor":27},{"not_picked":["Rebound","Go for the Eyes","Doom and Gloom"],"picked":"SKIP","floor":28},{"not_picked":["Cold Snap","Static Discharge","Consume"],"picked":"SKIP","floor":28},{"not_picked":["Beam Cell","Redo"],"picked":"Defragment","floor":29},{"not_picked":["Rebound","Double Energy"],"picked":"Multi-Cast","floor":30},{"not_picked":["Beam Cell","Go for the Eyes"],"picked":"Double Energy","floor":31}],"player_experience":1036361,"relics_obtained":[{"floor":7,"key":"Art of War"},{"floor":9,"key":"Strawberry"},{"floor":11,"key":"Potion Belt"},{"floor":13,"key":"Prayer Wheel"},{"floor":26,"key":"Dream Catcher"},{"floor":30,"key":"Red Mask"},{"floor":31,"key":"Question Card"}],"event_choices":[{"damage_healed":0.0,"max_hp_gain":0.0,"max_hp_loss":0.0,"gold_gain":0.0,"event_name":"The Cleric","player_choice":"Leave","floor":2.0,"gold_loss":0.0,"damage_taken":0.0},{"cards_removed":["Defend_B"],"damage_healed":0.0,"max_hp_gain":0.0,"max_hp_loss":0.0,"gold_gain":0.0,"event_name":"Golden Wing","player_choice":"Card Removal","floor":3.0,"gold_loss":0.0,"damage_taken":7.0},{"damage_healed":0,"gold_gain":0,"player_choice":"Searched \u00272\u0027 times","damage_taken":0,"max_hp_gain":0,"max_hp_loss":0,"event_name":"Dead Adventurer","floor":11,"gold_loss":0},{"damage_healed":0,"gold_gain":75,"player_choice":"Gather Gold","damage_taken":11,"max_hp_gain":0,"max_hp_loss":0,"event_name":"World of Goop","floor":14,"gold_loss":0},{"damage_healed":0,"gold_gain":0,"player_choice":"Smashed Altar","damage_taken":0,"max_hp_gain":0,"max_hp_loss":0,"event_name":"Forgotten Altar","floor":19,"gold_loss":0,"cards_obtained":["Decay"]},{"damage_healed":0,"gold_gain":0,"player_choice":"Opened","damage_taken":0,"relics_obtained":["PreservedInsect"],"max_hp_gain":0,"max_hp_loss":0,"event_name":"The Mausoleum","floor":21,"gold_loss":0,"cards_obtained":["Writhe"]},{"damage_healed":0,"gold_gain":0,"player_choice":"Fought Bandits","damage_taken":0,"max_hp_gain":0,"max_hp_loss":0,"event_name":"Masked Bandits","floor":30,"gold_loss":0}],"is_beta":true,"boss_relics":[{"not_picked":["Philosopher\u0027s Stone","Calling Bell"],"picked":"Runic Dome"}],"items_purged_floors":[4,22],"is_endless":false,"potions_floor_spawned":[8,11,12,18,20,30],"killed_by":"Automaton","ascension_level":20}