{"gold_per_floor":[115,129,146,165,115,115,150,169,169,169,87,112,132,145,145,275,275,245,245,255,255],"floor_reached":21,"playtime":1609,"items_purged":[],"score":185,"play_id":"c3d24ff0-0e12-4c60-9c5c-dc2ca0665e68","local_time":"20190819145547","is_ascension_mode":false,"campfire_choices":[{"floor":10,"key":"REST"},{"floor":15,"key":"REST"}],"neow_cost":"NONE","seed_source_timestamp":278439114269500,"circlet_count":0,"master_deck":["Strike_G","Strike_G","Strike_G","Strike_G","Strike_G","Defend_G","Defend_G","Defend_G","Defend_G","Survivor","Neutralize","Well Laid Plans","Flying Knee","PiercingWail","PiercingWail","Flying Knee","Sucker Punch","Well Laid Plans","Venomology","Acrobatics","Deadly Poison","Night Terror","Prepared+1","Poisoned Stab"],"relics":["Ring of the Snake","NeowsBlessing","Bloody Idol","PreservedInsect","Pear","HoveringKite"],"potions_floor_usage":[13,14,16,16,16,16,18,21,21,21],"damage_taken":[{"damage":0,"enemies":"Small Slimes","floor":1,"turns":1},{"damage":0,"enemies":"2 Louse","floor":2,"turns":1},{"damage":0,"enemies":"Jaw Worm","floor":3,"turns":1},{"damage":12,"enemies":"3 Louse","floor":4,"turns":4},{"damage":17,"enemies":"3 Sentries","floor":7,"turns":11},{"damage":4,"enemies":"Red Slaver","floor":8,"turns":4},{"damage":7,"enemies":"Large Slime","floor":12,"turns":7},{"damage":0,"enemies":"2 Fungi Beasts","floor":13,"turns":3},{"damage":13,"enemies":"Blue Slaver","floor":14,"turns":5},{"damage":27,"enemies":"Hexaghost","floor":16,"turns":11},{"damage":39,"enemies":"2 Thieves","floor":18,"turns":5},{"damage":26,"enemies":"Chosen","floor":20,"turns":7},{"damage":20,"enemies":"Shelled Parasite and Fungi","floor":21,"turns":4}],"seed_played":"3163572303155862814","potions_obtained":[{"floor":4,"key":"Fire Potion"},{"floor":12,"key":"SkillPotion"},{"floor":13,"key":"PowerPotion"},{"floor":20,"key":"SkillPotion"}],"is_trial":false,"path_per_floor":["M","M","M","M","?","?","E","M","T","R","$","M","M","M","R","B",null,"M","?","M","M"],"character_chosen":"THE_SILENT","items_purchased":["Well Laid Plans"],"campfire_rested":2,"item_purchase_floors":[11],"current_hp_per_floor":[70,70,70,58,58,41,24,20,30,54,54,47,47,34,58,46,80,41,41,20,0],"gold":255,"neow_bonus":"THREE_ENEMY_KILL","is_prod":false,"is_daily":false,"chose_seed":false,"campfire_upgraded":0,"win_rate":0.0,"timestamp":1566251747,"path_taken":["M","M","M","M","?","?","E","M","T","R","$","M","M","M","R","BOSS","M","?","M","M"],"build_version":"2019-07-17","purchased_purges":0,"victory":false,"max_hp_per_floor":[70,70,70,70,70,70,70,70,80,80,80,80,80,80,80,80,80,80,80,80,80],"card_choices":[{"not_picked":["Acrobatics","PiercingWail"],"picked":"Well Laid Plans","floor":1},{"not_picked":["Slice","Leg Sweep"],"picked":"Flying Knee","floor":2},{"not_picked":["Reflex","Deflect"],"picked":"PiercingWail","floor":3},{"not_picked":["Blade Dance","Deflect"],"picked":"PiercingWail","floor":4},{"not_picked":["Skewer","Acrobatics"],"picked":"Flying Knee","floor":7},{"not_picked":["Crippling Poison","Escape Plan"],"picked":"Sucker Punch","floor":8},{"not_picked":["Dagger Spray","Terror"],"picked":"Venomology","floor":12},{"not_picked":["Masterful Stab","Outmaneuver"],"picked":"Acrobatics","floor":13},{"not_picked":["Blade Dance","Unload"],"picked":"Deadly Poison","floor":14},{"not_picked":["Doppelganger","Tools of the Trade"],"picked":"Night Terror","floor":16},{"not_picked":["Terror","Slice"],"picked":"Prepared+1","floor":18},{"not_picked":["Deflect","Dodge and Roll"],"picked":"Poisoned Stab","floor":20}],"player_experience":6905,"relics_obtained":[{"floor":7,"key":"PreservedInsect"},{"floor":9,"key":"Pear"}],"event_choices":[{"cards_removed":["Defend_G"],"damage_healed":0,"gold_gain":0,"player_choice":"Card Removal","damage_taken":0,"max_hp_gain":0,"max_hp_loss":0,"event_name":"The Cleric","floor":5,"gold_loss":50},{"damage_healed":0,"gold_gain":0,"player_choice":"Take Damage","damage_taken":17,"relics_obtained":["Golden Idol"],"max_hp_gain":0,"max_hp_loss":0,"event_name":"Golden Idol","floor":6,"gold_loss":0},{"damage_healed":0,"gold_gain":0,"player_choice":"Gave Idol","damage_taken":0,"relics_obtained":["Bloody Idol"],"max_hp_gain":0,"max_hp_loss":0,"event_name":"Forgotten Altar","floor":19,"relics_lost":["Golden Idol"],"gold_loss":0}],"is_beta":false,"boss_relics":[{"not_picked":["Astrolabe","Orrery"],"picked":"HoveringKite"}],"items_purged_floors":[],"is_endless":false,"potions_floor_spawned":[4,12,13,14,20],"killed_by":"Shelled Parasite and Fungi","ascension_level":0}