{"gold_per_floor":[119,131,144,46,46,74,93,93,117,150,168,168,198,224,224,329,329,348,365,378,34,48,76,76,76,76,92,92,424,439,470,470,571,571,584,594,325,340,350,380,396,423,423,423,453,465,24,35,35,35,35,35,35,65,65],"floor_reached":56,"playtime":4923,"items_purged":["Strike_G","Strike_G","Strike_G","Strike_G+1"],"score":1610,"play_id":"5049698c-0413-48e2-b645-120908e9701e","local_time":"20190819235732","is_ascension_mode":true,"campfire_choices":[{"data":"Noxious Fumes","floor":8.0,"key":"SMITH"},{"data":"Neutralize","floor":12.0,"key":"SMITH"},{"data":"Dodge and Roll","floor":15.0,"key":"SMITH"},{"data":"Apotheosis","floor":24.0,"key":"SMITH"},{"data":"Wraith Form v2","floor":28.0,"key":"SMITH"},{"data":"Footwork","floor":32.0,"key":"SMITH"},{"floor":49.0,"key":"RECALL"},{"data":"Panacea","floor":52.0,"key":"SMITH"}],"neow_cost":"NONE","seed_source_timestamp":205087552039400,"circlet_count":0,"master_deck":["Defend_G","Defend_G","Defend_G","Defend_G+1","Defend_G","Survivor","Neutralize+1","Dagger Throw","Noxious Fumes+1","Dagger Spray","Backflip+1","Escape Plan","Dodge and Roll+1","Leg Sweep+1","Wraith Form v2+1","PiercingWail","PiercingWail+1","Apotheosis+1","Dodge and Roll","PiercingWail+1","Backflip","Bane","Deadly Poison+1","Backflip+1","Footwork+1","Caltrops","PiercingWail+1","Well Laid Plans","Envenom","Footwork","Bouncing Flask","Dodge and Roll","Deadly Poison","Footwork+1","Adrenaline","Escape Plan","Cloak And Dagger+1","Panacea+1","Deadly Poison+1","Catalyst"],"special_seed":0,"relics":["Coffee Dripper","Blood Vial","Anchor","Du-Vu Doll","Bag of Preparation","Eternal Feather","Prayer Wheel","Happy Flower","Old Coin","War Paint","Orrery","PreservedInsect","Dream Catcher","Orichalcum","Mercury Hourglass","Darkstone Periapt","ClockworkSouvenir","Boot"],"potions_floor_usage":[],"damage_taken":[{"damage":0.0,"enemies":"Cultist","floor":1.0,"turns":4.0},{"damage":2.0,"enemies":"Jaw Worm","floor":2.0,"turns":4.0},{"damage":0.0,"enemies":"2 Louse","floor":3.0,"turns":3.0},{"damage":7.0,"enemies":"3 Sentries","floor":6.0,"turns":5.0},{"damage":2.0,"enemies":"Red Slaver","floor":7.0,"turns":3.0},{"damage":10.0,"enemies":"Lagavulin","floor":10.0,"turns":7.0},{"damage":0.0,"enemies":"Lots of Slimes","floor":11.0,"turns":2.0},{"damage":0.0,"enemies":"3 Sentries","floor":13.0,"turns":2.0},{"damage":14.0,"enemies":"The Guardian","floor":16.0,"turns":13.0},{"damage":1.0,"enemies":"Shell Parasite","floor":18.0,"turns":8.0},{"damage":0.0,"enemies":"3 Byrds","floor":19.0,"turns":5.0},{"damage":5.0,"enemies":"Cultist and Chosen","floor":20.0,"turns":8.0},{"damage":4.0,"enemies":"3 Cultists","floor":22.0,"turns":6.0},{"damage":13.0,"enemies":"Book of Stabbing","floor":23.0,"turns":12.0},{"damage":12.0,"enemies":"Sentry and Sphere","floor":27.0,"turns":7.0},{"damage":4.0,"enemies":"Slavers","floor":29.0,"turns":7.0},{"damage":0.0,"enemies":"Snake Plant","floor":30.0,"turns":5.0},{"damage":4.0,"enemies":"Gremlin Leader","floor":31.0,"turns":7.0},{"damage":15.0,"enemies":"Champ","floor":33.0,"turns":15.0},{"damage":5.0,"enemies":"3 Shapes","floor":35.0,"turns":5.0},{"damage":0.0,"enemies":"3 Darklings","floor":36.0,"turns":7.0},{"damage":16.0,"enemies":"4 Shapes","floor":38.0,"turns":7.0},{"damage":0.0,"enemies":"Spire Growth","floor":39.0,"turns":6.0},{"damage":10.0,"enemies":"Nemesis","floor":40.0,"turns":9.0},{"damage":9.0,"enemies":"Jaw Worm Horde","floor":41.0,"turns":6.0},{"damage":0.0,"enemies":"Giant Head","floor":42.0,"turns":9.0},{"damage":1.0,"enemies":"Nemesis","floor":45.0,"turns":7.0},{"damage":3.0,"enemies":"Transient","floor":46.0,"turns":5.0},{"damage":0.0,"enemies":"Sphere and 2 Shapes","floor":48.0,"turns":8.0},{"damage":28.0,"enemies":"Time Eater","floor":50.0,"turns":9.0},{"damage":4,"enemies":"Shield and Spear","floor":54,"turns":9},{"damage":44,"enemies":"The Heart","floor":55,"turns":11}],"seed_played":"8389421318157450202","potions_obtained":[{"floor":1.0,"key":"Explosive Potion"},{"floor":6.0,"key":"GamblersBrew"},{"floor":7.0,"key":"EntropicBrew"},{"floor":13.0,"key":"Dexterity Potion"},{"floor":18.0,"key":"SpeedPotion"},{"floor":22.0,"key":"Dexterity Potion"},{"floor":23.0,"key":"GhostInAJar"},{"floor":31.0,"key":"EssenceOfSteel"}],"is_trial":false,"path_per_floor":["M","M","M","$","?","E","M","R","T","E","M","R","E","T","R","B",null,"M","M","M","$","M","E","R","?","T","M","R","E","M","E","R","B",null,"M","M","$","M","M","E","M","E","T","?","E","M","$","M","R","B",null,"R","$","E","B",null],"character_chosen":"THE_SILENT","items_purchased":["Backflip","Apotheosis","Dodge and Roll","PreservedInsect","ClockworkSouvenir","Panacea"],"campfire_rested":0,"item_purchase_floors":[4,21,21,37,47,47],"current_hp_per_floor":[70,68,68,68,54,47,47,47,47,39,41,41,43,43,43,31,70,69,70,65,65,63,52,64,64,64,54,69,66,68,66,70,55,70,65,67,67,53,55,47,40,42,42,42,43,42,42,44,68,42,70,70,70,66,24],"gold":65,"neow_bonus":"BOSS_RELIC","is_prod":false,"is_daily":false,"chose_seed":false,"campfire_upgraded":7,"win_rate":0,"timestamp":1566277052,"path_taken":["M","M","?","$","?","E","M","R","T","E","M","R","E","?","R","BOSS","M","M","M","?","M","E","R","?","T","?","R","E","M","E","R","BOSS","M","?","$","M","M","E","M","E","T","?","E","M","$","M","R","BOSS","R","$","E","BOSS"],"build_version":"2019-07-17","purchased_purges":4,"victory":true,"max_hp_per_floor":[70,70,70,70,70,70,70,70,70,70,70,70,70,70,70,70,70,70,70,70,70,70,70,70,70,70,70,70,70,70,70,70,70,70,70,70,70,70,70,70,70,70,70,70,70,70,70,70,70,70,70,70,70,70,70],"card_choices":[{"not_picked":["Deflect","Prepared"],"picked":"Dagger Throw","floor":1.0},{"not_picked":["Cloak And Dagger","Acrobatics"],"picked":"Noxious Fumes","floor":2.0},{"not_picked":["Bane","Choke"],"picked":"Dagger Spray","floor":3.0},{"not_picked":["Prepared","Terror"],"picked":"Escape Plan","floor":6.0},{"not_picked":["Distraction","Malaise","Sucker Punch"],"picked":"SKIP","floor":7.0},{"not_picked":["Endless Agony","Slice"],"picked":"Dodge and Roll","floor":10.0},{"not_picked":["Poisoned Stab","Heel Hook","Deflect"],"picked":"SKIP","floor":11.0},{"not_picked":["All Out Attack","Flying Knee"],"picked":"Leg Sweep","floor":13.0},{"not_picked":["Grand Finale","Storm of Steel"],"picked":"Wraith Form v2","floor":16.0},{"not_picked":["Dash","Prepared+1"],"picked":"PiercingWail","floor":18.0},{"not_picked":["Concentrate","Poisoned Stab"],"picked":"PiercingWail+1","floor":19.0},{"not_picked":["Terror","Endless Agony","Cloak And Dagger"],"picked":"SKIP","floor":20.0},{"not_picked":["Heel Hook","Underhanded Strike"],"picked":"PiercingWail+1","floor":22.0},{"not_picked":["Accuracy","Slice"],"picked":"Backflip","floor":23.0},{"not_picked":["Finisher","Setup"],"picked":"Deadly Poison+1","floor":27.0},{"not_picked":["Acrobatics","Choke"],"picked":"Backflip+1","floor":27.0},{"not_picked":["Eviscerate","Distraction"],"picked":"Footwork","floor":29.0},{"not_picked":["Prepared+1","Dagger Throw"],"picked":"Caltrops","floor":30.0},{"not_picked":["Cloak And Dagger","Dagger Throw"],"picked":"PiercingWail+1","floor":30.0},{"not_picked":["Dagger Throw","Choke"],"picked":"Well Laid Plans","floor":31.0},{"not_picked":["Glass Knife","Die Die Die"],"picked":"Envenom","floor":33.0},{"not_picked":["Prepared","Underhanded Strike"],"picked":"Footwork","floor":34.0},{"not_picked":["Dagger Spray","Bane"],"picked":"Bouncing Flask","floor":34.0},{"not_picked":["Expertise+1","Backstab"],"picked":"Dodge and Roll","floor":35.0},{"not_picked":["Distraction","Bullet Time","Poisoned Stab+1"],"picked":"SKIP","floor":35.0},{"not_picked":["Quick Slash+1","Underhanded Strike+1","Backflip"],"picked":"SKIP","floor":36.0},{"not_picked":["Distraction","Setup+1","Dagger Throw+1"],"picked":"SKIP","floor":36.0},{"not_picked":["Underhanded Strike","Flying Knee+1"],"picked":"Deadly Poison","floor":38.0},{"not_picked":["Expertise","Acrobatics","Underhanded Strike"],"picked":"SKIP","floor":38.0},{"not_picked":["Slice","Masterful Stab"],"picked":"Footwork+1","floor":39.0},{"not_picked":["Backflip","Poisoned Stab","Reflex"],"picked":"SKIP","floor":39.0},{"not_picked":["Outmaneuver+1","Backflip+1"],"picked":"Adrenaline","floor":40.0},{"not_picked":["Finisher","Backstab+1","Masterful Stab"],"picked":"SKIP","floor":41.0},{"not_picked":["Endless Agony","Poisoned Stab","Outmaneuver+1"],"picked":"SKIP","floor":41.0},{"not_picked":["Doppelganger","Eviscerate+1","Leg Sweep+1"],"picked":"SKIP","floor":42.0},{"not_picked":["Expertise","Cloak And Dagger","Bane"],"picked":"SKIP","floor":45.0},{"not_picked":["Concentrate+1","Outmaneuver"],"picked":"Escape Plan","floor":46.0},{"not_picked":["PiercingWail+1","Sucker Punch+1"],"picked":"Cloak And Dagger+1","floor":46.0},{"not_picked":["Slice","Acrobatics+1"],"picked":"Deadly Poison+1","floor":48.0},{"not_picked":["Bane","Dagger Throw+1"],"picked":"Catalyst","floor":48.0},{"not_picked":["Dodge and Roll+1","Poisoned Stab+1","Finisher"],"picked":"SKIP","floor":54}],"player_experience":465946,"relics_obtained":[{"floor":6.0,"key":"Blood Vial"},{"floor":10.0,"key":"Anchor"},{"floor":13.0,"key":"Du-Vu Doll"},{"floor":14.0,"key":"Bag of Preparation"},{"floor":23.0,"key":"Prayer Wheel"},{"floor":26.0,"key":"Happy Flower"},{"floor":29.0,"key":"Old Coin"},{"floor":31.0,"key":"War Paint"},{"floor":40.0,"key":"Dream Catcher"},{"floor":42.0,"key":"Orichalcum"},{"floor":43.0,"key":"Mercury Hourglass"},{"floor":45.0,"key":"Darkstone Periapt"},{"floor":54,"key":"Boot"}],"event_choices":[{"damage_healed":0.0,"max_hp_gain":0.0,"max_hp_loss":0.0,"gold_gain":0.0,"event_name":"Shining Light","player_choice":"Entered Light","floor":5.0,"gold_loss":0.0,"damage_taken":14.0,"cards_upgraded":["Backflip","Strike_G"]},{"damage_healed":0.0,"max_hp_gain":0.0,"max_hp_loss":0.0,"gold_gain":0.0,"cards_transformed":["Strike_G"],"event_name":"Transmorgrifier","player_choice":"Transformed","floor":25.0,"gold_loss":0.0,"damage_taken":0.0,"cards_obtained":["Bane"]},{"damage_healed":0.0,"max_hp_gain":0.0,"max_hp_loss":0.0,"gold_gain":0.0,"event_name":"Tomb of Lord Red Mask","player_choice":"Ignored","floor":44.0,"gold_loss":0.0,"damage_taken":0.0}],"is_beta":false,"boss_relics":[{"not_picked":["Astrolabe","Philosopher\u0027s Stone"],"picked":"Eternal Feather"},{"not_picked":["HoveringKite","White Beast Statue"],"picked":"Orrery"}],"items_purged_floors":[4,21,37,47],"is_endless":false,"potions_floor_spawned":[1,6,7,11,13,16,18,22,23,31,33,36,39,41,46],"ascension_level":4}