{"gold_per_floor":[113,133,133,133,133,167,92,92,92,92,112,128,28,28,28,133,133,101,101,101,101,112,112,112,112,135,135,150,167,177,177,177,274,324,343,363,382,257,275,375,375,404,404,416,427,277,277,34,34,34],"floor_reached":51,"playtime":3162,"items_purged":["Defend_G","Strike_G","Defend_G","Defend_G+1","Strike_G+1"],"score":975,"play_id":"87cfede6-a372-4796-b80b-af2a69109335","local_time":"20190809012201","is_ascension_mode":false,"campfire_choices":[{"data":"Neutralize","floor":8.0,"key":"SMITH"},{"data":"Strike_G","floor":15.0,"key":"SMITH"},{"data":"Heel Hook","floor":23.0,"key":"SMITH"},{"data":"Survivor","floor":27.0,"key":"SMITH"},{"floor":32.0,"key":"REST"},{"floor":47,"key":"DIG"},{"floor":49,"key":"DIG"}],"neow_cost":"NONE","seed_source_timestamp":6260540360364,"circlet_count":0,"master_deck":["Survivor+1","Neutralize+1","Heel Hook+1","Reflex+1"],"special_seed":0,"relics":["Ring of the Snake","Meat on the Bone","Blue Candle","Runic Dome","Nloth\u0027s Gift","PreservedInsect","Sundial","Tiny House","Shovel","Regal Pillow","Dream Catcher","Smiling Mask","TwistedFunnel","Mango"],"potions_floor_usage":[36,36,50,50],"damage_taken":[{"damage":0.0,"enemies":"Cultist","floor":1.0,"turns":1.0},{"damage":0.0,"enemies":"Small Slimes","floor":2.0,"turns":1.0},{"damage":0.0,"enemies":"Lagavulin","floor":6.0,"turns":1.0},{"damage":3.0,"enemies":"2 Louse","floor":11.0,"turns":2.0},{"damage":0.0,"enemies":"Looter","floor":12.0,"turns":4.0},{"damage":26.0,"enemies":"The Guardian","floor":16.0,"turns":18.0},{"damage":4.0,"enemies":"2 Thieves","floor":18.0,"turns":5.0},{"damage":0.0,"enemies":"Shell Parasite","floor":22.0,"turns":6.0},{"damage":6.0,"enemies":"Centurion and Healer","floor":28.0,"turns":11.0},{"damage":5.0,"enemies":"Snake Plant","floor":29.0,"turns":6.0},{"damage":0.0,"enemies":"3 Cultists","floor":30.0,"turns":6.0},{"damage":0.0,"enemies":"Collector","floor":33.0,"turns":29.0},{"damage":0.0,"enemies":"Orb Walker","floor":35.0,"turns":6.0},{"damage":14,"enemies":"3 Shapes","floor":36,"turns":5},{"damage":7,"enemies":"Jaw Worm Horde","floor":37,"turns":7},{"damage":0,"enemies":"3 Darklings","floor":39,"turns":4},{"damage":0,"enemies":"Mind Bloom Boss Battle","floor":40,"turns":5},{"damage":0,"enemies":"Giant Head","floor":42,"turns":2},{"damage":6,"enemies":"Sphere and 2 Shapes","floor":44,"turns":6},{"damage":0,"enemies":"Maw","floor":45,"turns":4},{"damage":19,"enemies":"Time Eater","floor":50,"turns":14}],"seed_played":"765256460783175415","potions_obtained":[{"floor":6.0,"key":"EssenceOfSteel"},{"floor":11.0,"key":"FearPotion"},{"floor":16.0,"key":"Poison Potion"},{"floor":18.0,"key":"Swift Potion"},{"floor":29.0,"key":"Ancient Potion"},{"floor":33.0,"key":"Fire Potion"},{"floor":34.0,"key":"SkillPotion"},{"floor":35.0,"key":"FearPotion"},{"floor":36,"key":"SpeedPotion"},{"floor":37,"key":"PowerPotion"}],"is_trial":false,"path_per_floor":["M","M","?","?","?","E","$","R","T","?","M","M","$","?","R","B",null,"M","?","?","$","M","R","$","?","T","R","M","M","M","T","R","B",null,"M","M","M","$","M","?","?","E","T","M","M","$","R","$","R","B",null],"character_chosen":"THE_SILENT","items_purchased":["TwistedFunnel"],"campfire_rested":1,"item_purchase_floors":[48],"current_hp_per_floor":[70,70,70,75,68,68,68,68,68,68,65,65,65,65,65,39,75,71,71,71,71,71,71,71,71,71,71,65,60,60,60,75,75,80,80,66,59,59,59,59,59,59,59,53,53,53,53,53,67,48],"gold":34,"neow_bonus":"THREE_ENEMY_KILL","is_prod":false,"is_daily":false,"chose_seed":false,"campfire_upgraded":4,"win_rate":0,"timestamp":1565338921,"path_taken":["M","M","?","?","?","E","?","R","T","?","?","M","$","?","R","BOSS","M","?","?","$","?","R","$","?","T","R","M","M","?","?","R","BOSS","M","M","M","$","?","?","?","E","T","M","M","$","R","$","R","BOSS"],"build_version":"2019-07-18","purchased_purges":5,"victory":true,"max_hp_per_floor":[70,70,70,75,75,75,75,75,75,75,75,75,75,75,75,75,75,75,75,75,75,75,75,75,75,75,75,75,75,75,75,75,75,80,80,80,80,80,80,80,80,80,80,80,80,80,80,80,94,94],"card_choices":[{"not_picked":["Flying Knee","Catalyst","Well Laid Plans"],"picked":"SKIP","floor":12.0},{"not_picked":["Flying Knee","Blur","Blade Dance+1"],"picked":"SKIP","floor":18.0},{"not_picked":["Prepared","Dagger Throw","Underhanded Strike+1"],"picked":"SKIP","floor":22.0},{"not_picked":["Caltrops","Skewer","Poisoned Stab+1"],"picked":"SKIP","floor":28.0},{"not_picked":["Skewer","Poisoned Stab+1","Deflect"],"picked":"SKIP","floor":29.0},{"not_picked":["Endless Agony","Poisoned Stab","Burst"],"picked":"SKIP","floor":30.0},{"not_picked":["Backflip","Well Laid Plans","Blade Dance"],"picked":"SKIP","floor":35.0},{"not_picked":["Flying Knee","Dagger Throw+1","Crippling Poison"],"picked":"SKIP","floor":36},{"not_picked":["Outmaneuver+1","Noxious Fumes+1","PiercingWail"],"picked":"SKIP","floor":37},{"not_picked":["Underhanded Strike+1","Eviscerate","Prepared+1"],"picked":"SKIP","floor":39},{"not_picked":["Bullet Time","Skewer+1","Backflip+1"],"picked":"SKIP","floor":42},{"not_picked":["Catalyst","Slice","Blur"],"picked":"SKIP","floor":44},{"not_picked":["Outmaneuver","Underhanded Strike","After Image"],"picked":"SKIP","floor":45}],"player_experience":1394234,"relics_obtained":[{"floor":6.0,"key":"Meat on the Bone"},{"floor":9.0,"key":"Blue Candle"},{"floor":26.0,"key":"PreservedInsect"},{"floor":31.0,"key":"Sundial"},{"floor":40,"key":"Shovel"},{"floor":42,"key":"Regal Pillow"},{"floor":43,"key":"Dream Catcher"},{"floor":47,"key":"Smiling Mask"},{"floor":49,"key":"Mango"}],"event_choices":[{"cards_removed":["Defend_G"],"damage_healed":0.0,"max_hp_gain":0.0,"max_hp_loss":0.0,"gold_gain":0.0,"event_name":"Living Wall","player_choice":"Forget","floor":3.0,"gold_loss":0.0,"damage_taken":0.0},{"damage_healed":0.0,"max_hp_gain":5.0,"max_hp_loss":0.0,"gold_gain":0.0,"event_name":"Big Fish","player_choice":"Donut","floor":4.0,"gold_loss":0.0,"damage_taken":0.0},{"cards_removed":["Strike_G"],"damage_healed":0.0,"max_hp_gain":0.0,"max_hp_loss":0.0,"gold_gain":0.0,"event_name":"Golden Wing","player_choice":"Card Removal","floor":5.0,"gold_loss":0.0,"damage_taken":7.0},{"damage_healed":0.0,"max_hp_gain":0.0,"max_hp_loss":0.0,"gold_gain":0.0,"cards_transformed":["Defend_G"],"event_name":"Transmorgrifier","player_choice":"Transformed","floor":10.0,"gold_loss":0.0,"damage_taken":0.0,"cards_obtained":["After Image"]},{"damage_healed":0.0,"max_hp_gain":0.0,"max_hp_loss":0.0,"gold_gain":0.0,"event_name":"Liars Game","player_choice":"Ignored","floor":14.0,"gold_loss":0.0,"damage_taken":0.0},{"damage_healed":0.0,"max_hp_gain":0.0,"max_hp_loss":0.0,"gold_gain":0.0,"cards_transformed":["Strike_G","Strike_G"],"event_name":"Drug Dealer","player_choice":"Became Test Subject","floor":19.0,"gold_loss":0.0,"damage_taken":0.0,"cards_obtained":["Heel Hook","Reflex"]},{"damage_healed":0.0,"max_hp_gain":0.0,"max_hp_loss":0.0,"gold_gain":0.0,"event_name":"Upgrade Shrine","player_choice":"Upgraded","floor":20.0,"gold_loss":0.0,"damage_taken":0.0,"cards_upgraded":["Reflex"]},{"damage_healed":0.0,"max_hp_gain":0.0,"max_hp_loss":0.0,"gold_gain":0.0,"event_name":"N\u0027loth","player_choice":"Traded Relic","floor":25.0,"relics_lost":["NeowsBlessing"],"gold_loss":0.0,"damage_taken":0.0,"relics_obtained":["Nloth\u0027s Gift"]},{"damage_healed":0,"gold_gain":0,"player_choice":"Fight","damage_taken":0,"max_hp_gain":0,"max_hp_loss":0,"event_name":"MindBloom","floor":40,"gold_loss":0},{"cards_removed":["After Image"],"damage_healed":0,"gold_gain":0,"player_choice":"Removed Power","damage_taken":0,"max_hp_gain":0,"max_hp_loss":0,"event_name":"Falling","floor":41,"gold_loss":0}],"is_beta":true,"boss_relics":[{"not_picked":["Philosopher\u0027s Stone","Snecko Eye"],"picked":"Runic Dome"},{"not_picked":["Calling Bell","Fusion Hammer"],"picked":"Tiny House"}],"items_purged_floors":[7,13,38,46,48],"is_endless":false,"potions_floor_spawned":[6,11,16,18,29,33,35,36,37],"ascension_level":0}