{"gold_per_floor":[118,118,43,58,73,73,4,4,80,80,100,100,100,124,124,124],"floor_reached":16,"playtime":357,"items_purged":["Defend_G"],"score":158,"play_id":"cb2e4090-e8f1-47a0-878d-13f23ec3e144","local_time":"20180703001812","is_ascension_mode":true,"campfire_choices":[{"data":"Backstab","floor":6,"key":"SMITH"},{"data":"Footwork","floor":8,"key":"SMITH"},{"data":"Neutralize","floor":10,"key":"SMITH"},{"floor":15,"key":"REST"}],"neow_cost":"NONE","seed_source_timestamp":17324970249882,"circlet_count":0,"master_deck":["Defend_G","Defend_G","Defend_G","Defend_G","Strike_G","Strike_G","Strike_G","Strike_G","Strike_G","Survivor","Neutralize+1","AscendersBane","Backstab+1","Slice","Well Laid Plans+1","Footwork+1","Dagger Spray+1","Quick Slash+1"],"relics":["White Beast Statue","Golden Idol","Molten Egg 2","Art of War"],"potions_floor_usage":[5,11,11,14,16],"damage_taken":[{"damage":3,"enemies":"Small Slimes","floor":1,"turns":5},{"damage":7,"enemies":"Jaw Worm","floor":4,"turns":4},{"damage":0,"enemies":"2 Louse","floor":5,"turns":2},{"damage":0,"enemies":"2 Fungi Beasts","floor":11,"turns":3},{"damage":1,"enemies":"Looter","floor":14,"turns":3},{"damage":49,"enemies":"Hexaghost","floor":16,"turns":16}],"seed_played":"-7967930193216212661","potions_obtained":[{"floor":1,"key":"SteroidPotion"},{"floor":4,"key":"SpeedPotion"},{"floor":5,"key":"PowerPotion"},{"floor":11,"key":"Block Potion"},{"floor":14,"key":"Ancient Potion"}],"is_trial":false,"path_per_floor":["M","?","$","M","M","R","$","R","T","R","M","?","?","M","R"],"character_chosen":"THE_SILENT","items_purchased":["Footwork"],"campfire_rested":1,"item_purchase_floors":[7],"current_hp_per_floor":[56,56,56,49,49,49,49,49,49,49,49,31,31,30,48,0],"gold":124,"neow_bonus":"BOSS_RELIC","is_prod":false,"is_daily":false,"chose_seed":false,"campfire_upgraded":3,"win_rate":0,"timestamp":1530602292,"path_taken":["M","?","$","M","M","R","$","R","T","R","M","?","?","M","R","BOSS"],"build_version":"2018-06-29","purchased_purges":1,"victory":false,"max_hp_per_floor":[66,60,60,60,60,60,60,60,60,60,60,60,60,60,60,60],"card_choices":[{"not_picked":["Dash","Acrobatics"],"picked":"Backstab","floor":1},{"not_picked":["Catalyst","Cloak And Dagger"],"picked":"Slice","floor":4},{"not_picked":["Prepared","Setup"],"picked":"Well Laid Plans","floor":5},{"not_picked":["Leg Sweep","Dodge and Roll"],"picked":"Dagger Spray+1","floor":11},{"not_picked":["Outmaneuver","Backflip"],"picked":"Quick Slash+1","floor":14}],"player_experience":462554,"relics_obtained":[{"floor":9,"key":"Molten Egg 2"}],"event_choices":[{"event_name":"Golden Idol","player_choice":"Lose Max HP","floor":2,"damage_taken":0},{"event_name":"Scrap Ooze","player_choice":"success","floor":12,"damage_taken":18},{"event_name":"Living Wall","player_choice":"Grow","floor":13,"damage_taken":0}],"boss_relics":[],"items_purged_floors":[3],"is_endless":false,"potions_floor_spawned":[1,4,5,11,14],"killed_by":"Hexaghost","ascension_level":15}