{"gold_per_floor":[111,186,55,55,73,116,129,129,129,129,170,245,276,124,124,223,223,246,57,57,57,13,13,33,33,60,75,94,125,125,40,40,136,136,157,282,209,232,232,232,271,94,120,120,134,134,154,181,181,181],"floor_reached":50,"playtime":1428,"items_purged":["Defend_R","Defend_R"],"score":1054,"play_id":"812f8bef-7c71-41f7-adad-b62920b0d70f","local_time":"20190425222640","is_ascension_mode":true,"campfire_choices":[{"data":"Bash","floor":8.0,"key":"SMITH"},{"data":"Perfected Strike","floor":10.0,"key":"SMITH"},{"data":"Armaments","floor":15.0,"key":"SMITH"},{"floor":23.0,"key":"REST"},{"floor":25.0,"key":"REST"},{"floor":30.0,"key":"REST"},{"floor":32.0,"key":"REST"},{"floor":40.0,"key":"REST"},{"floor":46,"key":"REST"},{"floor":49,"key":"REST"}],"neow_cost":"NONE","seed_source_timestamp":72370233587665,"circlet_count":0,"master_deck":["AscendersBane","Strike_R","Strike_R","Strike_R","Strike_R","Strike_R","Defend_R","Bash+1","Perfected Strike+1","Perfected Strike","Disarm+1","Perfected Strike","Thunderclap","Cleave","Twin Strike","Armaments+1","Enlightenment","Exhume","Clothesline","Metallicize","Armaments","Flame Barrier","Clothesline+1","Reaper","Inflame","Shrug It Off","Dual Wield","Spot Weakness","Demon Form","Perfected Strike","Headbutt+1","Armaments+1","Disarm","Panacea","Dark Shackles","Pommel Strike+1","Shrug It Off","Disarm"],"special_seed":0,"relics":["Runic Dome","Golden Idol","Torii","Matryoshka","Prayer Wheel","Peace Pipe","Fusion Hammer","Enchiridion","Bag of Preparation","Potion Belt","Bottled Tornado","Regal Pillow","Philosopher\u0027s Stone","Thread and Needle","Vajra","Calipers","Pantograph","War Paint","Lantern"],"potions_floor_usage":[45,50],"damage_taken":[{"damage":7.0,"enemies":"Jaw Worm","floor":1.0,"turns":3.0},{"damage":0.0,"enemies":"2 Louse","floor":5.0,"turns":2.0},{"damage":20.0,"enemies":"3 Sentries","floor":6.0,"turns":7.0},{"damage":0.0,"enemies":"Cultist","floor":7.0,"turns":2.0},{"damage":1.0,"enemies":"Lagavulin","floor":11.0,"turns":3.0},{"damage":2.0,"enemies":"3 Sentries","floor":13.0,"turns":5.0},{"damage":26.0,"enemies":"The Guardian","floor":16.0,"turns":8.0},{"damage":10.0,"enemies":"Chosen","floor":18.0,"turns":4.0},{"damage":1.0,"enemies":"3 Byrds","floor":24.0,"turns":4.0},{"damage":13.0,"enemies":"Snecko","floor":27.0,"turns":4.0},{"damage":8.0,"enemies":"Snake Plant","floor":28.0,"turns":3.0},{"damage":30.0,"enemies":"Gremlin Leader","floor":29.0,"turns":6.0},{"damage":50.0,"enemies":"Automaton","floor":33.0,"turns":10.0},{"damage":31.0,"enemies":"3 Shapes","floor":35.0,"turns":8.0},{"damage":4.0,"enemies":"Mind Bloom Boss Battle","floor":36.0,"turns":7.0},{"damage":7.0,"enemies":"3 Darklings","floor":38.0,"turns":3.0},{"damage":36,"enemies":"Nemesis","floor":41,"turns":7},{"damage":28,"enemies":"Writhing Mass","floor":45,"turns":5},{"damage":77,"enemies":"4 Shapes","floor":47,"turns":8},{"damage":105,"enemies":"Awakened One","floor":50,"turns":9}],"seed_played":"2441991001512869215","potions_obtained":[{"floor":6.0,"key":"Explosive Potion"},{"floor":11.0,"key":"Block Potion"},{"floor":13.0,"key":"FearPotion"},{"floor":18.0,"key":"SkillPotion"},{"floor":27.0,"key":"Fire Potion"},{"floor":29.0,"key":"Swift Potion"},{"floor":35.0,"key":"Fruit Juice"},{"floor":41,"key":"Swift Potion"},{"floor":45,"key":"Ancient Potion"}],"is_trial":false,"path_per_floor":["M","?","$","?","M","E","M","R","T","R","E","?","E","$","R","B",null,"M","$","?","?","$","R","M","R","T","M","M","E","R","?","R","B",null,"M","?","?","M","?","R","E","$","T","?","M","R","M","T","R","B"],"character_chosen":"IRONCLAD","items_purchased":["Perfected Strike","Disarm","Armaments","Enlightenment","Metallicize","Armaments","Flame Barrier","Disarm"],"campfire_rested":7,"item_purchase_floors":[3,3,14,14,19,19,22,42],"current_hp_per_floor":[61,50,50,50,50,30,30,30,30,30,29,29,27,27,27,1,51,41,41,41,20,20,40,39,59,59,46,38,8,28,28,63,13,54,44,62,62,60,60,73,57,57,57,47,28,64,39,39,73,0],"gold":181,"neow_bonus":"BOSS_RELIC","is_prod":false,"is_daily":false,"chose_seed":false,"campfire_upgraded":3,"win_rate":0,"timestamp":1556256400,"path_taken":["M","?","$","?","M","E","M","R","T","R","E","?","E","$","R","BOSS","M","$","?","?","$","R","M","R","T","M","M","E","R","?","R","BOSS","M","?","?","?","?","R","E","$","T","?","M","R","M","?","R","BOSS"],"build_version":"2019-04-23","purchased_purges":2,"victory":false,"max_hp_per_floor":[75,75,75,68,68,68,68,68,68,68,68,68,68,68,68,68,68,68,68,68,68,68,68,68,68,68,68,68,68,68,68,68,68,68,68,68,68,73,73,73,73,73,73,73,73,73,73,73,73,73],"card_choices":[{"not_picked":["Anger","Dual Wield"],"picked":"Perfected Strike","floor":1.0},{"not_picked":["Battle Trance","Warcry"],"picked":"Perfected Strike","floor":5.0},{"not_picked":["Sentinel","Fire Breathing"],"picked":"Thunderclap","floor":6.0},{"not_picked":["Second Wind","Hemokinesis"],"picked":"Cleave","floor":7.0},{"not_picked":["Warcry","Second Wind"],"picked":"Twin Strike","floor":13.0},{"not_picked":["Brutality","Reaper"],"picked":"Exhume","floor":16.0},{"not_picked":["Clash+1","Dropkick+1"],"picked":"Clothesline","floor":18.0},{"not_picked":["Corruption","True Grit","Dropkick"],"picked":"SKIP","floor":18.0},{"not_picked":["Havoc","Clash+1"],"picked":"Clothesline+1","floor":24.0},{"not_picked":["True Grit","Corruption","Thunderclap"],"picked":"SKIP","floor":24.0},{"not_picked":["Twin Strike","Flex"],"picked":"Reaper","floor":27.0},{"not_picked":["Havoc+1","Twin Strike"],"picked":"Inflame","floor":27.0},{"not_picked":["Metallicize","Dual Wield"],"picked":"Shrug It Off","floor":28.0},{"not_picked":["Hemokinesis","Warcry"],"picked":"Dual Wield","floor":28.0},{"not_picked":["Clothesline","Brutality"],"picked":"Spot Weakness","floor":29.0},{"not_picked":["Brutality","Juggernaut"],"picked":"Demon Form","floor":33.0},{"not_picked":["Reckless Charge","Blood for Blood"],"picked":"Perfected Strike","floor":35.0},{"not_picked":["Havoc","Flex","Rampage"],"picked":"SKIP","floor":35.0},{"not_picked":["Sever Soul","Hemokinesis"],"picked":"Headbutt+1","floor":38.0},{"not_picked":["Clothesline","Sentinel"],"picked":"Armaments","floor":38.0},{"not_picked":["Flash of Steel","Blind"],"picked":"Panacea","floor":44},{"not_picked":["Enlightenment","Swift Strike"],"picked":"Dark Shackles","floor":44},{"not_picked":["Sever Soul","Clothesline"],"picked":"Pommel Strike+1","floor":45},{"not_picked":["Thunderclap","Whirlwind"],"picked":"Shrug It Off","floor":45},{"not_picked":["Immolate","Blood for Blood"],"picked":"Disarm","floor":47},{"not_picked":["Whirlwind","Wild Strike","Armaments"],"picked":"SKIP","floor":47}],"player_experience":1435818,"relics_obtained":[{"floor":6.0,"key":"Torii"},{"floor":9.0,"key":"Matryoshka"},{"floor":11.0,"key":"Prayer Wheel"},{"floor":13.0,"key":"Peace Pipe"},{"floor":21.0,"key":"Enchiridion"},{"floor":26.0,"key":"Bag of Preparation"},{"floor":26.0,"key":"Potion Belt"},{"floor":29.0,"key":"Bottled Tornado"},{"floor":36.0,"key":"Thread and Needle"},{"floor":41,"key":"Calipers"},{"floor":43,"key":"Pantograph"},{"floor":43,"key":"War Paint"},{"floor":48,"key":"Lantern"}],"event_choices":[{"damage_healed":0.0,"max_hp_gain":0.0,"max_hp_loss":0.0,"gold_gain":75.0,"event_name":"World of Goop","player_choice":"Gather Gold","floor":2.0,"gold_loss":0.0,"damage_taken":11.0},{"damage_healed":0.0,"max_hp_gain":0.0,"max_hp_loss":7.0,"gold_gain":0.0,"event_name":"Golden Idol","player_choice":"Lose Max HP","floor":4.0,"gold_loss":0.0,"damage_taken":0.0,"relics_obtained":["Golden Idol"]},{"damage_healed":0.0,"max_hp_gain":0.0,"max_hp_loss":0.0,"gold_gain":75.0,"event_name":"Golden Wing","player_choice":"Gained Gold","floor":12.0,"gold_loss":0.0,"damage_taken":0.0},{"damage_healed":0.0,"max_hp_gain":0.0,"max_hp_loss":0.0,"gold_gain":0.0,"event_name":"Beggar","player_choice":"Ignored","floor":20.0,"gold_loss":0.0,"damage_taken":0.0},{"damage_healed":0.0,"max_hp_gain":0.0,"max_hp_loss":0.0,"gold_gain":0.0,"event_name":"Cursed Tome","player_choice":"Obtained Book","floor":21.0,"gold_loss":0.0,"damage_taken":21.0},{"damage_healed":0.0,"max_hp_gain":0.0,"max_hp_loss":0.0,"gold_gain":0.0,"event_name":"Addict","player_choice":"Obtained Relic","floor":31.0,"gold_loss":85.0,"damage_taken":0.0,"relics_obtained":["Regal Pillow"]},{"damage_healed":0.0,"max_hp_gain":0.0,"max_hp_loss":0.0,"gold_gain":0.0,"event_name":"MindBloom","player_choice":"Fight","floor":36.0,"gold_loss":0.0,"damage_taken":0.0},{"damage_healed":0.0,"max_hp_gain":0.0,"max_hp_loss":0.0,"gold_gain":0.0,"event_name":"WeMeetAgain","player_choice":"Paid Gold","floor":37.0,"gold_loss":73.0,"damage_taken":0.0,"relics_obtained":["Vajra"]},{"cards_removed":["Defend_R"],"damage_healed":0.0,"max_hp_gain":0.0,"max_hp_loss":0.0,"gold_gain":0.0,"event_name":"Falling","player_choice":"Removed Skill","floor":39.0,"gold_loss":0.0,"damage_taken":0.0},{"damage_healed":0,"gold_gain":0,"player_choice":"Memory 3","damage_taken":10,"max_hp_gain":0,"max_hp_loss":0,"event_name":"SensoryStone","floor":44,"gold_loss":0}],"is_beta":true,"boss_relics":[{"not_picked":["Tiny House","Sozu"],"picked":"Fusion Hammer"},{"not_picked":["Runic Pyramid","Cursed Key"],"picked":"Philosopher\u0027s Stone"}],"items_purged_floors":[19,42],"is_endless":false,"potions_floor_spawned":[6,11,13,18,27,29,35,41,45],"killed_by":"Awakened One","ascension_level":20}