{"path_per_floor":["M","?","T","M","M","E","R","E","T","M","R","$","R","?","R","B",null,"M","M","?","?","M","R","E","R","T","$","M","M","M","E","R"],"character_chosen":"THE_SILENT","items_purchased":["Magnetism","Cloak And Dagger+1","Outmaneuver+1"],"gold_per_floor":[117,117,141,160,176,206,206,233,282,302,302,18,18,0,0,101,101,115,132,132,132,145,145,178,178,178,5,25,37,48,82,82,82],"floor_reached":33,"campfire_rested":5,"playtime":2494,"item_purchase_floors":[12,27,27],"current_hp_per_floor":[65,65,65,61,61,33,60,38,38,38,44,44,50,50,70,62,70,67,56,56,56,41,70,30,59,59,59,57,50,38,8,39,0],"items_purged":["Strike_G","Strike_G"],"gold":82,"score":295,"play_id":"ea01489a-cb41-428f-8c3b-3d1965b2a024","local_time":"20180605165254","is_prod":false,"is_daily":false,"chose_seed":false,"is_ascension_mode":false,"campfire_upgraded":2,"win_rate":0.0,"timestamp":1528231974,"campfire_choices":[{"floor":7,"key":"REST"},{"data":"Terror","floor":11,"key":"SMITH"},{"data":"Magnetism","floor":13,"key":"SMITH"},{"floor":15,"key":"REST"},{"floor":23,"key":"REST"},{"floor":25,"key":"REST"},{"floor":32,"key":"REST"}],"path_taken":["M","?","?","M","M","E","R","E","T","M","R","$","R","?","R","BOSS","M","M","?","?","M","R","E","R","T","$","M","?","?","E","R","BOSS"],"build_version":"2018-05-31","seed_source_timestamp":22969096756527,"purchased_purges":2,"victory":false,"master_deck":["Defend_G","Defend_G","Defend_G","Defend_G","Defend_G","Survivor","Neutralize+1","Terror+1","Flying Knee","Flying Knee","Acrobatics","Finisher","Flying Knee","Magnetism+1","Burst","After Image+1","Dodge and Roll+1","Glass Knife+1","Acrobatics+1","Blur","Night Terror","Blade Dance","Dagger Spray+1","Cloak And Dagger+1","Outmaneuver+1","Slice+1","Slice+1","Choke+1","Tools of the Trade"],"max_hp_per_floor":[70,70,70,70,70,70,70,70,70,70,70,70,70,70,70,70,70,70,70,70,70,70,70,70,70,70,70,70,70,70,70,70,70],"relics":["Eternal Feather","Vajra","Lantern","Bottled Lightning","Orichalcum","Astrolabe","Snake Skull","Molten Egg 2","Toxic Egg 2","Boot"],"card_choices":[{"not_picked":["PiercingWail","Footwork"],"picked":"Terror","floor":1},{"not_picked":["Noxious Fumes","Backflip"],"picked":"Flying Knee","floor":4},{"not_picked":["Deadly Poison","Slice"],"picked":"Flying Knee","floor":5},{"not_picked":["Deadly Poison","Deflect"],"picked":"Acrobatics","floor":6},{"not_picked":["Heel Hook","Dagger Spray"],"picked":"Finisher","floor":8},{"not_picked":["Dodge and Roll","Malaise"],"picked":"Flying Knee","floor":10},{"not_picked":["Venomology","Envenom"],"picked":"Burst","floor":16},{"not_picked":["Underhanded Strike+1","Backflip"],"picked":"Acrobatics+1","floor":18},{"not_picked":["Backflip","Bane"],"picked":"Blur","floor":19},{"not_picked":["Leg Sweep","Backflip"],"picked":"Blade Dance","floor":22},{"not_picked":["Heel Hook","Noxious Fumes"],"picked":"Dagger Spray+1","floor":24},{"not_picked":["Bane+1","Deadly Poison+1"],"picked":"Slice+1","floor":28},{"not_picked":["Underhanded Strike+1","PiercingWail+1"],"picked":"Slice+1","floor":29},{"not_picked":["Dodge and Roll+1","Escape Plan+1"],"picked":"Choke+1","floor":30},{"not_picked":["Calculated Gamble+1","Quick Slash+1"],"picked":"Tools of the Trade","floor":31}],"player_experience":64657,"potions_floor_usage":[6,8,24,24,28,28,31,33,33],"damage_taken":[{"damage":5,"enemies":"Small Slimes","floor":1,"turns":5},{"damage":4,"enemies":"Cultist","floor":4,"turns":4},{"damage":0,"enemies":"Jaw Worm","floor":5,"turns":3},{"damage":28,"enemies":"3 Sentries","floor":6,"turns":8},{"damage":22,"enemies":"Gremlin Nob","floor":8,"turns":4},{"damage":0,"enemies":"Large Slime","floor":10,"turns":4},{"damage":8,"enemies":"Slime Boss","floor":16,"turns":11},{"damage":3,"enemies":"Shell Parasite","floor":18,"turns":4},{"damage":11,"enemies":"Spheric Guardian","floor":19,"turns":4},{"damage":15,"enemies":"Chosen and Byrds","floor":22,"turns":5},{"damage":40,"enemies":"Gremlin Leader","floor":24,"turns":6},{"damage":2,"enemies":"Snecko","floor":28,"turns":5},{"damage":7,"enemies":"Centurion and Healer","floor":29,"turns":4},{"damage":12,"enemies":"Chosen and Byrds","floor":30,"turns":3},{"damage":30,"enemies":"Slavers","floor":31,"turns":6},{"damage":46,"enemies":"Automaton","floor":33,"turns":6}],"relics_obtained":[{"floor":3,"key":"Vajra"},{"floor":6,"key":"Lantern"},{"floor":8,"key":"Bottled Lightning"},{"floor":9,"key":"Orichalcum"},{"floor":24,"key":"Molten Egg 2"},{"floor":26,"key":"Toxic Egg 2"},{"floor":31,"key":"Boot"}],"event_choices":[{"event_name":"Upgrade Shrine","player_choice":"Upgraded","floor":2,"damage_taken":0},{"event_name":"World of Goop","player_choice":"Left","floor":14,"damage_taken":0},{"event_name":"The Mausoleum","player_choice":"Yes","floor":20,"damage_taken":0},{"event_name":"The Library","player_choice":"Read","floor":21,"damage_taken":0}],"boss_relics":[{"not_picked":["Lizard Tail","Velvet Choker"],"picked":"Astrolabe"}],"items_purged_floors":[12,27],"potions_floor_spawned":[1,6,8,16,22,24,29,30,31],"seed_played":"-3180633826292689743","killed_by":"Automaton","ascension_level":0,"potions_obtained":[{"floor":1,"key":"Poison Potion"},{"floor":6,"key":"Fire Potion"},{"floor":8,"key":"Block Potion"},{"floor":16,"key":"Swift Potion"},{"floor":22,"key":"Explosive Potion"},{"floor":24,"key":"Swift Potion"},{"floor":29,"key":"Poison Potion"},{"floor":30,"key":"Energy Potion"},{"floor":31,"key":"Block Potion"}],"is_trial":false}