{"gold_per_floor":[19,33,51,66,81,107,136,136,161,161,46,57,75,91,91,192,192,209,209,222,235,235,235,235,263,342,342,342,342,342],"floor_reached":30,"playtime":3119,"items_purged":["Strike_G"],"score":261,"play_id":"d17ec93f-b1b9-45a6-ac7c-95df601c7ecd","local_time":"20190820120518","is_ascension_mode":false,"campfire_choices":[{"floor":10,"key":"REST"},{"data":"Neutralize","floor":15,"key":"SMITH"},{"floor":23,"key":"REST"},{"data":"1","floor":24,"key":"LIFT"},{"floor":28,"key":"REST"}],"neow_cost":"NO_GOLD","seed_source_timestamp":353102535465000,"circlet_count":0,"master_deck":["Strike_G+1","Strike_G+1","Strike_G+1","Strike_G+1","Defend_G+1","Defend_G+1","Defend_G+1","Defend_G+1","Defend_G+1","Survivor","Neutralize+1","Prepared","Dagger Spray","Footwork","Backflip","Flying Knee","Parasite","Poisoned Stab","Noxious Fumes","Heel Hook","Backflip","Well Laid Plans","Corpse Explosion","Shame","Regret","Escape Plan","Leg Sweep","A Thousand Cuts"],"relics":["Ring of the Snake","WingedGreaves","Dream Catcher","PreservedInsect","Potion Belt","Calling Bell","Boot","Paper Crane","Girya","Spirit Poop","Bag of Marbles","Toxic Egg 2","Enchiridion"],"potions_floor_usage":[5,6,6,16,21,30],"damage_taken":[{"damage":9,"enemies":"Jaw Worm","floor":1,"turns":7},{"damage":0,"enemies":"Cultist","floor":2,"turns":5},{"damage":1,"enemies":"2 Louse","floor":3,"turns":3},{"damage":6,"enemies":"2 Fungi Beasts","floor":4,"turns":4},{"damage":5,"enemies":"Large Slime","floor":5,"turns":9},{"damage":11,"enemies":"3 Sentries","floor":6,"turns":6},{"damage":30,"enemies":"Lagavulin","floor":7,"turns":11},{"damage":5,"enemies":"Blue Slaver","floor":12,"turns":5},{"damage":6,"enemies":"2 Fungi Beasts","floor":13,"turns":4},{"damage":0,"enemies":"Looter","floor":14,"turns":4},{"damage":21,"enemies":"The Guardian","floor":16,"turns":14},{"damage":21,"enemies":"Shell Parasite","floor":18,"turns":8},{"damage":5,"enemies":"3 Byrds","floor":20,"turns":2},{"damage":36,"enemies":"Snecko","floor":21,"turns":6},{"damage":6,"enemies":"Book of Stabbing","floor":25,"turns":9},{"damage":1,"enemies":"Colosseum Slavers","floor":27,"turns":8},{"damage":27,"enemies":"Slavers","floor":30,"turns":3}],"seed_played":"-2247021249571019369","potions_obtained":[{"floor":1,"key":"Block Potion"},{"floor":2,"key":"EssenceOfSteel"},{"floor":3,"key":"SteroidPotion"},{"floor":14,"key":"Swift Potion"},{"floor":18,"key":"Fire Potion"},{"floor":25,"key":"Ancient Potion"}],"is_trial":false,"path_per_floor":["M","M","M","M","M","E","E","?","T","R","$","M","M","M","R","B",null,"M","?","M","M","?","R","R","E","T","?","R","?","E"],"character_chosen":"THE_SILENT","items_purchased":["Noxious Fumes"],"campfire_rested":3,"item_purchase_floors":[11],"current_hp_per_floor":[61,61,60,54,49,38,8,25,25,46,46,41,35,35,35,14,70,49,49,44,8,8,29,29,23,23,22,43,27,0],"gold":342,"neow_bonus":"ONE_RARE_RELIC","is_prod":false,"is_daily":false,"chose_seed":false,"campfire_upgraded":1,"win_rate":0.0,"timestamp":1566327918,"path_taken":["M","M","M","M","M","E","E","?","T","R","$","M","M","M","R","BOSS","M","?","?","M","?","R","R","E","T","?","R","?","E"],"build_version":"2019-07-17","purchased_purges":1,"victory":false,"max_hp_per_floor":[70,70,70,70,70,70,70,70,70,70,70,70,70,70,70,70,70,70,70,70,70,70,70,70,70,70,70,70,70,70],"card_choices":[{"not_picked":["Endless Agony","Deadly Poison"],"picked":"Prepared","floor":1},{"not_picked":["Eviscerate","Bane"],"picked":"Dagger Spray","floor":2},{"not_picked":["Heel Hook","Choke"],"picked":"Footwork","floor":3},{"not_picked":["Bane","Blade Dance","Catalyst"],"picked":"SKIP","floor":4},{"not_picked":["Calculated Gamble","Underhanded Strike"],"picked":"Backflip","floor":5},{"not_picked":["Slice","Deadly Poison"],"picked":"Flying Knee","floor":6},{"not_picked":["Outmaneuver","Infinite Blades","Poisoned Stab"],"picked":"SKIP","floor":7},{"not_picked":["PiercingWail","After Image"],"picked":"Poisoned Stab","floor":10},{"not_picked":["Dagger Spray","Blade Dance"],"picked":"Heel Hook","floor":12},{"not_picked":["Acrobatics","Dodge and Roll"],"picked":"Backflip","floor":13},{"not_picked":["Caltrops","Poisoned Stab"],"picked":"Well Laid Plans","floor":14},{"not_picked":["Night Terror","Die Die Die"],"picked":"Corpse Explosion","floor":16},{"not_picked":["Flechettes","Flying Knee","Underhanded Strike+1"],"picked":"SKIP","floor":18},{"not_picked":["Endless Agony+1","Backstab+1","Sucker Punch"],"picked":"SKIP","floor":20},{"not_picked":["Poisoned Stab+1","Blade Dance+1"],"picked":"Escape Plan","floor":21},{"not_picked":["Endless Agony","Quick Slash+1"],"picked":"Leg Sweep","floor":23},{"not_picked":["Quick Slash","Skewer"],"picked":"A Thousand Cuts","floor":25}],"player_experience":38864,"relics_obtained":[{"floor":6,"key":"Dream Catcher"},{"floor":7,"key":"PreservedInsect"},{"floor":9,"key":"Potion Belt"},{"floor":17,"key":"Boot"},{"floor":17,"key":"Paper Crane"},{"floor":17,"key":"Girya"},{"floor":25,"key":"Bag of Marbles"},{"floor":26,"key":"Toxic Egg 2"},{"floor":29,"key":"Enchiridion"}],"event_choices":[{"damage_healed":17,"gold_gain":0,"player_choice":"Healed and dodged fight","damage_taken":0,"max_hp_gain":0,"max_hp_loss":0,"event_name":"Mushrooms","floor":8,"gold_loss":0,"cards_obtained":["Parasite"]},{"cards_removed":["Normality"],"damage_healed":0,"gold_gain":0,"player_choice":"Offered Curse","damage_taken":0,"relics_obtained":["Spirit Poop"],"max_hp_gain":0,"max_hp_loss":0,"event_name":"Bonfire Elementals","floor":19,"gold_loss":0},{"damage_healed":0,"gold_gain":0,"player_choice":"Simplicity","damage_taken":0,"max_hp_gain":0,"max_hp_loss":0,"event_name":"Back to Basics","floor":22,"gold_loss":0,"cards_upgraded":["Strike_G","Strike_G","Strike_G","Strike_G","Defend_G","Defend_G","Defend_G","Defend_G","Defend_G"]},{"damage_healed":0,"gold_gain":0,"player_choice":"Fight","damage_taken":0,"max_hp_gain":0,"max_hp_loss":0,"event_name":"Colosseum","floor":27,"gold_loss":0},{"damage_healed":0,"gold_gain":0,"player_choice":"Fled From Nobs","damage_taken":0,"max_hp_gain":0,"max_hp_loss":0,"event_name":"Colosseum","floor":27,"gold_loss":0},{"damage_healed":0,"gold_gain":0,"player_choice":"Obtained Book","damage_taken":16,"max_hp_gain":0,"max_hp_loss":0,"event_name":"Cursed Tome","floor":29,"gold_loss":0}],"is_beta":false,"boss_relics":[{"not_picked":["WristBlade","Runic Dome"],"picked":"Calling Bell"}],"items_purged_floors":[11],"is_endless":false,"potions_floor_spawned":[1,2,3,14,18,25],"killed_by":"Slavers","ascension_level":0}