{"gold_per_floor":[116,10,21,21,34,34,34,59,106,106,106,31,62,73,73,147,147,167,167,187,187,56,56,71,17,40,40,55,55,70,70,70,142,142,154,164,177,177,177,177,177,177,177,11,11,11,11,11,11,11],"floor_reached":51,"playtime":1875,"items_purged":["Doubt"],"score":1341,"play_id":"8695d00f-dbd8-45e3-a5cf-e0443f2f0cda","local_time":"20190825140835","is_ascension_mode":true,"campfire_choices":[{"data":"Streamline","floor":7,"key":"SMITH"},{"data":"Zap","floor":11,"key":"SMITH"},{"floor":15,"key":"REST"},{"data":"Capacitor","floor":23,"key":"SMITH"},{"data":"Consume","floor":27,"key":"SMITH"},{"data":"Defragment","floor":32,"key":"SMITH"},{"floor":40,"key":"REST"},{"floor":42,"key":"REST"},{"floor":49,"key":"REST"}],"neow_cost":"NONE","seed_source_timestamp":437029678240700,"circlet_count":0,"master_deck":["AscendersBane","Defend_B+1","Defend_B+1","Defend_B+1","Defend_B+1","Zap+1","Dualcast+1","Compile Driver+1","Streamline+1","Sweeping Beam+1","Stack+1","Zap+1","Capacitor+1","Consume+1","Coolheaded+1","Electrodynamics+1","Capacitor+1","Coolheaded+1","Double Energy+1","Coolheaded+1","Injury","Defragment+1","Decay","Barrage+1","Bite+1","Bite+1","Bite+1","Bite+1","Bite+1","Seek+1","Blizzard+1","Coolheaded+1","Glacier+1","Doubt","Capacitor+1"],"relics":["FrozenCore","NeowsBlessing","Bag of Preparation","Potion Belt","Pocketwatch","Cursed Key","Darkstone Periapt","Juzu Bracelet","Turnip","Mark of the Bloom"],"potions_floor_usage":[6,8,16,28,45,50,50,50],"damage_taken":[{"damage":0,"enemies":"Small Slimes","floor":1,"turns":1},{"damage":0,"enemies":"Cultist","floor":3,"turns":1},{"damage":0,"enemies":"Jaw Worm","floor":5,"turns":1},{"damage":0,"enemies":"Gremlin Nob","floor":6,"turns":1},{"damage":13,"enemies":"Lagavulin","floor":8,"turns":7},{"damage":10,"enemies":"3 Sentries","floor":13,"turns":5},{"damage":17,"enemies":"Exordium Thugs","floor":14,"turns":3},{"damage":35,"enemies":"The Guardian","floor":16,"turns":9},{"damage":6,"enemies":"Spheric Guardian","floor":18,"turns":3},{"damage":0,"enemies":"Chosen","floor":20,"turns":3},{"damage":46,"enemies":"Shelled Parasite and Fungi","floor":24,"turns":5},{"damage":11,"enemies":"Snecko","floor":28,"turns":5},{"damage":10,"enemies":"Centurion and Healer","floor":30,"turns":4},{"damage":29,"enemies":"Champ","floor":33,"turns":12},{"damage":13,"enemies":"Orb Walker","floor":35,"turns":5},{"damage":11,"enemies":"3 Shapes","floor":36,"turns":4},{"damage":39,"enemies":"Jaw Worm Horde","floor":37,"turns":4},{"damage":0,"enemies":"Writhing Mass","floor":45,"turns":1},{"damage":18,"enemies":"Time Eater","floor":50,"turns":22}],"seed_played":"-5483362636830710595","potions_obtained":[{"floor":1,"key":"SmokeBomb"},{"floor":8,"key":"Dexterity Potion"},{"floor":16,"key":"Energy Potion"},{"floor":24,"key":"Regen Potion"},{"floor":28,"key":"Strength Potion"},{"floor":33,"key":"Poison Potion"},{"floor":36,"key":"Poison Potion"},{"floor":37,"key":"SmokeBomb"}],"is_trial":false,"path_per_floor":["M","$","M","?","M","E","R","E","T","?","R","$","E","M","R","B",null,"M","?","M","?","$","R","M","$","T","R","M","?","M","?","R","B",null,"M","M","M","?","?","R","?","R","T","$","M","?","?","?","R","B",null],"character_chosen":"DEFECT","items_purchased":["Ball Lightning","Block Potion","Capacitor","Coolheaded","Coolheaded","Capacitor","LiquidBronze"],"campfire_rested":4,"item_purchase_floors":[2,2,22,22,25,44,44],"current_hp_per_floor":[64,64,64,64,64,64,64,51,51,51,51,51,41,24,45,10,56,50,50,50,81,81,81,35,35,41,41,44,50,40,40,40,39,59,54,49,14,14,14,33,33,52,58,58,58,58,58,58,58,40],"gold":11,"neow_bonus":"THREE_ENEMY_KILL","is_prod":false,"is_daily":false,"chose_seed":false,"campfire_upgraded":5,"win_rate":0,"timestamp":1566709715,"path_taken":["M","$","M","?","?","E","R","E","T","?","R","?","E","M","R","BOSS","M","?","?","?","$","R","M","?","T","R","M","?","M","?","R","BOSS","M","M","M","?","?","R","?","R","T","$","M","?","?","?","R","BOSS"],"build_version":"2019-07-17","purchased_purges":1,"victory":true,"max_hp_per_floor":[71,71,71,71,71,71,71,71,71,71,71,71,71,71,71,71,71,71,71,71,81,81,81,81,81,87,87,87,93,93,65,65,65,65,65,65,65,65,65,65,65,65,71,71,71,71,71,71,71,71],"card_choices":[{"not_picked":["Recycle","Redo"],"picked":"Compile Driver","floor":1},{"not_picked":["Recycle","Leap"],"picked":"Streamline","floor":3},{"not_picked":["Go for the Eyes","Consume"],"picked":"Sweeping Beam","floor":5},{"not_picked":["Sweeping Beam","Skim"],"picked":"Stack","floor":8},{"not_picked":["Storm","Heatsinks"],"picked":"Capacitor","floor":13},{"not_picked":["Go for the Eyes","Rebound"],"picked":"Consume","floor":14},{"not_picked":["Rainbow","Fission"],"picked":"Electrodynamics","floor":16},{"not_picked":["Go for the Eyes","Redo+1"],"picked":"Coolheaded","floor":18},{"not_picked":["Gash","Blizzard"],"picked":"Electrodynamics","floor":20},{"not_picked":["Heatsinks+1","Rebound"],"picked":"Double Energy","floor":24},{"not_picked":["Sunder","Heatsinks"],"picked":"Defragment","floor":28},{"not_picked":["Lockon","Go for the Eyes"],"picked":"Barrage+1","floor":30},{"not_picked":["Multi-Cast","Amplify"],"picked":"Seek","floor":33},{"not_picked":["Doom and Gloom","Ball Lightning"],"picked":"Blizzard","floor":35},{"not_picked":["Reprogram","Fusion"],"picked":"Coolheaded","floor":36},{"not_picked":["Storm","Ball Lightning+1"],"picked":"Glacier+1","floor":37}],"player_experience":238498,"relics_obtained":[{"floor":8,"key":"Bag of Preparation"},{"floor":9,"key":"Potion Belt"},{"floor":13,"key":"Pocketwatch"},{"floor":26,"key":"Juzu Bracelet"},{"floor":43,"key":"Turnip"}],"event_choices":[{"cards_removed":["Strike_B"],"damage_healed":0,"gold_gain":0,"player_choice":"Purged","damage_taken":0,"max_hp_gain":0,"max_hp_loss":0,"event_name":"Purifier","floor":4,"gold_loss":0},{"damage_healed":0,"gold_gain":0,"player_choice":"2 cards matched","damage_taken":0,"max_hp_gain":0,"max_hp_loss":0,"event_name":"Match and Keep!","floor":10,"gold_loss":0,"cards_obtained":["Doubt","Zap"]},{"damage_healed":0,"gold_gain":0,"player_choice":"Gave Potion","damage_taken":0,"relics_obtained":["Darkstone Periapt"],"max_hp_gain":0,"max_hp_loss":0,"event_name":"WeMeetAgain","floor":19,"gold_loss":0},{"cards_removed":["Electrodynamics"],"damage_healed":21,"gold_gain":0,"player_choice":"Offered Rare","damage_taken":0,"max_hp_gain":10,"max_hp_loss":0,"event_name":"Bonfire Elementals","floor":21,"gold_loss":0},{"damage_healed":0,"gold_gain":0,"player_choice":"Smashed Altar","damage_taken":0,"max_hp_gain":0,"max_hp_loss":0,"event_name":"Forgotten Altar","floor":29,"gold_loss":0,"cards_obtained":["Decay"]},{"damage_healed":0,"gold_gain":0,"player_choice":"Became a vampire","damage_taken":0,"max_hp_gain":0,"max_hp_loss":28,"event_name":"Vampires","floor":31,"gold_loss":0,"cards_obtained":["Bite","Bite","Bite","Bite","Bite"]},{"damage_healed":0,"gold_gain":0,"player_choice":"Ignored","damage_taken":0,"max_hp_gain":0,"max_hp_loss":0,"event_name":"The Moai Head","floor":38,"gold_loss":0},{"damage_healed":0,"gold_gain":0,"player_choice":"Ignored","damage_taken":0,"max_hp_gain":0,"max_hp_loss":0,"event_name":"Tomb of Lord Red Mask","floor":39,"gold_loss":0},{"cards_removed":["Ball Lightning"],"damage_healed":0,"gold_gain":0,"player_choice":"Removed Attack","damage_taken":0,"max_hp_gain":0,"max_hp_loss":0,"event_name":"Falling","floor":41,"gold_loss":0},{"damage_healed":0,"gold_gain":0,"player_choice":"Upgrade","damage_taken":0,"relics_obtained":["Mark of the Bloom"],"max_hp_gain":0,"max_hp_loss":0,"event_name":"MindBloom","floor":46,"gold_loss":0,"cards_upgraded":["Defend_B","Defend_B","Defend_B","Defend_B","Dualcast","Compile Driver","Sweeping Beam","Stack","Zap","Coolheaded","Electrodynamics","Capacitor","Coolheaded","Double Energy","Coolheaded","Bite","Bite","Bite","Bite","Bite","Seek","Blizzard","Coolheaded","Capacitor"]},{"damage_healed":0,"gold_gain":0,"player_choice":"0 cards matched","damage_taken":0,"max_hp_gain":0,"max_hp_loss":0,"event_name":"Match and Keep!","floor":47,"gold_loss":0,"cards_obtained":[]},{"damage_healed":0,"gold_gain":0,"player_choice":"Ignored","damage_taken":0,"max_hp_gain":0,"max_hp_loss":0,"event_name":"Accursed Blacksmith","floor":48,"gold_loss":0}],"is_beta":false,"boss_relics":[{"not_picked":["Lizard Tail","Runic Dome"],"picked":"Cursed Key"},{"not_picked":["Astrolabe","Black Star"],"picked":"FrozenCore"}],"items_purged_floors":[12],"is_endless":false,"potions_floor_spawned":[1,8,16,24,28,33,36,37],"ascension_level":19}