{"gold_per_floor":[118,32,32,44,44,75,75,92,115,129,145,145,145,158,158,233,233,251,9,20,20,20,82,82,82,82,82,114,114,133,133],"floor_reached":31,"playtime":896,"items_purged":["Burning Pact"],"score":696,"play_id":"a000229a-35bb-41db-a99c-3177774c99e1","local_time":"20190827231246","is_ascension_mode":true,"campfire_choices":[{"data":"Seeing Red","floor":7.0,"key":"SMITH"},{"floor":12.0,"key":"REST"},{"data":"Armaments","floor":15.0,"key":"SMITH"},{"data":"Heavy Blade","floor":24.0,"key":"SMITH"},{"floor":29.0,"key":"REST"}],"neow_cost":"NONE","seed_source_timestamp":6867786783269,"circlet_count":0,"master_deck":["AscendersBane","Bash","Offering","Limit Break","Body Slam","Exhume","Sword Boomerang","Seeing Red+1","Spot Weakness","Armaments+1","Pommel Strike","Shrug It Off","Shrug It Off","True Grit","Armaments+1","Flame Barrier","Limit Break","Flame Barrier+1","Limit Break","Heavy Blade+1","Ghostly Armor","Shrug It Off"],"special_seed":0,"relics":["Pandora\u0027s Box","Oddly Smooth Stone","Happy Flower","Velvet Choker","Tiny Chest","Question Card","Ginger","Paper Frog"],"potions_floor_usage":[30,31],"damage_taken":[{"damage":16.0,"enemies":"Small Slimes","floor":1.0,"turns":3.0},{"damage":12.0,"enemies":"2 Louse","floor":4.0,"turns":1.0},{"damage":15.0,"enemies":"Lagavulin","floor":6.0,"turns":3.0},{"damage":6.0,"enemies":"Cultist","floor":8.0,"turns":3.0},{"damage":6.0,"enemies":"Large Slime","floor":10.0,"turns":3.0},{"damage":6.0,"enemies":"Blue Slaver","floor":11.0,"turns":2.0},{"damage":6.0,"enemies":"Exordium Wildlife","floor":14.0,"turns":2.0},{"damage":0.0,"enemies":"Hexaghost","floor":16.0,"turns":5.0},{"damage":9.0,"enemies":"2 Thieves","floor":18.0,"turns":3.0},{"damage":12.0,"enemies":"Spheric Guardian","floor":20.0,"turns":3.0},{"damage":16.0,"enemies":"Gremlin Leader","floor":23.0,"turns":2.0},{"damage":30.0,"enemies":"Book of Stabbing","floor":28.0,"turns":4.0},{"damage":0,"enemies":"Chosen and Byrds","floor":30,"turns":6},{"damage":46,"enemies":"Slavers","floor":31,"turns":2}],"seed_played":"4613489264163829401","potions_obtained":[{"floor":1.0,"key":"Block Potion"},{"floor":6.0,"key":"PowerPotion"},{"floor":14.0,"key":"Strength Potion"},{"floor":20.0,"key":"Ancient Potion"},{"floor":30,"key":"Regen Potion"}],"is_trial":false,"path_per_floor":["M","$","?","M","?","E","R","M","T","M","M","R","?","M","R","B",null,"M","$","M","?","$","E","R","$","T","T","E","R","M","E"],"character_chosen":"IRONCLAD","items_purchased":["Armaments","Pommel Strike","Limit Break"],"campfire_rested":2,"item_purchase_floors":[2,2,19],"current_hp_per_floor":[52,52,52,40,45,30,30,24,24,18,12,34,27,21,21,21,62,53,53,41,56,56,40,40,40,40,40,10,32,32,0],"gold":133,"neow_bonus":"BOSS_RELIC","is_prod":false,"is_daily":false,"chose_seed":false,"campfire_upgraded":3,"win_rate":0,"timestamp":1566972766,"path_taken":["M","$","?","M","?","E","R","?","T","M","M","R","?","M","R","BOSS","M","$","M","?","$","E","R","$","T","?","E","R","?","E"],"build_version":"2019-08-23","purchased_purges":1,"victory":false,"max_hp_per_floor":[75,75,75,75,75,75,75,75,75,75,75,75,75,75,75,75,75,75,75,75,75,75,75,75,75,75,75,75,75,75,75],"card_choices":[{"not_picked":["Clash","Iron Wave"],"picked":"Spot Weakness","floor":1.0},{"not_picked":["Perfected Strike","Warcry"],"picked":"Shrug It Off","floor":4.0},{"not_picked":["Exhume","Sword Boomerang"],"picked":"Shrug It Off","floor":6.0},{"not_picked":["Flex","Havoc"],"picked":"True Grit","floor":10.0},{"not_picked":["Clash","Second Wind"],"picked":"Armaments","floor":11.0},{"not_picked":["Feel No Pain","Shockwave"],"picked":"Flame Barrier","floor":14.0},{"not_picked":["Dark Embrace","Berserk"],"picked":"Limit Break","floor":16.0},{"not_picked":["Armaments","Headbutt+1"],"picked":"Flame Barrier+1","floor":18.0},{"not_picked":["Havoc","Armaments"],"picked":"Heavy Blade","floor":20.0},{"not_picked":["Twin Strike","Clothesline"],"picked":"Ghostly Armor","floor":23.0},{"not_picked":["Clothesline","Feel No Pain","True Grit"],"picked":"Shrug It Off","floor":30}],"player_experience":1462716,"relics_obtained":[{"floor":6.0,"key":"Oddly Smooth Stone"},{"floor":9.0,"key":"Happy Flower"},{"floor":23.0,"key":"Tiny Chest"},{"floor":26.0,"key":"Question Card"},{"floor":27.0,"key":"Ginger"},{"floor":28.0,"key":"Paper Frog"}],"event_choices":[{"damage_healed":0.0,"max_hp_gain":0.0,"max_hp_loss":0.0,"gold_gain":0.0,"event_name":"Living Wall","player_choice":"Grow","floor":3.0,"gold_loss":0.0,"damage_taken":0.0,"cards_upgraded":["Armaments"]},{"cards_removed":["Perfected Strike"],"damage_healed":5.0,"max_hp_gain":0.0,"max_hp_loss":0.0,"gold_gain":0.0,"event_name":"Bonfire Elementals","player_choice":"Offered Common","floor":5.0,"gold_loss":0.0,"damage_taken":0.0},{"cards_removed":["Perfected Strike"],"damage_healed":5.0,"max_hp_gain":0.0,"max_hp_loss":0.0,"gold_gain":0.0,"event_name":"Bonfire Elementals","player_choice":"Offered Special","floor":5.0,"gold_loss":0.0,"damage_taken":0.0},{"cards_removed":["Warcry"],"damage_healed":0.0,"max_hp_gain":0.0,"max_hp_loss":0.0,"gold_gain":0.0,"event_name":"Golden Wing","player_choice":"Card Removal","floor":13.0,"gold_loss":0.0,"damage_taken":7.0},{"damage_healed":15.0,"max_hp_gain":0.0,"max_hp_loss":0.0,"gold_gain":0.0,"event_name":"The Library","player_choice":"Heal","floor":21.0,"gold_loss":0.0,"damage_taken":0.0}],"is_beta":true,"boss_relics":[{"not_picked":["Mark of Pain","Empty Cage"],"picked":"Velvet Choker"}],"items_purged_floors":[19],"is_endless":false,"potions_floor_spawned":[1,6,14,20,30],"killed_by":"Slavers","ascension_level":20}