{"gold_per_floor":[110,121,121,24,42,42,77,91,166,166,241,267,267,295,295,396,396,396,396,396,396,11,11,11,11,11,11,11,11,11,0,0,0,0,0,0,0,0,0,0,0,0,0,0,0,0,0,0,0,0],"floor_reached":51,"playtime":3130,"items_purged":["Pain","Strike_B"],"score":780,"play_id":"a7156d4f-b6cc-4257-a8fe-7dce017f3da8","local_time":"20180715194937","is_ascension_mode":true,"campfire_choices":[{"data":"Streamline","floor":6,"key":"SMITH"},{"floor":10,"key":"REST"},{"floor":13,"key":"REST"},{"data":"Hologram","floor":15,"key":"SMITH"},{"data":"Chill","floor":24,"key":"SMITH"},{"floor":32,"key":"REST"},{"data":"Buffer","floor":40,"key":"SMITH"},{"data":"Defragment","floor":46,"key":"SMITH"},{"data":"Buffer","floor":49,"key":"SMITH"}],"neow_cost":"CURSE","seed_source_timestamp":191924404976658,"circlet_count":0,"master_deck":["Strike_B","Strike_B","Strike_B","Defend_B","Defend_B","Defend_B","Zap","Dualcast+1","Coolheaded","Go for the Eyes","Cold Snap","Streamline+1","Hologram+1","Machine Learning","Chill+1","Compile Driver","Buffer+1","Ball Lightning","Ball Lightning+1","Leap","Defragment+1","Compile Driver+1","Self Repair","Leap","Buffer+1","Turbo+1","Thinking Ahead","Bandage Up","Double Energy+1","Hologram+1"],"relics":["Cracked Core","Incense Burner","Unceasing Top","The Courier","DataDisk","Odd Mushroom","Ectoplasm","Regal Pillow","Bronze Scales","Anchor","Ornamental Fan","Cursed Key"],"potions_floor_usage":[7,20,27,33,50,50,50],"damage_taken":[{"damage":8,"enemies":"Small Slimes","floor":1,"turns":3},{"damage":1,"enemies":"Cultist","floor":2,"turns":3},{"damage":0,"enemies":"Jaw Worm","floor":5,"turns":3},{"damage":17,"enemies":"Lagavulin","floor":7,"turns":5},{"damage":0,"enemies":"Blue Slaver","floor":8,"turns":2},{"damage":26,"enemies":"3 Sentries","floor":12,"turns":6},{"damage":7,"floor":14,"turns":5},{"damage":30,"enemies":"Hexaghost","floor":16,"turns":12},{"damage":0,"enemies":"Chosen","floor":18,"turns":5},{"damage":0,"enemies":"Spheric Guardian","floor":19,"turns":3},{"damage":0,"enemies":"Snecko","floor":20,"turns":4},{"damage":20,"enemies":"Book of Stabbing","floor":23,"turns":4},{"damage":0,"enemies":"Centurion and Healer","floor":25,"turns":6},{"damage":0,"enemies":"Chosen and Byrds","floor":27,"turns":4},{"damage":5,"enemies":"Slaver and Parasite","floor":28,"turns":5},{"damage":5,"enemies":"Centurion and Healer","floor":29,"turns":6},{"damage":0,"enemies":"Chosen and Byrds","floor":30,"turns":4},{"damage":46,"enemies":"Collector","floor":33,"turns":11},{"damage":0,"enemies":"Orb Walker","floor":35,"turns":2},{"damage":0,"enemies":"Flame Bruiser 1 Orb","floor":39,"turns":6},{"damage":0,"enemies":"Spire Growth","floor":42,"turns":5},{"damage":0,"enemies":"Flame Bruiser 2 Orb","floor":44,"turns":6},{"damage":0,"enemies":"3 Darklings","floor":48,"turns":4},{"damage":67,"enemies":"Awakened One","floor":50,"turns":14}],"seed_played":"-4682245326922351205","potions_obtained":[{"floor":5,"key":"Poison Potion"},{"floor":8,"key":"Ancient Potion"},{"floor":12,"key":"SteroidPotion"},{"floor":18,"key":"SpeedPotion"},{"floor":27,"key":"SteroidPotion"},{"floor":28,"key":"Explosive Potion"},{"floor":30,"key":"Regen Potion"},{"floor":44,"key":"GamblersBrew"},{"floor":48,"key":"Strength Potion"}],"is_trial":false,"path_per_floor":["M","M","?","$","M","R","E","M","T","R","?","E","R","?","R","B",null,"M","M","M","?","$","E","R","M","T","M","M","M","M","?","R","B",null,"M","?","$","?","M","R","T","M","T","M","$","R","?","M","R","B"],"character_chosen":"DEFECT","items_purchased":["Cold Snap","Regal Pillow","Bronze Scales","Defragment"],"campfire_rested":3,"item_purchase_floors":[4,22,22,22],"current_hp_per_floor":[67,66,66,66,66,66,49,49,49,71,60,34,56,49,49,19,75,75,75,75,75,75,55,55,55,55,55,57,59,59,59,75,51,75,75,75,75,70,75,75,75,75,75,75,75,75,75,75,75,8],"gold":0,"neow_bonus":"ONE_RARE_RELIC","is_prod":false,"is_daily":false,"chose_seed":false,"campfire_upgraded":6,"win_rate":0,"timestamp":1531698577,"path_taken":["M","M","?","$","M","R","E","M","T","R","?","E","R","?","R","BOSS","M","M","M","?","$","E","R","M","T","M","M","?","M","?","R","BOSS","M","?","$","?","M","R","?","M","T","?","$","R","?","M","R","BOSS"],"build_version":"2018-07-13","purchased_purges":2,"victory":true,"max_hp_per_floor":[75,75,75,75,75,75,75,75,75,75,75,75,75,75,75,75,75,75,75,75,75,75,75,75,75,75,75,75,75,75,75,75,75,75,75,75,75,75,75,75,75,75,75,75,75,75,75,75,75,75],"card_choices":[{"not_picked":["Sweeping Beam","Self Repair"],"picked":"Coolheaded","floor":1},{"not_picked":["Barrage","Lockon"],"picked":"Go for the Eyes","floor":2},{"not_picked":["Compile Driver","White Noise"],"picked":"Streamline","floor":5},{"not_picked":["Turbo","Tempest"],"picked":"Hologram","floor":7},{"not_picked":["Aggregate","Doom and Gloom"],"picked":"Machine Learning","floor":8},{"not_picked":["Conserve Battery","Beam Cell"],"picked":"Chill","floor":12},{"not_picked":["Rip and Tear","Streamline"],"picked":"Compile Driver","floor":14},{"not_picked":["Thunder Strike","Rainbow"],"picked":"Buffer","floor":16},{"not_picked":["Compile Driver","Gash"],"picked":"Ball Lightning","floor":18},{"not_picked":["Sweeping Beam","Meteor Strike"],"picked":"Ball Lightning+1","floor":19},{"not_picked":["Rebound","Coolheaded"],"picked":"Leap","floor":20},{"not_picked":["Redo","Streamline+1","Rip and Tear"],"picked":"SKIP","floor":23},{"not_picked":["Static Discharge","Chill"],"picked":"Compile Driver+1","floor":25},{"not_picked":["Leap","Rip and Tear"],"picked":"Self Repair","floor":27},{"not_picked":["Scrape","Beam Cell"],"picked":"Leap","floor":28},{"not_picked":["Redo","Scrape","Rip and Tear"],"picked":"SKIP","floor":29},{"not_picked":["BootSequence","Go for the Eyes","Sunder"],"picked":"SKIP","floor":30},{"not_picked":["Hyperbeam","Rainbow"],"picked":"Buffer","floor":33},{"not_picked":["Beam Cell","Sweeping Beam"],"picked":"Turbo+1","floor":35},{"not_picked":["Swift Strike","HandOfGreed"],"picked":"Thinking Ahead","floor":38},{"not_picked":["Swift Strike","Blind"],"picked":"Bandage Up","floor":38},{"not_picked":["Go for the Eyes","Ball Lightning","Reprogram+1"],"picked":"SKIP","floor":39},{"not_picked":["Rebound+1","Redo+1","Sweeping Beam+1"],"picked":"SKIP","floor":42},{"not_picked":["Steam Power+1","Ball Lightning+1"],"picked":"Double Energy+1","floor":44},{"not_picked":["Rebound+1","Redo"],"picked":"Hologram+1","floor":48}],"player_experience":297555,"relics_obtained":[{"floor":7,"key":"Unceasing Top"},{"floor":9,"key":"The Courier"},{"floor":12,"key":"DataDisk"},{"floor":14,"key":"Odd Mushroom"},{"floor":23,"key":"Anchor"},{"floor":26,"key":"Ornamental Fan"}],"event_choices":[{"event_name":"Accursed Blacksmith","player_choice":"Forge","floor":3,"damage_taken":0},{"event_name":"World of Goop","player_choice":"Gather Gold","floor":11,"damage_taken":0},{"event_name":"Mushrooms","player_choice":"Fought Mushrooms","floor":14,"damage_taken":0},{"event_name":"Vampires","player_choice":"Ignored","floor":21,"damage_taken":0},{"event_name":"Masked Bandits","player_choice":"Paid Bandits 11 gold","floor":31,"damage_taken":0},{"event_name":"Falling","player_choice":"Removed Skill","floor":36,"damage_taken":0},{"event_name":"SensoryStone","player_choice":"Memory 2","floor":38,"damage_taken":0},{"event_name":"SecretPortal","player_choice":"Rejected Portal.","floor":47,"damage_taken":0}],"boss_relics":[{"not_picked":["Busted Crown","FrozenCore"],"picked":"Ectoplasm"},{"not_picked":["Empty Cage","White Beast Statue"],"picked":"Cursed Key"}],"items_purged_floors":[4,22],"is_endless":false,"potions_floor_spawned":[5,8,12,18,27,28,30,44,48],"ascension_level":4}