{"gold_per_floor":[113,83,100,2,15,48,48,61,107,127,43,70,83,96,96,196,196,210,220,170,170,190,190,205,205,205,205,234,234,234,144,144,245,295,310,11,26,43,63,63,83,83,83,93,126,136,86,86,86,86,86,86,36,68,68],"floor_reached":55,"playtime":3513,"items_purged":["Strike_G","Strike_G","Strike_G","Strike_G","Defend_G","Defend_G"],"score":681,"play_id":"2c7f4d7d-28d8-4c96-957b-a5c70b4f9476","local_time":"20190704160156","is_ascension_mode":false,"campfire_choices":[{"floor":7,"key":"REST"},{"data":"Secret Weapon","floor":15,"key":"SMITH"},{"floor":23,"key":"RECALL"},{"data":"Envenom","floor":25,"key":"SMITH"},{"data":"Envenom","floor":27,"key":"SMITH"},{"data":"Leg Sweep","floor":29,"key":"SMITH"},{"floor":32,"key":"REST"},{"data":"Dash","floor":40,"key":"SMITH"},{"data":"Accuracy","floor":42,"key":"SMITH"},{"floor":49,"key":"REST"},{"data":"1","floor":52,"key":"LIFT"}],"neow_cost":"PERCENT_DAMAGE","seed_source_timestamp":460760535723692,"circlet_count":0,"master_deck":["Defend_G","Defend_G+1","Defend_G","Survivor","Neutralize","Deep Breath+1","Secret Weapon+1","Dash+1","Dagger Spray","Blade Dance","Deflect","Infinite Blades","Blade Dance","Cloak And Dagger+1","Accuracy+1","Finisher","Envenom+1","Leg Sweep+1","Envenom+1","Slice","Cloak And Dagger+1","Deflect","Blade Dance+1","Dramatic Entrance","Terror","Backstab+1","Cloak And Dagger+1"],"relics":["Ring of the Snake","Shuriken","Smiling Mask","Art of War","WristBlade","Oddly Smooth Stone","MutagenicStrength","Tiny House","Bag of Marbles","Question Card","Girya","Paper Crane"],"potions_floor_usage":[6,6,16,24,28,34,38,45,50,54,55,55],"damage_taken":[{"damage":0,"enemies":"Small Slimes","floor":1,"turns":4},{"damage":0,"enemies":"Cultist","floor":3,"turns":4},{"damage":0,"enemies":"2 Louse","floor":5,"turns":3},{"damage":30,"enemies":"Gremlin Nob","floor":6,"turns":5},{"damage":0,"enemies":"Exordium Wildlife","floor":8,"turns":3},{"damage":0,"enemies":"Looter","floor":10,"turns":3},{"damage":4,"enemies":"3 Sentries","floor":12,"turns":6},{"damage":4,"enemies":"Lots of Slimes","floor":13,"turns":4},{"damage":2,"enemies":"Gremlin Gang","floor":14,"turns":3},{"damage":15,"enemies":"Slime Boss","floor":16,"turns":7},{"damage":2,"enemies":"Chosen","floor":18,"turns":4},{"damage":0,"enemies":"Spheric Guardian","floor":19,"turns":3},{"damage":21,"enemies":"Centurion and Healer","floor":22,"turns":6},{"damage":7,"enemies":"Cultist and Chosen","floor":24,"turns":4},{"damage":9,"enemies":"Book of Stabbing","floor":28,"turns":5},{"damage":40,"enemies":"Champ","floor":33,"turns":9},{"damage":0,"enemies":"3 Shapes","floor":35,"turns":2},{"damage":0,"enemies":"3 Darklings","floor":37,"turns":3},{"damage":7,"enemies":"Transient","floor":38,"turns":5},{"damage":13,"enemies":"Spire Growth","floor":39,"turns":3},{"damage":6,"enemies":"4 Shapes","floor":41,"turns":3},{"damage":0,"enemies":"Jaw Worm Horde","floor":44,"turns":2},{"damage":7,"enemies":"Reptomancer","floor":45,"turns":4},{"damage":0,"enemies":"Transient","floor":46,"turns":5},{"damage":70,"enemies":"Awakened One","floor":50,"turns":13},{"damage":3,"enemies":"Shield and Spear","floor":54,"turns":4},{"damage":84,"enemies":"The Heart","floor":55,"turns":5}],"seed_played":"6987803181777201294","potions_obtained":[{"floor":1,"key":"Weak Potion"},{"floor":2,"key":"Poison Potion"},{"floor":2,"key":"Weak Potion"},{"floor":10,"key":"Ancient Potion"},{"floor":14,"key":"EssenceOfSteel"},{"floor":16,"key":"Fire Potion"},{"floor":28,"key":"GamblersBrew"},{"floor":33,"key":"EssenceOfSteel"},{"floor":34,"key":"Fruit Juice"},{"floor":38,"key":"GamblersBrew"},{"floor":41,"key":"SpeedPotion"},{"floor":45,"key":"Swift Potion"},{"floor":46,"key":"Swift Potion"},{"floor":54,"key":"Block Potion"}],"is_trial":false,"path_per_floor":["M","?","M","$","M","E","R","M","T","M","$","E","M","M","R","B",null,"M","M","$","?","M","R","M","R","T","R","E","R","?","?","R","B",null,"M","$","M","M","M","R","M","R","T","M","E","M","$","?","R","B",null,"R","$","E","B"],"character_chosen":"THE_SILENT","items_purchased":["Blade Dance","Accuracy","Bag of Marbles","Dramatic Entrance"],"campfire_rested":3,"item_purchase_floors":[4,11,36,36],"current_hp_per_floor":[49,49,49,49,49,19,40,40,40,40,40,36,32,30,30,15,70,68,68,68,68,47,47,40,40,40,40,31,31,31,31,52,12,80,80,80,80,73,60,60,54,54,54,54,47,47,47,47,71,1,80,80,80,77,0],"gold":68,"neow_bonus":"RANDOM_COLORLESS_2","is_prod":false,"is_daily":false,"chose_seed":false,"campfire_upgraded":6,"win_rate":0,"timestamp":1562274116,"path_taken":["M","?","M","?","M","E","R","M","T","?","$","E","M","M","R","BOSS","M","?","$","?","M","R","M","R","T","R","E","R","?","?","R","BOSS","M","$","M","?","M","R","M","R","T","M","E","?","$","?","R","BOSS","R","$","E","BOSS"],"build_version":"2019-07-01","purchased_purges":6,"victory":false,"max_hp_per_floor":[70,70,70,70,70,70,70,70,70,70,70,70,70,70,70,70,70,70,70,70,70,70,70,70,70,70,70,70,70,70,70,70,70,80,80,80,80,80,80,80,80,80,80,80,80,80,80,80,80,80,80,80,80,80,80],"card_choices":[{"not_picked":["Blur","PiercingWail"],"picked":"Dash","floor":1},{"not_picked":["Sucker Punch","Blade Dance"],"picked":"Dagger Spray","floor":3},{"not_picked":["Acrobatics","Reflex"],"picked":"Deflect","floor":5},{"not_picked":["Dagger Spray","Dagger Throw"],"picked":"Infinite Blades","floor":6},{"not_picked":["Dodge and Roll","Outmaneuver"],"picked":"Blade Dance","floor":8},{"not_picked":["Backflip","Sucker Punch"],"picked":"Cloak And Dagger","floor":10},{"not_picked":["Distraction","All Out Attack"],"picked":"Finisher","floor":12},{"not_picked":["Dagger Throw","Choke"],"picked":"Envenom","floor":13},{"not_picked":["Blur","Quick Slash"],"picked":"Leg Sweep","floor":14},{"not_picked":["Venomology","Unload"],"picked":"Envenom","floor":16},{"not_picked":["Riddle With Holes","Deflect"],"picked":"Slice","floor":18},{"not_picked":["Sucker Punch","Prepared"],"picked":"Cloak And Dagger+1","floor":19},{"not_picked":["Blade Dance","Well Laid Plans","Backflip"],"picked":"SKIP","floor":22},{"not_picked":["Dagger Throw+1","Flechettes+1","Calculated Gamble"],"picked":"SKIP","floor":24},{"not_picked":["Acrobatics","Phantasmal Killer"],"picked":"Deflect","floor":28},{"not_picked":["Infinite Blades+1","Bouncing Flask"],"picked":"Blade Dance+1","floor":34},{"not_picked":["Catalyst+1","Backflip","All Out Attack+1"],"picked":"SKIP","floor":35},{"not_picked":["Leg Sweep+1","Blade Dance+1"],"picked":"Terror","floor":37},{"not_picked":["Prepared+1","Underhanded Strike","Noxious Fumes"],"picked":"SKIP","floor":38},{"not_picked":["Dagger Throw+1","Dodge and Roll+1","Dagger Spray"],"picked":"SKIP","floor":39},{"not_picked":["Poisoned Stab+1","Deadly Poison"],"picked":"Backstab+1","floor":41},{"not_picked":["Flechettes","Reflex","Deadly Poison+1","Dagger Spray+1"],"picked":"SKIP","floor":44},{"not_picked":["Riddle With Holes+1","Bane+1","Heel Hook","Dagger Spray"],"picked":"SKIP","floor":45},{"not_picked":["Well Laid Plans","Dagger Spray+1","Bane","Terror"],"picked":"SKIP","floor":46},{"not_picked":["Concentrate+1","Prepared+1","PiercingWail+1"],"picked":"Cloak And Dagger+1","floor":54}],"player_experience":842123,"relics_obtained":[{"floor":6,"key":"Shuriken"},{"floor":9,"key":"Smiling Mask"},{"floor":12,"key":"Art of War"},{"floor":28,"key":"Oddly Smooth Stone"},{"floor":43,"key":"Question Card"},{"floor":45,"key":"Girya"},{"floor":54,"key":"Paper Crane"}],"event_choices":[{"damage_healed":0,"gold_gain":0,"player_choice":"Bought 2 Potions","damage_taken":0,"max_hp_gain":0,"max_hp_loss":0,"event_name":"The Woman in Blue","floor":2,"gold_loss":0},{"damage_healed":0,"gold_gain":0,"player_choice":"Ignored","damage_taken":0,"max_hp_gain":0,"max_hp_loss":0,"event_name":"Cursed Tome","floor":21,"gold_loss":0},{"damage_healed":0,"gold_gain":0,"player_choice":"Inject Mutagens","damage_taken":0,"relics_obtained":["MutagenicStrength"],"max_hp_gain":0,"max_hp_loss":0,"event_name":"Drug Dealer","floor":30,"gold_loss":0},{"cards_removed":["Strike_G"],"damage_healed":0,"gold_gain":0,"player_choice":"Upgrade and Remove","damage_taken":0,"max_hp_gain":0,"max_hp_loss":0,"event_name":"Designer","floor":31,"gold_loss":90,"cards_upgraded":["Defend_G"]},{"damage_healed":0,"gold_gain":0,"player_choice":"Forge","damage_taken":0,"max_hp_gain":0,"max_hp_loss":0,"event_name":"Accursed Blacksmith","floor":48,"gold_loss":0,"cards_upgraded":["Deep Breath"]}],"is_beta":false,"boss_relics":[{"not_picked":["Ectoplasm","Cursed Key"],"picked":"WristBlade"},{"not_picked":["Pandora\u0027s Box","Runic Pyramid"],"picked":"Tiny House"}],"items_purged_floors":[4,11,20,36,47,53],"is_endless":false,"potions_floor_spawned":[1,10,14,16,18,19,28,33,38,41,45,46,54],"killed_by":"The Heart","ascension_level":0}