{"gold_per_floor":[116,116,15,15,65,90,90,90,90,109,109,127,1,21,21,93,93,106,28,228,248,248,282,292,292,292,292,32,57,72,3,3,74,74,86,105,29,39,54,54,72,34,34,34,52,71,89,35,35,35],"floor_reached":50,"playtime":2488,"items_purged":[],"score":869,"play_id":"c8184d98-2495-412c-8f30-1a7ece60727a","local_time":"20180709131539","daily_mods":["Binary"],"is_ascension_mode":true,"campfire_choices":[{"data":"Malaise","floor":7.0,"key":"SMITH"},{"data":"Neutralize","floor":11.0,"key":"SMITH"},{"data":"Quick Slash","floor":15.0,"key":"SMITH"},{"data":"Blade Dance","floor":25,"key":"SMITH"},{"floor":27,"key":"REST"},{"data":"Footwork","floor":32,"key":"SMITH"},{"data":"Cloak And Dagger","floor":40,"key":"SMITH"},{"floor":49,"key":"REST"}],"neow_cost":"","seed_source_timestamp":0,"circlet_count":0,"master_deck":["Survivor","Neutralize+1","AscendersBane","Malaise+1","Quick Slash+1","Backstab+1","Deflect","Blade Dance+1","Bite","Bite","Bite","Bite","Bite+1","Metamorphosis","Blur","Footwork+1","Cloak And Dagger+1","Bane","Flying Knee","Blur","Noxious Fumes","Acrobatics"],"special_seed":0,"relics":["Ring of the Snake","Busted Crown","Du-Vu Doll","Dead Branch","Lizard Tail","Whetstone","Bird Faced Urn","Singing Bowl","Pandora\u0027s Box","Strawberry"],"potions_floor_usage":[23,23,33,36,41,46,50,50],"damage_taken":[{"damage":0.0,"enemies":"Jaw Worm","floor":1.0,"turns":6.0},{"damage":12.0,"enemies":"Lagavulin","floor":6.0,"turns":11.0},{"damage":0.0,"enemies":"Small Slimes","floor":10.0,"turns":3.0},{"damage":0.0,"enemies":"Cultist","floor":12.0,"turns":3.0},{"damage":0.0,"enemies":"Exordium Wildlife","floor":14.0,"turns":5.0},{"damage":15.0,"enemies":"Slime Boss","floor":16.0,"turns":8.0},{"damage":0.0,"enemies":"Chosen","floor":18.0,"turns":5.0},{"damage":2,"enemies":"Spheric Guardian","floor":21,"turns":3},{"damage":27,"enemies":"Slavers","floor":23,"turns":6},{"damage":14,"enemies":"Snake Plant","floor":24,"turns":7},{"damage":9,"enemies":"Book of Stabbing","floor":29,"turns":6},{"damage":8,"enemies":"Cultist and Chosen","floor":30,"turns":8},{"damage":18,"enemies":"Champ","floor":33,"turns":14},{"damage":4,"enemies":"Orb Walker","floor":35,"turns":4},{"damage":9,"enemies":"3 Shapes","floor":36,"turns":5},{"damage":26,"enemies":"Maw","floor":38,"turns":14},{"damage":22,"enemies":"Sphere and 2 Shapes","floor":39,"turns":7},{"damage":2,"enemies":"Flame Bruiser 2 Orb","floor":41,"turns":7},{"damage":30,"enemies":"Spire Growth","floor":45,"turns":7},{"damage":44,"enemies":"Transient","floor":46,"turns":5},{"damage":14,"enemies":"4 Shapes","floor":47,"turns":12},{"damage":118,"enemies":"Awakened One","floor":50,"turns":17}],"seed_played":"815158760575289668","potions_obtained":[{"floor":1.0,"key":"SkillPotion"},{"floor":16.0,"key":"Explosive Potion"},{"floor":18.0,"key":"Fire Potion"},{"floor":30,"key":"FearPotion"},{"floor":33,"key":"Explosive Potion"},{"floor":36,"key":"Regen Potion"},{"floor":41,"key":"GhostInAJar"},{"floor":47,"key":"GhostInAJar"}],"is_trial":true,"path_per_floor":["M","?","$","?","?","E","R","?","T","M","R","M","$","M","R","B",null,"M","$","?","M","?","E","M","R","T","R","$","E","M","$","R","B",null,"M","M","$","M","M","R","M","$","T","?","M","M","M","$","R"],"character_chosen":"THE_SILENT","items_purchased":["Malaise","Quick Slash","Backstab","Deflect","Blade Dance","Metamorphosis","Blur","Footwork","Blur","Noxious Fumes","Acrobatics"],"campfire_rested":2,"item_purchase_floors":[],"current_hp_per_floor":[59,59,59,64,64,52,52,45,45,45,45,45,45,45,45,30,61,61,61,61,59,49,38,37,37,37,49,49,49,45,45,45,49,49,49,49,49,31,27,27,49,49,56,56,41,14,33,33,49,0],"gold":35,"neow_bonus":"","is_prod":false,"is_daily":false,"chose_seed":false,"campfire_upgraded":6,"win_rate":0,"timestamp":1531167339,"path_taken":["M","?","$","?","?","E","R","?","T","M","R","M","$","M","R","BOSS","M","$","?","M","?","E","M","R","T","R","$","E","M","$","R","BOSS","M","M","$","M","M","R","M","$","T","?","M","M","?","$","R","BOSS"],"build_version":"2018-07-05","purchased_purges":0,"victory":false,"max_hp_per_floor":[66,66,66,71,71,71,71,71,71,71,71,71,71,71,71,71,71,71,71,71,71,49,49,49,49,49,49,49,49,49,49,49,49,49,49,49,49,49,49,49,49,49,56,56,56,56,56,56,56,56],"card_choices":[],"player_experience":547714,"relics_obtained":[{"floor":6.0,"key":"Du-Vu Doll"},{"floor":9.0,"key":"Dead Branch"},{"floor":23,"key":"Whetstone"},{"floor":26,"key":"Bird Faced Urn"},{"floor":29,"key":"Singing Bowl"},{"floor":43,"key":"Strawberry"}],"event_choices":[{"event_name":"The Cleric","player_choice":"Leave","floor":2.0,"damage_taken":0.0},{"event_name":"Big Fish","player_choice":"Donut","floor":4.0,"damage_taken":0.0},{"event_name":"Golden Shrine","player_choice":"Pray","floor":5.0,"damage_taken":0.0},{"event_name":"Golden Wing","player_choice":"Card Removal","floor":8.0,"damage_taken":0.0},{"event_name":"Wheel of Change","player_choice":"Gold","floor":20,"damage_taken":0},{"event_name":"Vampires","player_choice":"Became a vampire","floor":22,"damage_taken":0},{"event_name":"Falling","player_choice":"Removed Attack","floor":44,"damage_taken":0}],"boss_relics":[{"not_picked":["Eternal Feather","Tiny House"],"picked":"Lizard Tail"},{"not_picked":["Orrery","Fusion Hammer"],"picked":"Pandora\u0027s Box"}],"items_purged_floors":[],"is_endless":false,"potions_floor_spawned":[1,16,18,30,33,36,41,45,47],"killed_by":"Awakened One","ascension_level":15}