{"gold_per_floor":[167,167,186,186,4,4,24,24,49,199,225,225,225,238,238,312,312,325,325,342,342,357,357,337,337,337,337,39,49,49,49],"floor_reached":31,"playtime":651,"items_purged":["Strike_B","Strike_B"],"score":462,"play_id":"ce40ac57-fa42-44f7-8326-b5ae543a6751","local_time":"20190202180522","is_ascension_mode":true,"campfire_choices":[{"data":"Zap","floor":6,"key":"SMITH"},{"data":"Chaos","floor":8,"key":"SMITH"},{"data":"Defragment","floor":15,"key":"SMITH"},{"data":"Beam Cell","floor":23,"key":"SMITH"},{"data":"Ghostly","floor":25,"key":"SMITH"},{"data":"Ghostly","floor":27,"key":"SMITH"},{"floor":30,"key":"REST"}],"neow_cost":"NONE","seed_source_timestamp":55874931939487,"circlet_count":0,"master_deck":["AscendersBane","Strike_B","Strike_B","Defend_B","Defend_B+1","Defend_B","Defend_B","Zap+1","Dualcast+1","Cold Snap","Ball Lightning","Echo Form","Sunder","Leap+1","Chaos+1","Beam Cell+1","Defragment+1","Core Surge","Hologram","Go for the Eyes+1","Ghostly+1","Ghostly+1","Ghostly","Electrodynamics","Mayhem","Self Repair"],"relics":["Tiny House","Juzu Bracelet","Bronze Scales","Runic Dome","Mummified Hand"],"potions_floor_usage":[20,20,29,29,31],"damage_taken":[{"damage":7,"enemies":"Jaw Worm","floor":1,"turns":5},{"damage":0,"enemies":"2 Louse","floor":3,"turns":4},{"damage":1,"enemies":"Small Slimes","floor":7,"turns":3},{"damage":1,"enemies":"Lagavulin","floor":11,"turns":6},{"damage":3,"enemies":"2 Fungi Beasts","floor":14,"turns":3},{"damage":20,"enemies":"Hexaghost","floor":16,"turns":8},{"damage":9,"enemies":"Shell Parasite","floor":18,"turns":4},{"damage":3,"enemies":"Spheric Guardian","floor":20,"turns":3},{"damage":16,"enemies":"Cultist and Chosen","floor":22,"turns":7},{"damage":3,"enemies":"Snake Plant","floor":29,"turns":3},{"damage":39,"enemies":"Slavers","floor":31,"turns":3}],"seed_played":"-5148233652744208474","potions_obtained":[{"floor":0,"key":"FocusPotion"},{"floor":7,"key":"EssenceOfSteel"},{"floor":24,"key":"EntropicBrew"},{"floor":29,"key":"Regen Potion"}],"is_trial":false,"path_per_floor":["M","?","M","?","$","R","M","R","T","?","E","?","?","M","R","B",null,"M","?","M","?","M","R","?","R","T","R","$","M","R","E"],"character_chosen":"DEFECT","items_purchased":["Sunder","Leap","Mayhem"],"campfire_rested":1,"item_purchase_floors":[5,5,28],"current_hp_per_floor":[62,67,67,67,67,67,66,66,66,66,65,65,41,38,38,18,65,56,56,53,40,24,24,24,24,24,24,24,21,33,0],"gold":49,"neow_bonus":"BOSS_RELIC","is_prod":false,"is_daily":false,"chose_seed":false,"campfire_upgraded":6,"win_rate":0,"timestamp":1549159522,"path_taken":["M","?","M","?","$","R","M","R","T","?","E","?","?","M","R","BOSS","M","?","M","?","M","R","?","R","T","R","$","M","R","E"],"build_version":"2019-01-23","purchased_purges":2,"victory":false,"max_hp_per_floor":[76,81,81,81,81,81,81,81,81,81,81,81,81,81,81,81,81,81,81,81,40,40,40,40,40,40,40,40,40,40,40],"card_choices":[{"not_picked":["Stack","Gash"],"picked":"Cold Snap","floor":0},{"not_picked":["Stack","Consume"],"picked":"Ball Lightning","floor":1},{"not_picked":["Doom and Gloom","Skim"],"picked":"Echo Form","floor":3},{"not_picked":["Beam Cell","Streamline"],"picked":"Chaos","floor":7},{"not_picked":["Turbo","Genetic Algorithm"],"picked":"Beam Cell","floor":11},{"not_picked":["Conserve Battery","Cold Snap"],"picked":"Defragment","floor":14},{"not_picked":["Thunder Strike","Amplify"],"picked":"Core Surge","floor":16},{"not_picked":["Redo","Steam"],"picked":"Hologram","floor":18},{"not_picked":["Rip and Tear","Compile Driver"],"picked":"Go for the Eyes+1","floor":20},{"not_picked":["Melter","Turbo"],"picked":"Electrodynamics","floor":22},{"not_picked":["Gash","Barrage"],"picked":"Self Repair","floor":29}],"player_experience":1111451,"relics_obtained":[{"floor":9,"key":"Juzu Bracelet"},{"floor":11,"key":"Bronze Scales"},{"floor":26,"key":"Mummified Hand"}],"event_choices":[{"damage_healed":0,"gold_gain":0,"player_choice":"Donut","damage_taken":0,"max_hp_gain":5,"max_hp_loss":0,"event_name":"Big Fish","floor":2,"gold_loss":0},{"damage_healed":0,"gold_gain":0,"player_choice":"Leave","damage_taken":0,"max_hp_gain":0,"max_hp_loss":0,"event_name":"The Cleric","floor":4,"gold_loss":0},{"damage_healed":0,"gold_gain":150,"player_choice":"AGREE","damage_taken":0,"max_hp_gain":0,"max_hp_loss":0,"event_name":"Liars Game","floor":10,"gold_loss":0,"cards_obtained":["Doubt"]},{"damage_healed":0,"gold_gain":0,"player_choice":"Got Potions","damage_taken":0,"max_hp_gain":0,"max_hp_loss":0,"event_name":"Lab","floor":12,"gold_loss":0},{"damage_healed":0,"gold_gain":0,"player_choice":"Entered Light","damage_taken":24,"max_hp_gain":0,"max_hp_loss":0,"event_name":"Shining Light","floor":13,"gold_loss":0,"cards_upgraded":["Leap","Dualcast"]},{"cards_removed":["Doubt"],"damage_healed":0,"gold_gain":0,"player_choice":"Purged","damage_taken":0,"max_hp_gain":0,"max_hp_loss":0,"event_name":"Purifier","floor":19,"gold_loss":0},{"damage_healed":0,"gold_gain":0,"player_choice":"Became a Ghost","damage_taken":0,"max_hp_gain":0,"max_hp_loss":41,"event_name":"Ghosts","floor":21,"gold_loss":0,"cards_obtained":["Ghostly","Ghostly","Ghostly"]},{"damage_healed":0,"gold_gain":0,"player_choice":"Bought 1 Potion","damage_taken":0,"max_hp_gain":0,"max_hp_loss":0,"event_name":"The Woman in Blue","floor":24,"gold_loss":0}],"is_beta":true,"boss_relics":[{"not_picked":["Lizard Tail","Calling Bell"],"picked":"Runic Dome"}],"items_purged_floors":[5,28],"is_endless":false,"potions_floor_spawned":[7,11,14,18,29],"killed_by":"Slavers","ascension_level":20}