{"gold_per_floor":[114,131,56,56,68,103,116,116,116,116,116,17,17,43,43,146,146,161,148,148,148,168,168,184,184,184,39,55,69,88,115,115,218,218,233,250,299,299,299,299,79,79,106,141,94,94,94,104,104,104,104,104,31,66,66],"floor_reached":55,"playtime":3839,"items_purged":["Strike_G","Strike_G","Defend_G"],"score":713,"play_id":"0908537a-1fbd-4484-95a1-290debe6ff8b","local_time":"20190610183714","is_ascension_mode":false,"campfire_choices":[{"data":"Neutralize","floor":8,"key":"SMITH"},{"data":"Noxious Fumes","floor":10,"key":"SMITH"},{"data":"Noxious Fumes","floor":15,"key":"SMITH"},{"floor":23,"key":"RECALL"},{"data":"Survivor","floor":25,"key":"SMITH"},{"floor":32,"key":"REST"},{"floor":40,"key":"REST"},{"data":"Burst","floor":42,"key":"SMITH"},{"data":"Backflip","floor":46,"key":"SMITH"},{"floor":49,"key":"REST"},{"data":"Apotheosis","floor":52,"key":"SMITH"}],"neow_cost":"NONE","seed_source_timestamp":1929611802350364,"circlet_count":0,"master_deck":["Defend_G","Defend_G","Defend_G","Survivor+1","Neutralize+1","Poisoned Stab","Noxious Fumes+1","Glass Knife","Backflip+1","Deadly Poison","Noxious Fumes+1","Adrenaline","Deflect+1","Deadly Poison","Bouncing Flask+1","Poisoned Stab","Deadly Poison","Deflect+1","Backflip","Burst+1","Deadly Poison+1","Bandage Up","Slice","Apotheosis+1","Bane+1"],"relics":["Ring of the Serpent","Happy Flower","Ninja Scroll","Ice Cream","Matryoshka","Snake Skull","Empty Cage","WingedGreaves","Blue Candle","Anchor","Unceasing Top","Pear"],"potions_floor_usage":[6,18,33,37,37,50,54,55,55],"damage_taken":[{"damage":0,"enemies":"Jaw Worm","floor":1,"turns":6},{"damage":2,"enemies":"2 Louse","floor":2,"turns":2},{"damage":0,"enemies":"Cultist","floor":5,"turns":4},{"damage":33,"enemies":"3 Sentries","floor":6,"turns":11},{"damage":0,"enemies":"2 Fungi Beasts","floor":7,"turns":3},{"damage":2,"enemies":"The Guardian","floor":16,"turns":7},{"damage":0,"enemies":"Chosen","floor":18,"turns":3},{"damage":4,"enemies":"2 Thieves","floor":19,"turns":4},{"damage":9,"enemies":"Sentry and Sphere","floor":22,"turns":4},{"damage":5,"enemies":"Centurion and Healer","floor":24,"turns":4},{"damage":5,"enemies":"Shelled Parasite and Fungi","floor":28,"turns":4},{"damage":0,"enemies":"Sentry and Sphere","floor":29,"turns":3},{"damage":0,"enemies":"Centurion and Healer","floor":30,"turns":5},{"damage":5,"enemies":"Book of Stabbing","floor":31,"turns":5},{"damage":26,"enemies":"Automaton","floor":33,"turns":8},{"damage":3,"enemies":"3 Shapes","floor":35,"turns":4},{"damage":8,"enemies":"Orb Walker","floor":36,"turns":4},{"damage":35,"enemies":"2 Orb Walkers","floor":37,"turns":6},{"damage":18,"enemies":"Giant Head","floor":44,"turns":7},{"damage":5,"enemies":"3 Darklings","floor":48,"turns":4},{"damage":50,"enemies":"Awakened One","floor":50,"turns":12},{"damage":47,"enemies":"Shield and Spear","floor":54,"turns":6},{"damage":55,"enemies":"The Heart","floor":55,"turns":6}],"seed_played":"8885393892017200345","potions_obtained":[{"floor":2,"key":"SkillPotion"},{"floor":5,"key":"Ancient Potion"},{"floor":7,"key":"AttackPotion"},{"floor":16,"key":"Explosive Potion"},{"floor":18,"key":"PowerPotion"},{"floor":29,"key":"Dexterity Potion"},{"floor":35,"key":"Swift Potion"},{"floor":37,"key":"FearPotion"},{"floor":48,"key":"Explosive Potion"}],"is_trial":false,"path_per_floor":["M","M","$","?","M","E","M","R","T","R","?","$","$","T","R","B",null,"M","M","?","?","M","R","M","R","T","$","M","M","M","E","R","B",null,"M","M","?","?","?","R","$","R","T","E","$","R","?","M","R","B",null,"R","$","E","B"],"character_chosen":"THE_SILENT","items_purchased":["Deadly Poison","Noxious Fumes","Deadly Poison","Bandage Up","Slice","GhostInAJar"],"campfire_rested":3,"item_purchase_floors":[12,12,27,41,45,53],"current_hp_per_floor":[70,68,68,73,73,40,40,40,40,40,33,33,33,33,33,31,75,75,71,71,71,62,62,57,57,57,57,52,52,52,47,69,43,75,72,64,29,29,29,50,50,50,50,40,40,40,40,47,68,24,71,71,71,46,0],"gold":66,"neow_bonus":"REMOVE_CARD","is_prod":false,"is_daily":false,"chose_seed":false,"campfire_upgraded":7,"win_rate":0,"timestamp":1560209834,"path_taken":["M","M","$","?","M","E","M","R","T","R","?","?","$","?","R","BOSS","M","M","?","?","M","R","M","R","T","$","M","?","M","E","R","BOSS","M","M","?","?","?","R","$","R","T","E","$","R","?","?","R","BOSS","R","$","E","BOSS"],"build_version":"2019-01-23","purchased_purges":3,"victory":false,"max_hp_per_floor":[70,70,70,75,75,75,75,75,75,75,75,75,75,75,75,75,75,75,75,75,75,75,75,75,75,75,75,75,75,75,75,75,75,75,75,75,75,71,71,71,71,71,71,71,71,71,71,71,71,71,71,71,71,81,81],"card_choices":[{"not_picked":["Dagger Spray","Predator"],"picked":"Poisoned Stab","floor":1},{"not_picked":["Quick Slash","Flying Knee"],"picked":"Noxious Fumes","floor":2},{"not_picked":["Slice","Blade Dance","Concentrate"],"picked":"SKIP","floor":5},{"not_picked":["Dagger Spray","Dodge and Roll"],"picked":"Glass Knife","floor":6},{"not_picked":["Backstab","Predator"],"picked":"Backflip","floor":7},{"not_picked":["Malaise","Envenom"],"picked":"Adrenaline","floor":16},{"not_picked":["Predator","Blade Dance"],"picked":"Deflect+1","floor":18},{"not_picked":["Eviscerate","Sucker Punch","Finisher"],"picked":"SKIP","floor":19},{"not_picked":["Choke","Underhanded Strike"],"picked":"Bouncing Flask+1","floor":22},{"not_picked":["PiercingWail+1","Finisher"],"picked":"Poisoned Stab","floor":24},{"not_picked":["Sucker Punch","Blade Dance"],"picked":"Deflect+1","floor":28},{"not_picked":["Cloak And Dagger","Concentrate"],"picked":"Backflip","floor":29},{"not_picked":["Bouncing Flask+1","Expertise","Dodge and Roll"],"picked":"SKIP","floor":30},{"not_picked":["Sucker Punch+1","Backstab","Finisher"],"picked":"SKIP","floor":31},{"not_picked":["Malaise","Die Die Die"],"picked":"Burst","floor":33},{"not_picked":["Bouncing Flask+1","Caltrops+1"],"picked":"Deadly Poison+1","floor":35},{"not_picked":["Catalyst","Prepared+1","Crippling Poison"],"picked":"SKIP","floor":36},{"not_picked":["Dagger Throw+1","Acrobatics","Heel Hook+1"],"picked":"SKIP","floor":44},{"not_picked":["Chrysalis","Metamorphosis"],"picked":"Apotheosis","floor":47},{"not_picked":["Underhanded Strike","Acrobatics"],"picked":"Bane+1","floor":48},{"not_picked":["Prepared+1","Eviscerate","Blade Dance"],"picked":"SKIP","floor":54}],"player_experience":748645,"relics_obtained":[{"floor":6,"key":"Happy Flower"},{"floor":9,"key":"Ninja Scroll"},{"floor":26,"key":"Matryoshka"},{"floor":31,"key":"Snake Skull"},{"floor":37,"key":"WingedGreaves"},{"floor":43,"key":"Blue Candle"},{"floor":43,"key":"Anchor"},{"floor":44,"key":"Unceasing Top"},{"floor":54,"key":"Pear"}],"event_choices":[{"damage_healed":0,"gold_gain":0,"player_choice":"Donut","damage_taken":0,"max_hp_gain":5,"max_hp_loss":0,"event_name":"Big Fish","floor":4,"gold_loss":0},{"cards_removed":["Strike_G"],"damage_healed":0,"gold_gain":0,"player_choice":"Card Removal","damage_taken":7,"max_hp_gain":0,"max_hp_loss":0,"event_name":"Golden Wing","floor":11,"gold_loss":0},{"damage_healed":0,"gold_gain":0,"player_choice":"Read","damage_taken":0,"max_hp_gain":0,"max_hp_loss":0,"event_name":"The Library","floor":20,"gold_loss":0,"cards_obtained":["Deadly Poison"]},{"damage_healed":0,"gold_gain":0,"player_choice":"Gave Potion","damage_taken":0,"relics_obtained":["Ice Cream"],"max_hp_gain":0,"max_hp_loss":0,"event_name":"WeMeetAgain","floor":21,"gold_loss":0},{"damage_healed":0,"gold_gain":0,"player_choice":"Fight","damage_taken":0,"max_hp_gain":0,"max_hp_loss":0,"event_name":"Mysterious Sphere","floor":37,"gold_loss":0},{"damage_healed":0,"gold_gain":0,"player_choice":"Max HP","damage_taken":0,"max_hp_gain":0,"max_hp_loss":4,"event_name":"Winding Halls","floor":38,"gold_loss":0},{"damage_healed":0,"gold_gain":0,"player_choice":"Ignored","damage_taken":0,"max_hp_gain":0,"max_hp_loss":0,"event_name":"Tomb of Lord Red Mask","floor":39,"gold_loss":0},{"damage_healed":0,"gold_gain":0,"player_choice":"Memory 1","damage_taken":0,"max_hp_gain":0,"max_hp_loss":0,"event_name":"SensoryStone","floor":47,"gold_loss":0}],"is_beta":false,"boss_relics":[{"not_picked":["Busted Crown","Ectoplasm"],"picked":"Ring of the Serpent"},{"not_picked":["Runic Pyramid","Fusion Hammer"],"picked":"Empty Cage"}],"items_purged_floors":[3,27,41],"is_endless":false,"potions_floor_spawned":[2,5,7,16,18,19,29,31,35,37,48],"killed_by":"The Heart","ascension_level":0}