{"path_per_floor":["M","$","?","M","?","E","M","?","T","E","M","?","E","M","R","B",null,"M","?","?","M","?"],"character_chosen":"IRONCLAD","items_purchased":["Clash","Heavy Blade"],"gold_per_floor":[115,13,13,23,23,49,61,26,26,51,65,65,98,123,123,243,243,258,258,258,272,272,272],"floor_reached":23,"campfire_rested":1,"playtime":2334,"item_purchase_floors":[2,2],"current_hp_per_floor":[80,80,73,79,79,45,45,65,65,54,46,46,40,40,62,44,74,58,58,58,56,56,0],"items_purged":[],"gold":272,"score":208,"play_id":"7b955d3e-f173-4b7f-afc5-0d0bb9d02f18","local_time":"20180601153237","is_prod":false,"is_daily":false,"chose_seed":false,"is_ascension_mode":false,"campfire_upgraded":0,"win_rate":0,"timestamp":1527881557,"campfire_choices":[{"floor":15,"key":"REST"}],"path_taken":["M","$","?","M","?","E","M","?","T","E","M","?","E","M","R","BOSS","M","?","?","M","?","E"],"build_version":"2018-05-31","seed_source_timestamp":14134799331429,"purchased_purges":0,"victory":false,"master_deck":["Strike_R","Strike_R","Defend_R","Defend_R","Defend_R","Bash","Rampage","Sever Soul","Armaments","Clash","Heavy Blade","True Grit","Shockwave","Armaments","Impervious","Clash","Iron Wave","Pummel","Inflame","Dark Embrace","Pummel","Writhe","Heavy Blade"],"max_hp_per_floor":[80,80,80,80,80,80,80,80,80,80,80,74,74,74,74,74,74,74,74,74,74,74,74],"relics":["Burning Blood","Spirit Poop","Letter Opener","Dream Catcher","Juzu Bracelet","Bloody Idol","Charon\u0027s Ashes","White Beast Statue","Oddly Smooth Stone"],"card_choices":[{"not_picked":["Thunderclap","Fire Breathing"],"picked":"Armaments","floor":1},{"not_picked":["Carnage","Heavy Blade"],"picked":"True Grit","floor":4},{"not_picked":["Searing Blow","Feed"],"picked":"Shockwave","floor":6},{"not_picked":["Iron Wave","Perfected Strike"],"picked":"Armaments","floor":7},{"not_picked":["Metallicize","Ghostly Armor"],"picked":"Impervious","floor":10},{"not_picked":["Uppercut","Flame Barrier"],"picked":"Clash","floor":11},{"not_picked":["Heavy Blade","Pommel Strike"],"picked":"Iron Wave","floor":13},{"not_picked":["Intimidate","Uppercut"],"picked":"Pummel","floor":14},{"not_picked":["Feel No Pain","Sword Boomerang"],"picked":"Inflame","floor":15},{"not_picked":["Barricade","Brutality"],"picked":"Dark Embrace","floor":16},{"not_picked":["Inflame","Cleave"],"picked":"Pummel","floor":18},{"not_picked":["Rupture+1","Pommel Strike"],"picked":"Heavy Blade","floor":21}],"player_experience":27398,"potions_floor_usage":[10,11,13,16,16],"damage_taken":[{"damage":0,"enemies":"2 Louse","floor":1,"turns":3},{"damage":0,"enemies":"Small Slimes","floor":4,"turns":4},{"damage":40,"enemies":"Lagavulin","floor":6,"turns":7},{"damage":6,"enemies":"Jaw Worm","floor":7,"turns":2},{"damage":17,"enemies":"Gremlin Nob","floor":10,"turns":4},{"damage":14,"enemies":"Lots of Slimes","floor":11,"turns":4},{"damage":12,"enemies":"3 Sentries","floor":13,"turns":8},{"damage":6,"enemies":"Blue Slaver","floor":14,"turns":4},{"damage":24,"enemies":"Slime Boss","floor":16,"turns":14},{"damage":22,"enemies":"Shell Parasite","floor":18,"turns":7},{"damage":13,"enemies":"Chosen","floor":21,"turns":6},{"damage":56,"enemies":"Book of Stabbing","floor":23,"turns":6}],"relics_obtained":[{"floor":6,"key":"Letter Opener"},{"floor":9,"key":"Dream Catcher"},{"floor":10,"key":"Juzu Bracelet"},{"floor":13,"key":"Charon\u0027s Ashes"}],"event_choices":[{"event_name":"Golden Wing","player_choice":"Card Removal","floor":3,"damage_taken":0},{"event_name":"Bonfire Elementals","player_choice":"CURSE","floor":5,"damage_taken":0},{"event_name":"The Cleric","player_choice":"Healed","floor":8,"damage_taken":0},{"event_name":"Golden Idol","player_choice":"Lose Max HP","floor":12,"damage_taken":0},{"event_name":"The Mausoleum","player_choice":"Yes","floor":19,"damage_taken":0},{"event_name":"Forgotten Altar","player_choice":"Gave Idol","floor":20,"damage_taken":0},{"event_name":"Back to Basics","player_choice":"Elegance","floor":22,"damage_taken":0}],"boss_relics":[{"not_picked":["Runic Cube","Black Blood"],"picked":"White Beast Statue"}],"items_purged_floors":[],"potions_floor_spawned":[6,7,10,11,13,18,21],"seed_played":"-2427557828007499156","killed_by":"Book of Stabbing","ascension_level":0,"potions_obtained":[{"floor":6,"key":"LiquidBronze"},{"floor":7,"key":"EssenceOfSteel"},{"floor":10,"key":"AttackPotion"},{"floor":11,"key":"Dexterity Potion"},{"floor":13,"key":"SneckoOil"},{"floor":18,"key":"Explosive Potion"},{"floor":21,"key":"Explosive Potion"}],"is_trial":false}