{"gold_per_floor":[365,29,29,45,64,64,64,76,127,8,35,35,35,66,66,141,141,151,151,25,25,36,36,51,51,74,74,85,114,114,146,146,146],"floor_reached":33,"playtime":909,"items_purged":["Strike_G"],"score":582,"play_id":"bd74f66b-d81c-4058-bd76-89e3b90531d2","local_time":"20190327231916","is_ascension_mode":true,"campfire_choices":[{"data":"Neutralize","floor":6,"key":"SMITH"},{"data":"Predator","floor":12,"key":"SMITH"},{"data":"Bouncing Flask","floor":15,"key":"SMITH"},{"data":"After Image","floor":23,"key":"SMITH"},{"data":"Adrenaline","floor":25,"key":"SMITH"},{"floor":30,"key":"REST"},{"floor":32,"key":"REST"}],"neow_cost":"TEN_PERCENT_HP_LOSS","seed_source_timestamp":38735073355010,"circlet_count":0,"master_deck":["AscendersBane","Defend_G","Defend_G","Defend_G","Defend_G","Defend_G","Strike_G","Strike_G","Strike_G","Survivor","Neutralize+1","Flying Knee","Predator+1","Die Die Die","Bouncing Flask+1","Backflip","Crippling Poison","Adrenaline+1","Deadly Poison","Backstab","Terror","After Image+1","Leg Sweep","PiercingWail","Deadly Poison","Poisoned Stab+1","Crippling Poison","Catalyst","PiercingWail"],"relics":["Ring of the Snake","Omamori","Lantern","Happy Flower","Sozu","Anchor","Snake Skull","Oddly Smooth Stone"],"potions_floor_usage":[3,11,14,16,22],"damage_taken":[{"damage":4,"enemies":"Small Slimes","floor":1,"turns":5},{"damage":1,"enemies":"Cultist","floor":4,"turns":4},{"damage":2,"enemies":"2 Louse","floor":5,"turns":3},{"damage":2,"enemies":"Blue Slaver","floor":8,"turns":3},{"damage":6,"enemies":"3 Sentries","floor":11,"turns":6},{"damage":8,"enemies":"Gremlin Nob","floor":14,"turns":3},{"damage":5,"enemies":"Hexaghost","floor":16,"turns":8},{"damage":10,"enemies":"Shell Parasite","floor":18,"turns":4},{"damage":0,"enemies":"Chosen","floor":22,"turns":3},{"damage":9,"enemies":"Snake Plant","floor":24,"turns":5},{"damage":0,"enemies":"Centurion and Healer","floor":28,"turns":6},{"damage":20,"enemies":"Book of Stabbing","floor":29,"turns":5},{"damage":28,"enemies":"Gremlin Leader","floor":31,"turns":5},{"damage":27,"enemies":"Automaton","floor":33,"turns":6}],"seed_played":"3520944647834188914","potions_obtained":[{"floor":3,"key":"Dexterity Potion"},{"floor":3,"key":"Fruit Juice"},{"floor":4,"key":"Ancient Potion"},{"floor":11,"key":"SteroidPotion"},{"floor":14,"key":"Dexterity Potion"}],"is_trial":false,"path_per_floor":["M","$","?","M","M","R","?","M","T","$","E","R","$","E","R","B",null,"M","?","$","?","M","R","M","R","T","?","M","E","R","E","R","B"],"character_chosen":"THE_SILENT","items_purchased":["Predator","Die Die Die","Bouncing Flask","Deadly Poison","Backstab","PiercingWail"],"campfire_rested":2,"item_purchase_floors":[2,2,2,10,10,20],"current_hp_per_floor":[55,55,60,59,57,57,50,48,48,48,42,42,42,34,34,29,56,46,46,46,46,46,46,37,37,37,37,37,17,36,8,27,0],"gold":146,"neow_bonus":"TWO_FIFTY_GOLD","is_prod":false,"is_daily":false,"chose_seed":false,"campfire_upgraded":5,"win_rate":0,"timestamp":1553753956,"path_taken":["M","$","?","M","?","R","?","M","T","$","E","R","$","E","R","BOSS","M","?","?","?","M","R","M","R","T","?","M","E","R","E","R","BOSS"],"build_version":"2019-03-15","purchased_purges":1,"victory":false,"max_hp_per_floor":[60,60,65,65,65,65,65,65,65,65,65,65,65,65,65,65,65,65,65,65,65,65,65,65,65,65,65,65,65,65,65,65,65],"card_choices":[{"not_picked":["Escape Plan","Underhanded Strike"],"picked":"Flying Knee","floor":1},{"not_picked":["Choke","Outmaneuver"],"picked":"Backflip","floor":4},{"not_picked":["Choke","Skewer"],"picked":"Crippling Poison","floor":5},{"not_picked":["Blur","Finisher"],"picked":"Adrenaline","floor":8},{"not_picked":["Dagger Throw","Heel Hook"],"picked":"Terror","floor":11},{"not_picked":["Doppelganger","Unload"],"picked":"After Image","floor":16},{"not_picked":["Cloak And Dagger","Infinite Blades"],"picked":"Deadly Poison","floor":22},{"not_picked":["Flying Knee","Dagger Throw+1"],"picked":"Poisoned Stab+1","floor":24},{"not_picked":["Endless Agony","Prepared"],"picked":"Crippling Poison","floor":28},{"not_picked":["Deflect+1","Infinite Blades"],"picked":"Catalyst","floor":29},{"not_picked":["Escape Plan","Bane"],"picked":"PiercingWail","floor":31}],"player_experience":1375385,"relics_obtained":[{"floor":9,"key":"Omamori"},{"floor":11,"key":"Lantern"},{"floor":14,"key":"Happy Flower"},{"floor":26,"key":"Anchor"},{"floor":29,"key":"Snake Skull"},{"floor":31,"key":"Oddly Smooth Stone"}],"event_choices":[{"damage_healed":0,"gold_gain":0,"player_choice":"Got Potions","damage_taken":0,"max_hp_gain":0,"max_hp_loss":0,"event_name":"Lab","floor":3,"gold_loss":0},{"cards_removed":["Strike_G"],"damage_healed":0,"gold_gain":0,"player_choice":"Card Removal","damage_taken":7,"max_hp_gain":0,"max_hp_loss":0,"event_name":"Golden Wing","floor":7,"gold_loss":0},{"damage_healed":0,"gold_gain":0,"player_choice":"1 cards matched","damage_taken":0,"max_hp_gain":0,"max_hp_loss":0,"event_name":"Match and Keep!","floor":19,"gold_loss":0,"cards_obtained":["Leg Sweep"]},{"damage_healed":0,"gold_gain":0,"player_choice":"Ignored","damage_taken":0,"max_hp_gain":0,"max_hp_loss":0,"event_name":"Beggar","floor":21,"gold_loss":0},{"damage_healed":0,"gold_gain":0,"player_choice":"Smashed Altar","damage_taken":0,"max_hp_gain":0,"max_hp_loss":0,"event_name":"Forgotten Altar","floor":27,"gold_loss":0,"cards_obtained":["Decay"]}],"is_beta":true,"boss_relics":[{"not_picked":["Philosopher\u0027s Stone","WristBlade"],"picked":"Sozu"}],"items_purged_floors":[20],"is_endless":false,"potions_floor_spawned":[4,11,14,18,24,29,31],"killed_by":"Automaton","ascension_level":20}