{"path_per_floor":["M","M","M","?","M","E","R","?","T","T","M","R","?","$","R"],"character_chosen":"THE_SILENT","items_purchased":["Kunai"],"gold_per_floor":[115,125,143,143,156,192,192,192,246,246,260,260,338,17,17,17],"floor_reached":16,"campfire_rested":2,"playtime":1525,"item_purchase_floors":[14],"current_hp_per_floor":[66,64,60,60,53,25,46,46,46,46,34,34,6,6,27,0],"items_purged":["Defend_G"],"gold":17,"score":100,"play_id":"d027c2a2-2aaf-4f48-8f34-ee49259d8652","local_time":"20180531171703","is_prod":false,"is_daily":false,"chose_seed":false,"is_ascension_mode":false,"campfire_upgraded":0,"win_rate":0.0,"timestamp":1527801423,"campfire_choices":[{"floor":7,"key":"REST"},{"floor":12,"key":"DIG"},{"floor":15,"key":"REST"}],"path_taken":["M","M","M","?","M","E","R","?","T","?","M","R","?","$","R","BOSS"],"build_version":"2018-05-24","seed_source_timestamp":29543884844588,"purchased_purges":1,"victory":false,"master_deck":["Defend_G","Defend_G","Defend_G","Defend_G","Strike_G","Strike_G","Strike_G","Strike_G","Strike_G","Survivor","Neutralize","Terror","PiercingWail","Dagger Throw","Poisoned Stab","Crippling Poison","Backstab","Dagger Spray"],"max_hp_per_floor":[70,70,70,70,70,70,70,70,70,70,70,70,70,70,70,70],"relics":["Ring of the Snake","Golden Idol","Bottled Lightning","Juzu Bracelet","Shovel","Oddly Smooth Stone","Orichalcum","Kunai"],"card_choices":[{"not_picked":["Sucker Punch","Slice"],"picked":"Terror","floor":1},{"not_picked":["Underhanded Strike","Slice"],"picked":"PiercingWail","floor":2},{"not_picked":["Predator","Expertise"],"picked":"Dagger Throw","floor":3},{"not_picked":["Deflect","Underhanded Strike"],"picked":"Poisoned Stab","floor":5},{"not_picked":["Acrobatics","PiercingWail"],"picked":"Crippling Poison","floor":6},{"not_picked":["Escape Plan","Predator"],"picked":"Backstab","floor":11},{"not_picked":["Leg Sweep","Underhanded Strike"],"picked":"Dagger Spray","floor":13}],"player_experience":9957,"potions_floor_usage":[6,6,16],"damage_taken":[{"damage":4,"enemies":"Jaw Worm","floor":1,"turns":5},{"damage":2,"enemies":"2 Louse","floor":2,"turns":3},{"damage":4,"enemies":"Cultist","floor":3,"turns":4},{"damage":7,"enemies":"Looter","floor":5,"turns":3},{"damage":28,"enemies":"3 Sentries","floor":6,"turns":9},{"damage":12,"enemies":"Blue Slaver","floor":11,"turns":3},{"damage":28,"enemies":"3 Sentries","floor":13,"turns":9},{"damage":35,"enemies":"Slime Boss","floor":16,"turns":11}],"relics_obtained":[{"floor":6,"key":"Bottled Lightning"},{"floor":9,"key":"Juzu Bracelet"},{"floor":10,"key":"Shovel"},{"floor":12,"key":"Oddly Smooth Stone"},{"floor":13,"key":"Orichalcum"}],"event_choices":[{"event_name":"Golden Idol","player_choice":"Take Wound","floor":4,"damage_taken":0},{"event_name":"Purifier","player_choice":"One Purge","floor":8,"damage_taken":0},{"event_name":"Dead Adventurer","player_choice":"Searched \u00272\u0027 times","floor":13,"damage_taken":0}],"boss_relics":[],"items_purged_floors":[14],"potions_floor_spawned":[1,5,11],"seed_played":"-3164668317081528895","killed_by":"Slime Boss","ascension_level":0,"potions_obtained":[{"floor":1,"key":"Ancient Potion"},{"floor":5,"key":"AttackPotion"},{"floor":11,"key":"GhostInAJar"}],"is_trial":false}