{"gold_per_floor":[111,111,130,55,55,55,88,88,88,132,60,60,60,81,81,206,206,206],"floor_reached":18,"playtime":364,"items_purged":["Defend_G"],"score":174,"play_id":"63519036-6318-462e-a062-1840b043900d","local_time":"20180717011030","is_ascension_mode":true,"campfire_choices":[{"data":"Neutralize","floor":6,"key":"SMITH"},{"floor":8,"key":"REST"},{"data":"Malaise","floor":15,"key":"SMITH"}],"neow_cost":"NONE","seed_source_timestamp":396379672226799,"circlet_count":0,"master_deck":["Survivor","Neutralize+1","Slice","Backflip","Terror","Malaise+1","Footwork+1","Parasite","Backflip","Adrenaline","Blade Dance","Backstab","PiercingWail","Flying Knee","Deadly Poison","Bouncing Flask","Riddle With Holes","Riddle With Holes","Prepared"],"relics":["Eternal Feather","Golden Idol","Bag of Preparation","Nunchaku","Frozen Egg 2","Blood Vial","Pandora\u0027s Box"],"potions_floor_usage":[16],"damage_taken":[{"damage":5,"enemies":"Jaw Worm","floor":1,"turns":5},{"damage":7,"enemies":"Small Slimes","floor":3,"turns":4},{"damage":22,"enemies":"Lagavulin","floor":7,"turns":9},{"damage":10,"enemies":"Gremlin Nob","floor":10,"turns":4},{"damage":0,"enemies":"Cultist","floor":14,"turns":4},{"damage":9,"enemies":"Hexaghost","floor":16,"turns":12},{"damage":0,"enemies":"Chosen","floor":18,"turns":3}],"seed_played":"-1964002402333353559","potions_obtained":[{"floor":3,"key":"Explosive Potion"},{"floor":14,"key":"Strength Potion"}],"is_trial":false,"path_per_floor":["M","?","M","$","?","R","E","R","T","E","$","?","?","M","R","B",null],"character_chosen":"THE_SILENT","items_purchased":["Footwork+1"],"campfire_rested":1,"item_purchase_floors":[11],"current_hp_per_floor":[65,65,58,58,45,49,27,50,50,40,40,56,56,58,64,56,65,65],"gold":206,"neow_bonus":"BOSS_RELIC","is_prod":false,"is_daily":false,"chose_seed":false,"campfire_upgraded":2,"win_rate":0,"timestamp":1531815030,"path_taken":["M","?","M","$","?","R","E","R","T","E","$","?","?","?","R","BOSS","M"],"build_version":"2018-07-16","purchased_purges":1,"victory":false,"max_hp_per_floor":[70,65,65,65,65,65,65,65,65,65,65,65,65,65,65,65,65,65],"card_choices":[{"not_picked":["Deflect","Poisoned Stab"],"picked":"Slice","floor":1},{"not_picked":["Heel Hook","Dodge and Roll"],"picked":"Backflip","floor":3},{"not_picked":["Deadly Poison","Outmaneuver"],"picked":"Terror","floor":7},{"not_picked":["Calculated Gamble","Well Laid Plans"],"picked":"Malaise","floor":10},{"not_picked":["Eviscerate","Poisoned Stab"],"picked":"Backflip","floor":14},{"not_picked":["Venomology","Phantasmal Killer"],"picked":"Adrenaline","floor":16}],"player_experience":682296,"relics_obtained":[{"floor":7,"key":"Bag of Preparation"},{"floor":9,"key":"Nunchaku"},{"floor":10,"key":"Frozen Egg 2"}],"event_choices":[{"event_name":"Golden Idol","player_choice":"Lose Max HP","floor":2,"damage_taken":0},{"event_name":"Shining Light","player_choice":"Entered Light","floor":5,"damage_taken":0},{"event_name":"Mushrooms","player_choice":"Healed and dodged fight","floor":12,"damage_taken":0},{"event_name":"Dead Adventurer","player_choice":"Searched \u00271\u0027 times","floor":13,"damage_taken":0}],"boss_relics":[{"not_picked":["Lizard Tail","Empty Cage"],"picked":"Pandora\u0027s Box"}],"items_purged_floors":[4],"is_endless":false,"potions_floor_spawned":[3,14],"killed_by":"Chosen","ascension_level":1}