{"gold_per_floor":[117,134,134,146,165,165,198,198,198,44,44,63,78,113,113,187,187,201,201,40,40,40,75,75,94,118,18,28,28,38,53,53,130,130,140,158,176,176,186,220,220,252,301,42,73,53,64,13,13,13,13,13,13,13,40,40],"floor_reached":57,"playtime":3387,"items_purged":["Strike_G","Strike_G","Strike_G"],"score":3069,"play_id":"e9e0a2c6-894e-4461-bfec-3b96264a3d3f","local_time":"20190320143834","is_ascension_mode":true,"campfire_choices":[{"data":"Neutralize","floor":6.0,"key":"SMITH"},{"data":"Crippling Poison","floor":8.0,"key":"SMITH"},{"data":"Footwork","floor":11.0,"key":"SMITH"},{"data":"Noxious Fumes","floor":15.0,"key":"SMITH"},{"data":"Footwork","floor":24.0,"key":"SMITH"},{"data":"Footwork","floor":29.0,"key":"SMITH"},{"data":"Cloak And Dagger","floor":32.0,"key":"SMITH"},{"floor":41.0,"key":"RECALL"}],"neow_cost":"NONE","seed_source_timestamp":19229520732842,"circlet_count":0,"master_deck":["AscendersBane","Defend_G","Defend_G","Defend_G","Defend_G","Defend_G","Strike_G","Strike_G","Survivor","Neutralize+1","Footwork+1","Crippling Poison+1","Dagger Throw","Predator","Dagger Spray","Footwork+1","Endless Agony","Sucker Punch","Noxious Fumes+1","Die Die Die","Outmaneuver","Necronomicurse","Footwork+1","Footwork+1","Footwork","Backflip","Dash","Dodge and Roll","Cloak And Dagger+1","Die Die Die","Deflect","Footwork","PiercingWail+1","Dodge and Roll+1","Prepared+1","Noxious Fumes","Footwork","PiercingWail","Predator+1","Backflip"],"special_seed":0,"relics":["Coffee Dripper","Bag of Preparation","Nunchaku","Pantograph","Ninja Scroll","Runic Pyramid","Necronomicon","Strawberry","Anchor","Fusion Hammer","Centennial Puzzle","Boot","Regal Pillow","Mummified Hand"],"potions_floor_usage":[55],"damage_taken":[{"damage":4.0,"enemies":"Jaw Worm","floor":1.0,"turns":5.0},{"damage":3.0,"enemies":"Cultist","floor":2.0,"turns":5.0},{"damage":0.0,"enemies":"2 Louse","floor":4.0,"turns":3.0},{"damage":2.0,"enemies":"Large Slime","floor":5.0,"turns":12.0},{"damage":8.0,"enemies":"Lagavulin","floor":7.0,"turns":8.0},{"damage":0.0,"enemies":"Lots of Slimes","floor":12.0,"turns":3.0},{"damage":0.0,"enemies":"Gremlin Gang","floor":13.0,"turns":4.0},{"damage":0.0,"enemies":"Gremlin Nob","floor":14.0,"turns":3.0},{"damage":22.0,"enemies":"Slime Boss","floor":16.0,"turns":8.0},{"damage":3.0,"enemies":"Shell Parasite","floor":18.0,"turns":5.0},{"damage":20.0,"enemies":"Book of Stabbing","floor":23.0,"turns":6.0},{"damage":0.0,"enemies":"Chosen","floor":25.0,"turns":5.0},{"damage":0.0,"enemies":"Snecko","floor":28.0,"turns":7.0},{"damage":5.0,"enemies":"3 Cultists","floor":30.0,"turns":5.0},{"damage":0.0,"enemies":"Centurion and Healer","floor":31.0,"turns":6.0},{"damage":0.0,"enemies":"Automaton","floor":33.0,"turns":13.0},{"damage":0.0,"enemies":"Orb Walker","floor":35.0,"turns":3.0},{"damage":0.0,"enemies":"3 Darklings","floor":36.0,"turns":5.0},{"damage":0.0,"enemies":"4 Shapes","floor":37.0,"turns":4.0},{"damage":1.0,"enemies":"Jaw Worm Horde","floor":39.0,"turns":5.0},{"damage":30.0,"enemies":"Reptomancer","floor":40.0,"turns":9.0},{"damage":0.0,"enemies":"Giant Head","floor":42.0,"turns":16.0},{"damage":0.0,"enemies":"Reptomancer","floor":45.0,"turns":7.0},{"damage":0.0,"enemies":"Transient","floor":47.0,"turns":6.0},{"damage":4.0,"enemies":"Time Eater","floor":50.0,"turns":18.0},{"damage":0.0,"enemies":"Donu and Deca","floor":51.0,"turns":13.0},{"damage":13,"enemies":"Shield and Spear","floor":55,"turns":12},{"damage":36,"enemies":"The Heart","floor":56,"turns":15}],"seed_played":"4526258784469642056","potions_obtained":[{"floor":1.0,"key":"Energy Potion"},{"floor":2.0,"key":"SteroidPotion"},{"floor":14.0,"key":"Weak Potion"},{"floor":16.0,"key":"GamblersBrew"},{"floor":25.0,"key":"Energy Potion"},{"floor":31.0,"key":"LiquidBronze"},{"floor":37.0,"key":"PowerPotion"},{"floor":40.0,"key":"Poison Potion"},{"floor":42.0,"key":"Explosive Potion"},{"floor":45.0,"key":"GamblersBrew"},{"floor":46.0,"key":"GhostInAJar"},{"floor":55,"key":"Weak Potion"}],"is_trial":false,"path_per_floor":["M","M","?","M","M","R","E","R","T","$","R","M","M","E","R","B",null,"M","?","$","?","$","E","R","M","T","$","M","R","M","M","R","B",null,"M","M","M","?","M","E","R","E","T","$","E","?","M","$","R","B","B",null,"R","$","E","B",null],"character_chosen":"THE_SILENT","items_purchased":["Footwork","Endless Agony","Footwork","Footwork","PiercingWail","Backflip"],"campfire_rested":0,"item_purchase_floors":[10,10,20,44,44,48],"current_hp_per_floor":[55,52,52,52,50,50,42,42,42,42,42,42,42,42,42,44,61,58,37,37,37,37,24,24,24,24,24,24,24,19,19,19,44,66,66,66,66,66,65,35,35,35,35,35,35,35,35,35,35,56,73,73,73,73,60,37],"gold":40,"neow_bonus":"BOSS_RELIC","is_prod":false,"is_daily":false,"chose_seed":false,"campfire_upgraded":7,"win_rate":0,"timestamp":1553117914,"path_taken":["M","M","?","?","M","R","E","R","T","$","R","M","M","E","R","BOSS","M","?","$","?","$","E","R","M","T","$","M","R","M","?","R","BOSS","M","M","?","?","M","E","R","E","T","$","E","?","?","$","R","BOSS","BOSS","R","$","E","BOSS"],"build_version":"2019-03-15","purchased_purges":3,"victory":true,"max_hp_per_floor":[66,66,66,66,66,66,66,66,66,66,66,66,66,66,66,66,66,66,66,66,66,66,73,73,73,73,73,73,73,73,73,73,73,73,73,73,73,73,73,73,73,73,73,73,73,73,73,73,73,73,73,73,73,73,73,73],"card_choices":[{"not_picked":["Dagger Spray","Riddle With Holes"],"picked":"Footwork","floor":1.0},{"not_picked":["Flechettes","Endless Agony"],"picked":"Crippling Poison","floor":2.0},{"not_picked":["Distraction","Reflex"],"picked":"Dagger Throw","floor":4.0},{"not_picked":["Caltrops","Backflip"],"picked":"Predator","floor":5.0},{"not_picked":["Dagger Throw","Escape Plan"],"picked":"Dagger Spray","floor":7.0},{"not_picked":["Blade Dance","Eviscerate"],"picked":"Sucker Punch","floor":12.0},{"not_picked":["Cloak And Dagger","Infinite Blades"],"picked":"Noxious Fumes","floor":13.0},{"not_picked":["Bane","Reflex"],"picked":"Crippling Poison","floor":14.0},{"not_picked":["Doppelganger","Grand Finale"],"picked":"Die Die Die","floor":16.0},{"not_picked":["Slice","Cloak And Dagger"],"picked":"Outmaneuver","floor":18.0},{"not_picked":["Choke","Poisoned Stab"],"picked":"Footwork","floor":23.0},{"not_picked":["Choke","Crippling Poison"],"picked":"Backflip","floor":25.0},{"not_picked":["Dodge and Roll","Prepared"],"picked":"Dash","floor":28.0},{"not_picked":["Expertise","Backstab"],"picked":"Dodge and Roll","floor":30.0},{"not_picked":["Sucker Punch","Eviscerate+1"],"picked":"Cloak And Dagger","floor":31.0},{"not_picked":["Glass Knife","Tools of the Trade"],"picked":"Die Die Die","floor":33.0},{"not_picked":["Flechettes+1","Quick Slash"],"picked":"Deflect","floor":35.0},{"not_picked":["Finisher","PiercingWail"],"picked":"Footwork","floor":36.0},{"not_picked":["Heel Hook","Poisoned Stab"],"picked":"PiercingWail+1","floor":37.0},{"not_picked":["Caltrops","All Out Attack"],"picked":"Dodge and Roll+1","floor":39.0},{"not_picked":["Acrobatics+1","Poisoned Stab"],"picked":"Prepared+1","floor":40.0},{"not_picked":["Prepared","Dagger Spray"],"picked":"Noxious Fumes","floor":42.0},{"not_picked":["Deadly Poison","Quick Slash"],"picked":"Predator+1","floor":45.0},{"not_picked":["Quick Slash","Underhanded Strike","Predator+1"],"picked":"SKIP","floor":47.0},{"not_picked":["Deadly Poison","Slice","Phantasmal Killer"],"picked":"SKIP","floor":55}],"player_experience":1331760,"relics_obtained":[{"floor":7.0,"key":"Nunchaku"},{"floor":9.0,"key":"Pantograph"},{"floor":14.0,"key":"Ninja Scroll"},{"floor":19.0,"key":"Necronomicon"},{"floor":23.0,"key":"Strawberry"},{"floor":26.0,"key":"Anchor"},{"floor":40.0,"key":"Centennial Puzzle"},{"floor":42.0,"key":"Boot"},{"floor":45.0,"key":"Regal Pillow"},{"floor":55,"key":"Mummified Hand"}],"event_choices":[{"damage_healed":0.0,"max_hp_gain":0.0,"max_hp_loss":0.0,"gold_gain":0.0,"event_name":"WeMeetAgain","player_choice":"Gave Potion","floor":3.0,"gold_loss":0.0,"damage_taken":0.0,"relics_obtained":["Bag of Preparation"]},{"damage_healed":0.0,"max_hp_gain":0.0,"max_hp_loss":0.0,"gold_gain":0.0,"event_name":"Cursed Tome","player_choice":"Obtained Book","floor":19.0,"gold_loss":0.0,"damage_taken":21.0},{"damage_healed":0.0,"max_hp_gain":0.0,"max_hp_loss":0.0,"gold_gain":0.0,"event_name":"Duplicator","player_choice":"Copied","floor":21.0,"gold_loss":0.0,"damage_taken":0.0,"cards_obtained":["Footwork"]},{"cards_removed":["Crippling Poison"],"damage_healed":0.0,"max_hp_gain":0.0,"max_hp_loss":0.0,"gold_gain":0.0,"event_name":"Falling","player_choice":"Removed Skill","floor":38.0,"gold_loss":0.0,"damage_taken":0.0},{"damage_healed":0.0,"max_hp_gain":0.0,"max_hp_loss":0.0,"gold_gain":0.0,"event_name":"The Woman in Blue","player_choice":"Bought 1 Potion","floor":46.0,"gold_loss":0.0,"damage_taken":0.0}],"is_beta":true,"boss_relics":[{"not_picked":["Runic Dome","Tiny House"],"picked":"Runic Pyramid"},{"not_picked":["Calling Bell","Eternal Feather"],"picked":"Fusion Hammer"}],"items_purged_floors":[20,27,44],"is_endless":false,"potions_floor_spawned":[1,2,14,16,25,28,31,37,40,42,45,55],"ascension_level":20}