{"gold_per_floor":[111,127,127,176,176,176,201,215,215,248,248,263,263,290,290,368,368,384,2,20,20,33,33,65,45,45,45,65,65,65,92,92,168,168,179,179,189,51,69,69,101,101,124,154,165,177,196,70,70,70,70],"floor_reached":52,"playtime":2293,"items_purged":["Strike_B"],"score":1986,"play_id":"151d5846-5e34-42c1-9595-a10e957ca079","local_time":"20190412191634","is_ascension_mode":true,"campfire_choices":[{"data":"Dualcast","floor":6.0,"key":"SMITH"},{"data":"Genetic Algorithm","floor":11.0,"key":"SMITH"},{"floor":13.0,"key":"REST"},{"data":"Cold Snap","floor":15.0,"key":"SMITH"},{"floor":23.0,"key":"REST"},{"floor":27.0,"key":"REST"},{"floor":30.0,"key":"REST"},{"data":"Buffer","floor":32.0,"key":"SMITH"},{"data":"Buffer","floor":40.0,"key":"SMITH"},{"data":"Coolheaded","floor":42.0,"key":"SMITH"},{"data":"Hologram","floor":49.0,"key":"SMITH"}],"neow_cost":"NONE","seed_source_timestamp":5650458245226,"circlet_count":0,"master_deck":["AscendersBane","Strike_B","Defend_B","Defend_B","Defend_B","Defend_B","Zap+1","Dualcast+1","Gash","Rebound","Rebound","Genetic Algorithm+1","Cold Snap","Cold Snap+1","Echo Form","Leap","Coolheaded+1","Capacitor","The Bomb","Ball Lightning","Beam Cell+1","Conserve Battery","Self Repair","Buffer+1","White Noise+1","Capacitor","Buffer+1","Go for the Eyes+1","Sunder","All For One","Glacier","Hello World","Stack","Hologram+1"],"special_seed":0,"relics":["Cracked Core","NeowsBlessing","Vajra","Bag of Preparation","Pear","DataDisk","Mummified Hand","Sozu","Omamori","Mercury Hourglass","Pen Nib","Cursed Key","Tiny Chest","Singing Bowl","Lantern","Ornamental Fan"],"potions_floor_usage":[],"damage_taken":[{"damage":0.0,"enemies":"Jaw Worm","floor":1.0,"turns":1.0},{"damage":0.0,"enemies":"Small Slimes","floor":2.0,"turns":1.0},{"damage":0.0,"enemies":"3 Sentries","floor":7.0,"turns":1.0},{"damage":0.0,"enemies":"Cultist","floor":8.0,"turns":2.0},{"damage":25.0,"enemies":"Lagavulin","floor":10.0,"turns":4.0},{"damage":12.0,"enemies":"Exordium Wildlife","floor":12.0,"turns":3.0},{"damage":19.0,"enemies":"3 Sentries","floor":14.0,"turns":6.0},{"damage":20.0,"enemies":"Slime Boss","floor":16.0,"turns":12.0},{"damage":17.0,"enemies":"Shell Parasite","floor":18.0,"turns":4.0},{"damage":4.0,"enemies":"3 Byrds","floor":20.0,"turns":5.0},{"damage":30.0,"enemies":"Shelled Parasite and Fungi","floor":22.0,"turns":5.0},{"damage":32.0,"enemies":"Gremlin Leader","floor":24.0,"turns":5.0},{"damage":0.0,"enemies":"Sentry and Sphere","floor":28.0,"turns":6.0},{"damage":11.0,"enemies":"Slavers","floor":31.0,"turns":5.0},{"damage":15.0,"enemies":"Champ","floor":33.0,"turns":9.0},{"damage":0.0,"enemies":"Orb Walker","floor":35.0,"turns":3.0},{"damage":6.0,"enemies":"3 Shapes","floor":37.0,"turns":3.0},{"damage":20.0,"enemies":"Transient","floor":39.0,"turns":6.0},{"damage":9.0,"enemies":"Nemesis","floor":41.0,"turns":7.0},{"damage":0.0,"enemies":"Giant Head","floor":44.0,"turns":7.0},{"damage":0.0,"enemies":"Writhing Mass","floor":45.0,"turns":4.0},{"damage":0.0,"enemies":"Sphere and 2 Shapes","floor":46.0,"turns":5.0},{"damage":0.0,"enemies":"Jaw Worm Horde","floor":47.0,"turns":4.0},{"damage":37,"enemies":"Time Eater","floor":50,"turns":16},{"damage":49,"enemies":"Awakened One","floor":51,"turns":19}],"seed_played":"3015336855447836329","potions_obtained":[{"floor":2.0,"key":"Fire Potion"},{"floor":8.0,"key":"Explosive Potion"},{"floor":10.0,"key":"Regen Potion"},{"floor":14.0,"key":"GamblersBrew"}],"is_trial":false,"path_per_floor":["M","M","?","T","?","R","E","M","T","E","R","M","R","E","R","B",null,"M","$","M","?","M","R","E","?","T","R","M","?","R","E","R","B",null,"M","?","M","$","M","R","E","R","T","E","M","M","M","$","R","B","B",null],"character_chosen":"DEFECT","items_purchased":["Coolheaded","Capacitor","The Bomb","Ball Lightning","Tiny Chest","Hologram"],"campfire_rested":4,"item_purchase_floors":[19,19,19,19,38,48],"current_hp_per_floor":[64,64,64,64,57,57,57,57,67,42,42,30,54,50,50,30,68,51,51,47,47,17,41,16,16,16,40,47,47,71,67,67,66,77,81,81,81,81,75,75,80,80,80,81,83,83,83,83,83,60,25],"gold":70,"neow_bonus":"THREE_ENEMY_KILL","is_prod":false,"is_daily":false,"chose_seed":false,"campfire_upgraded":7,"win_rate":0,"timestamp":1555121794,"path_taken":["M","M","?","?","?","R","E","M","T","E","R","M","R","E","R","BOSS","M","$","M","?","M","R","E","?","T","R","?","?","R","E","R","BOSS","M","?","M","$","M","R","E","R","T","E","M","M","M","$","R","BOSS","BOSS"],"build_version":"2019-04-04","purchased_purges":1,"victory":true,"max_hp_per_floor":[71,71,71,71,71,71,71,71,81,81,81,81,81,81,81,81,81,81,81,81,81,81,81,81,81,81,81,81,81,81,81,81,81,81,81,81,81,81,81,81,81,81,81,81,83,83,83,83,83,83,83],"card_choices":[{"not_picked":["Leap","Reinforced Body"],"picked":"Gash","floor":1.0},{"not_picked":["Rip and Tear","Streamline"],"picked":"Rebound","floor":2.0},{"not_picked":["Go for the Eyes","Skim"],"picked":"Rebound","floor":7.0},{"not_picked":["Lockon","Skim"],"picked":"Genetic Algorithm","floor":10.0},{"not_picked":["Stack","Reprogram"],"picked":"Cold Snap","floor":12.0},{"not_picked":["Beam Cell","Undo"],"picked":"Cold Snap","floor":14.0},{"not_picked":["Hyperbeam","Buffer"],"picked":"Echo Form","floor":16.0},{"not_picked":["Sweeping Beam","Tempest"],"picked":"Leap","floor":18.0},{"not_picked":["Redo","Static Discharge"],"picked":"Beam Cell+1","floor":20.0},{"not_picked":["Beam Cell","Consume"],"picked":"Self Repair","floor":22.0},{"not_picked":["Ball Lightning","Hologram"],"picked":"Buffer","floor":24.0},{"not_picked":["Conserve Battery","Sweeping Beam"],"picked":"White Noise+1","floor":28.0},{"not_picked":["Turbo","Barrage"],"picked":"Capacitor","floor":31.0},{"not_picked":["Thunder Strike","Echo Form"],"picked":"Buffer","floor":33.0},{"not_picked":["Steam Power","Darkness"],"picked":"Go for the Eyes+1","floor":35.0},{"not_picked":["Ball Lightning+1","Tempest+1"],"picked":"Sunder","floor":37.0},{"not_picked":["Chill","Hologram"],"picked":"All For One","floor":41.0},{"not_picked":["Coolheaded+1","Beam Cell"],"picked":"Glacier","floor":44.0},{"not_picked":["Blizzard","Gash","Rip and Tear+1"],"picked":"Singing Bowl","floor":45.0},{"not_picked":["Storm","Rebound"],"picked":"Hello World","floor":46.0},{"not_picked":["Coolheaded","Cold Snap"],"picked":"Stack","floor":47.0}],"player_experience":1413284,"relics_obtained":[{"floor":4.0,"key":"Vajra"},{"floor":7.0,"key":"Bag of Preparation"},{"floor":9.0,"key":"Pear"},{"floor":10.0,"key":"DataDisk"},{"floor":14.0,"key":"Mummified Hand"},{"floor":24.0,"key":"Omamori"},{"floor":26.0,"key":"Mercury Hourglass"},{"floor":31.0,"key":"Pen Nib"},{"floor":41.0,"key":"Singing Bowl"},{"floor":43.0,"key":"Lantern"},{"floor":44.0,"key":"Ornamental Fan"}],"event_choices":[{"damage_healed":0.0,"max_hp_gain":0.0,"max_hp_loss":0.0,"gold_gain":0.0,"event_name":"Living Wall","player_choice":"Grow","floor":3.0,"gold_loss":0.0,"damage_taken":0.0,"cards_upgraded":["Zap"]},{"cards_removed":["Strike_B"],"damage_healed":0.0,"max_hp_gain":0.0,"max_hp_loss":0.0,"gold_gain":0.0,"event_name":"Golden Wing","player_choice":"Card Removal","floor":5.0,"gold_loss":0.0,"damage_taken":7.0},{"damage_healed":0.0,"max_hp_gain":0.0,"max_hp_loss":0.0,"gold_gain":0.0,"event_name":"The Library","player_choice":"Read","floor":21.0,"gold_loss":0.0,"damage_taken":0.0,"cards_obtained":["Conserve Battery"]},{"damage_healed":0.0,"max_hp_gain":0.0,"max_hp_loss":0.0,"gold_gain":0.0,"event_name":"The Woman in Blue","player_choice":"Bought 1 Potion","floor":25.0,"gold_loss":0.0,"damage_taken":0.0},{"cards_removed":["Strike_B"],"damage_healed":0.0,"max_hp_gain":0.0,"max_hp_loss":0.0,"gold_gain":0.0,"event_name":"Bonfire Elementals","player_choice":"Offered Basic","floor":29.0,"gold_loss":0.0,"damage_taken":0.0},{"damage_healed":0.0,"max_hp_gain":0.0,"max_hp_loss":0.0,"gold_gain":0.0,"event_name":"Tomb of Lord Red Mask","player_choice":"Ignored","floor":36.0,"gold_loss":0.0,"damage_taken":0.0}],"is_beta":true,"boss_relics":[{"not_picked":["FrozenCore","Calling Bell"],"picked":"Sozu"},{"not_picked":["Fusion Hammer","Velvet Choker"],"picked":"Cursed Key"}],"items_purged_floors":[48],"is_endless":false,"potions_floor_spawned":[2,8,10,14,18,22,41,44,45],"ascension_level":20}