{"gold_per_floor":[111,2,22,22,22,22,39,64,137,172,187,214,214,233,233,329,329,346,363,363,108,108,133,133,143,143,156,180,180,200,231,231,336,336,356,356,130,142,6,32,32,32,56,72,72,88,108,108,108,108],"floor_reached":51,"playtime":2158,"items_purged":["Regret","Strike_R","Defend_R"],"score":1078,"play_id":"336f2620-69cb-4cec-988a-b3038ec6bd72","local_time":"20190827235611","is_ascension_mode":true,"campfire_choices":[{"data":"Bash","floor":6,"key":"SMITH"},{"data":"Body Slam","floor":15,"key":"SMITH"},{"data":"Juggernaut","floor":24,"key":"SMITH"},{"floor":29,"key":"REST"},{"data":"Impervious","floor":32,"key":"SMITH"},{"data":"Juggernaut","floor":41,"key":"SMITH"},{"floor":49,"key":"REST"}],"neow_cost":"CURSE","seed_source_timestamp":644800185745700,"circlet_count":0,"master_deck":["AscendersBane","Strike_R+1","Defend_R","Defend_R","Bash+1","Clothesline","Iron Wave","Infernal Blade","Battle Trance","Iron Wave","Juggernaut+1","Body Slam+1","Power Through","Entrench","Pommel Strike","Juggernaut+1","Impervious+1","Shrug It Off","Body Slam+1","Headbutt+1","Evolve","Shrug It Off","Dark Shackles","Inflame","Clash"],"relics":["Burning Blood","Red Skull","Letter Opener","Strawberry","Sundial","Blue Candle","Busted Crown","Centennial Puzzle","Torii","Mummified Hand","Whetstone","Bag of Marbles","Velvet Choker","Shuriken","Anchor","Lantern"],"potions_floor_usage":[8,16,23,23,31,33,50,50,50],"damage_taken":[{"damage":8,"enemies":"Jaw Worm","floor":1,"turns":5},{"damage":0,"enemies":"Cultist","floor":3,"turns":3},{"damage":0,"enemies":"Small Slimes","floor":7,"turns":3},{"damage":13,"enemies":"Gremlin Nob","floor":8,"turns":3},{"damage":20,"enemies":"3 Sentries","floor":10,"turns":8},{"damage":10,"enemies":"Exordium Wildlife","floor":11,"turns":5},{"damage":17,"enemies":"Lagavulin","floor":12,"turns":8},{"damage":4,"enemies":"Blue Slaver","floor":14,"turns":3},{"damage":54,"enemies":"Slime Boss","floor":16,"turns":10},{"damage":0,"enemies":"Spheric Guardian","floor":18,"turns":4},{"damage":25,"enemies":"Shell Parasite","floor":19,"turns":6},{"damage":17,"enemies":"Book of Stabbing","floor":23,"turns":5},{"damage":17,"enemies":"Snake Plant","floor":25,"turns":3},{"damage":8,"enemies":"Snecko","floor":27,"turns":4},{"damage":0,"enemies":"Chosen and Byrds","floor":30,"turns":4},{"damage":10,"enemies":"Gremlin Leader","floor":31,"turns":5},{"damage":41,"enemies":"Collector","floor":33,"turns":7},{"damage":0,"enemies":"Orb Walker","floor":35,"turns":3},{"damage":1,"enemies":"3 Shapes","floor":38,"turns":3},{"damage":21,"enemies":"Giant Head","floor":40,"turns":7},{"damage":8,"enemies":"Writhing Mass","floor":44,"turns":5},{"damage":9,"enemies":"4 Shapes","floor":46,"turns":5},{"damage":26,"enemies":"Transient","floor":47,"turns":5},{"damage":55,"enemies":"Time Eater","floor":50,"turns":10}],"seed_played":"-3113761553244893379","potions_obtained":[{"floor":1,"key":"Regen Potion"},{"floor":3,"key":"Poison Potion"},{"floor":10,"key":"Explosive Potion"},{"floor":16,"key":"BloodPotion"},{"floor":19,"key":"SpeedPotion"},{"floor":27,"key":"SpeedPotion"},{"floor":30,"key":"FearPotion"},{"floor":33,"key":"Energy Potion"},{"floor":35,"key":"Explosive Potion"},{"floor":38,"key":"AttackPotion"},{"floor":40,"key":"AttackPotion"}],"is_trial":false,"path_per_floor":["M","$","M","?","$","R","M","E","T","E","M","E","T","M","R","B",null,"M","M","?","$","?","E","R","M","T","M","T","R","M","E","R","B",null,"M","?","$","M","$","E","R","?","T","M","T","M","M","?","R","B",null],"character_chosen":"IRONCLAD","items_purchased":["Battle Trance","Centennial Puzzle","Evolve","Shrug It Off","Dark Shackles","Inflame"],"campfire_rested":2,"item_purchase_floors":[2,21,37,37,39,39],"current_hp_per_floor":[70,70,76,76,76,76,80,73,73,66,62,51,51,53,53,20,70,76,57,57,57,40,52,52,41,41,39,39,66,72,68,68,33,77,83,83,83,88,88,73,73,73,73,71,71,68,48,48,75,26],"gold":108,"neow_bonus":"TRANSFORM_TWO_CARDS","is_prod":false,"is_daily":false,"chose_seed":false,"campfire_upgraded":5,"win_rate":0,"timestamp":1566917771,"path_taken":["M","$","M","?","?","R","M","E","T","E","?","E","?","M","R","BOSS","M","?","?","$","?","E","R","M","T","M","?","R","M","E","R","BOSS","M","?","$","M","$","E","R","?","T","?","?","M","M","?","R","BOSS"],"build_version":"2019-07-17","purchased_purges":3,"victory":true,"max_hp_per_floor":[80,80,80,80,80,80,80,80,80,87,87,87,87,87,87,87,87,87,87,87,87,92,92,92,92,92,92,92,92,92,92,92,92,92,92,92,92,92,92,92,92,92,92,92,92,92,92,92,92,92],"card_choices":[{"not_picked":["Havoc","True Grit"],"picked":"Infernal Blade","floor":1},{"not_picked":["Havoc","Twin Strike"],"picked":"Iron Wave","floor":3},{"not_picked":["Armaments","Shrug It Off"],"picked":"Juggernaut","floor":7},{"not_picked":["Entrench","Wild Strike"],"picked":"Body Slam","floor":8},{"not_picked":["Perfected Strike","Body Slam"],"picked":"Power Through","floor":10},{"not_picked":["Flex","Clash"],"picked":"Entrench","floor":11},{"not_picked":["Heavy Blade","Perfected Strike"],"picked":"Pommel Strike","floor":12},{"not_picked":["Sentinel","Pummel"],"picked":"Juggernaut","floor":14},{"not_picked":["Double Tap","Feed"],"picked":"Impervious","floor":16},{"not_picked":["Spot Weakness"],"picked":"SKIP","floor":18},{"not_picked":[],"picked":"Shrug It Off","floor":19},{"not_picked":["Burning Pact+1"],"picked":"SKIP","floor":23},{"not_picked":[],"picked":"Body Slam","floor":25},{"not_picked":[],"picked":"Headbutt+1","floor":27},{"not_picked":[],"picked":"Warcry+1","floor":30},{"not_picked":["Fire Breathing"],"picked":"SKIP","floor":31},{"not_picked":["Thunderclap"],"picked":"SKIP","floor":35},{"not_picked":["Twin Strike+1"],"picked":"SKIP","floor":38},{"not_picked":["Reckless Charge+1"],"picked":"SKIP","floor":40},{"not_picked":["Searing Blow"],"picked":"SKIP","floor":44},{"not_picked":["Sword Boomerang+1"],"picked":"SKIP","floor":46},{"not_picked":["Intimidate"],"picked":"SKIP","floor":47}],"player_experience":268829,"relics_obtained":[{"floor":8,"key":"Red Skull"},{"floor":9,"key":"Letter Opener"},{"floor":10,"key":"Strawberry"},{"floor":12,"key":"Sundial"},{"floor":13,"key":"Blue Candle"},{"floor":23,"key":"Torii"},{"floor":26,"key":"Mummified Hand"},{"floor":28,"key":"Whetstone"},{"floor":31,"key":"Bag of Marbles"},{"floor":40,"key":"Shuriken"},{"floor":43,"key":"Anchor"},{"floor":45,"key":"Lantern"}],"event_choices":[{"cards_removed":["Strike_R"],"damage_healed":0,"gold_gain":0,"player_choice":"Offered Basic","damage_taken":0,"max_hp_gain":0,"max_hp_loss":0,"event_name":"Bonfire Elementals","floor":4,"gold_loss":0},{"damage_healed":0,"gold_gain":0,"player_choice":"Ignored","damage_taken":0,"max_hp_gain":0,"max_hp_loss":0,"event_name":"Vampires","floor":20,"gold_loss":0},{"damage_healed":0,"gold_gain":0,"player_choice":"Shed Blood","damage_taken":22,"max_hp_gain":5,"max_hp_loss":0,"event_name":"Forgotten Altar","floor":22,"gold_loss":0},{"cards_removed":["Warcry"],"damage_healed":0,"gold_gain":0,"player_choice":"Removed Skill","damage_taken":0,"max_hp_gain":0,"max_hp_loss":0,"event_name":"Falling","floor":36,"gold_loss":0},{"damage_healed":0,"gold_gain":0,"cards_transformed":["Defend_R"],"player_choice":"Transformed","damage_taken":0,"max_hp_gain":0,"max_hp_loss":0,"event_name":"Transmorgrifier","floor":42,"gold_loss":0,"cards_obtained":["Clash"]},{"damage_healed":0,"gold_gain":0,"player_choice":"Ignored","damage_taken":0,"max_hp_gain":0,"max_hp_loss":0,"event_name":"Mysterious Sphere","floor":48,"gold_loss":0}],"is_beta":false,"boss_relics":[{"not_picked":["Mark of Pain","Philosopher\u0027s Stone"],"picked":"Busted Crown"},{"not_picked":["Cursed Key","Sozu"],"picked":"Velvet Choker"}],"items_purged_floors":[2,21,37],"is_endless":false,"potions_floor_spawned":[1,3,10,16,19,27,30,33,35,38,40],"ascension_level":10}