{"gold_per_floor":[116,42,42,42,58,58,89,49,49,60,72,72,85,96,96,191,191,202,215,95,95],"floor_reached":21,"playtime":314,"items_purged":["Strike_B"],"score":281,"play_id":"4439d08d-2570-40a1-826c-6bfa71d53a58","local_time":"20181214153050","is_ascension_mode":false,"campfire_choices":[{"data":"Sunder","floor":6,"key":"SMITH"},{"floor":15,"key":"DIG"}],"neow_cost":"NONE","seed_source_timestamp":497521777178891,"circlet_count":0,"master_deck":["Strike_B","Strike_B","Defend_B","Defend_B","Defend_B","Defend_B","Zap","Dualcast","Go for the Eyes","Sunder+1","Go for the Eyes","Gash","FTL","Steam","Gash","Gash","Echo Form","Go for the Eyes","Go for the Eyes","Go for the Eyes","Go for the Eyes","Scrape","Beam Cell"],"relics":["Cracked Core","NeowsBlessing","Boot","Shovel","Dream Catcher","Orrery"],"potions_floor_usage":[16,16],"damage_taken":[{"damage":0,"enemies":"Jaw Worm","floor":1,"turns":1},{"damage":0,"enemies":"Cultist","floor":5,"turns":1},{"damage":0,"enemies":"Lagavulin","floor":7,"turns":1},{"damage":0,"enemies":"Small Slimes","floor":10,"turns":2},{"damage":0,"enemies":"Red Slaver","floor":11,"turns":2},{"damage":0,"enemies":"2 Fungi Beasts","floor":13,"turns":1},{"damage":7,"enemies":"Large Slime","floor":14,"turns":3},{"damage":0,"enemies":"Slime Boss","floor":16,"turns":4},{"damage":10,"enemies":"Spheric Guardian","floor":18,"turns":3},{"damage":15,"enemies":"Shell Parasite","floor":19,"turns":5},{"damage":15,"enemies":"Shelled Parasite and Fungi","floor":21,"turns":3}],"seed_played":"6606109877481426095","potions_obtained":[{"floor":1,"key":"Strength Potion"},{"floor":13,"key":"SneckoOil"},{"floor":14,"key":"PowerPotion"},{"floor":16,"key":"Explosive Potion"}],"is_trial":false,"path_per_floor":["M","$","?","?","M","R","E","$","T","M","M","?","M","M","R","B",null,"M","M","$","M"],"character_chosen":"DEFECT","items_purchased":["Sunder","FTL","Beam Cell"],"campfire_rested":0,"item_purchase_floors":[2,8,20],"current_hp_per_floor":[75,75,75,68,68,68,68,68,68,68,68,68,68,61,61,61,75,65,50,50,35],"gold":95,"neow_bonus":"THREE_ENEMY_KILL","is_prod":false,"is_daily":false,"chose_seed":false,"campfire_upgraded":1,"win_rate":0,"timestamp":1544830250,"path_taken":["M","$","?","?","?","R","E","$","T","?","M","?","M","?","R","BOSS","M","M","$","M"],"build_version":"2018-12-13","purchased_purges":1,"victory":false,"max_hp_per_floor":[75,75,75,75,75,75,75,75,75,75,75,75,75,75,75,75,75,75,75,75,75],"card_choices":[{"not_picked":["Double Energy","Compile Driver"],"picked":"Go for the Eyes","floor":1},{"not_picked":["Aggregate","Stack"],"picked":"Go for the Eyes","floor":5},{"not_picked":["Steam","Barrage"],"picked":"Gash","floor":7},{"not_picked":["Sweeping Beam","Leap"],"picked":"Steam","floor":10},{"not_picked":["Recycle","Core Surge"],"picked":"Gash","floor":11},{"not_picked":["Force Field","Conserve Battery"],"picked":"Gash","floor":14},{"not_picked":["Multi-Cast","Rainbow"],"picked":"Echo Form","floor":16},{"not_picked":["Hello World","Compile Driver"],"picked":"Go for the Eyes","floor":17},{"not_picked":["Stack","Rebound"],"picked":"Go for the Eyes","floor":17},{"not_picked":["Redo","Force Field"],"picked":"Go for the Eyes","floor":17},{"not_picked":["Gash","Leap"],"picked":"Go for the Eyes","floor":17},{"not_picked":["Aggregate+1","Coolheaded"],"picked":"Scrape","floor":19}],"player_experience":993694,"relics_obtained":[{"floor":7,"key":"Boot"},{"floor":9,"key":"Shovel"},{"floor":15,"key":"Dream Catcher"}],"event_choices":[{"damage_healed":0,"gold_gain":0,"player_choice":"Leave","damage_taken":0,"max_hp_gain":0,"max_hp_loss":0,"event_name":"The Cleric","floor":3,"gold_loss":0},{"cards_removed":["Strike_B"],"damage_healed":0,"gold_gain":0,"player_choice":"Card Removal","damage_taken":7,"max_hp_gain":0,"max_hp_loss":0,"event_name":"Golden Wing","floor":4,"gold_loss":0},{"damage_healed":0,"gold_gain":0,"player_choice":"Bought 0 Potions","damage_taken":0,"max_hp_gain":0,"max_hp_loss":0,"event_name":"The Woman in Blue","floor":12,"gold_loss":0}],"is_beta":true,"boss_relics":[{"not_picked":["Astrolabe","Pandora\u0027s Box"],"picked":"Orrery"}],"items_purged_floors":[20],"is_endless":false,"potions_floor_spawned":[1,13,14,16],"killed_by":"Shelled Parasite and Fungi","ascension_level":0}