{"gold_per_floor":[115,125,145,145,166,166,207,207,233,233,70,70,85,101,101,199,199,212,212,235,235,7,7,47,0,0,0],"floor_reached":27,"playtime":823,"items_purged":["Strike_B"],"score":393,"play_id":"ae4f29ce-7f20-4585-af54-60fd0e6b0fab","local_time":"20190818163733","is_ascension_mode":true,"campfire_choices":[{"data":"Streamline","floor":6,"key":"SMITH"},{"floor":10,"key":"REST"},{"data":"Go for the Eyes","floor":12,"key":"SMITH"},{"data":"Beam Cell","floor":15,"key":"SMITH"},{"data":"Consume","floor":23,"key":"SMITH"}],"neow_cost":"NONE","seed_source_timestamp":243170443692900,"circlet_count":0,"master_deck":["AscendersBane","Strike_B","Strike_B+1","Defend_B+1","Defend_B","Defend_B","Defend_B","Zap+1","Dualcast","Rebound","Streamline+1","Reinforced Body","Go for the Eyes","Conserve Battery","Beam Cell+1","Go for the Eyes+1","Bandage Up","Compile Driver+1","Leap","Machine Learning","Auto Shields+1","Consume+1","Finesse","Hologram"],"relics":["Cracked Core","Golden Idol","Dream Catcher","Pen Nib","Inserter","Lantern","War Paint","Whetstone"],"potions_floor_usage":[7,16,20],"damage_taken":[{"damage":1,"enemies":"Cultist","floor":1,"turns":4},{"damage":6,"enemies":"2 Louse","floor":2,"turns":3},{"damage":7,"enemies":"Jaw Worm","floor":3,"turns":3},{"damage":2,"enemies":"2 Fungi Beasts","floor":5,"turns":4},{"damage":16,"enemies":"Gremlin Nob","floor":7,"turns":3},{"damage":13,"enemies":"Large Slime","floor":13,"turns":4},{"damage":8,"enemies":"Looter","floor":14,"turns":2},{"damage":20,"enemies":"Hexaghost","floor":16,"turns":11},{"damage":10,"enemies":"3 Byrds","floor":18,"turns":5},{"damage":8,"enemies":"Spheric Guardian","floor":20,"turns":5},{"damage":46,"enemies":"Book of Stabbing","floor":24,"turns":7},{"damage":11,"enemies":"Centurion and Healer","floor":27,"turns":2}],"seed_played":"1088584574866363705","potions_obtained":[{"floor":3,"key":"Swift Potion"},{"floor":5,"key":"FearPotion"},{"floor":16,"key":"SkillPotion"},{"floor":18,"key":"Fire Potion"}],"is_trial":false,"path_per_floor":["M","M","M","?","M","R","E","?","T","R","$","R","M","M","R","B",null,"M","?","M","?","$","R","E","?","T","M"],"character_chosen":"DEFECT","items_purchased":["Bandage Up","Lantern","Finesse"],"campfire_rested":1,"item_purchase_floors":[11,22,22],"current_hp_per_floor":[63,57,50,50,48,48,32,25,25,46,46,46,37,33,33,17,58,52,52,48,48,48,48,6,6,6,0],"gold":0,"neow_bonus":"THREE_CARDS","is_prod":false,"is_daily":false,"chose_seed":false,"campfire_upgraded":4,"win_rate":0,"timestamp":1566113853,"path_taken":["M","?","M","?","M","R","E","?","T","R","$","R","M","M","R","BOSS","M","?","?","?","$","R","E","?","T","M"],"build_version":"2019-07-17","purchased_purges":1,"victory":false,"max_hp_per_floor":[71,71,71,71,71,71,71,71,71,71,71,71,71,71,71,71,71,71,71,71,71,71,71,71,71,71,71],"card_choices":[{"not_picked":["Redo","Steam"],"picked":"Rebound","floor":0},{"not_picked":["Conserve Battery","Chaos"],"picked":"Streamline","floor":1},{"not_picked":["Doom and Gloom","Sweeping Beam"],"picked":"Reinforced Body","floor":2},{"not_picked":["Steam","Barrage"],"picked":"Go for the Eyes","floor":3},{"not_picked":["Redo","Barrage"],"picked":"Conserve Battery","floor":5},{"not_picked":["Sweeping Beam","Streamline"],"picked":"Beam Cell","floor":7},{"not_picked":["Barrage","Blizzard"],"picked":"Go for the Eyes","floor":10},{"not_picked":["Force Field","Tempest"],"picked":"Compile Driver","floor":13},{"not_picked":["Steam","Ball Lightning"],"picked":"Leap","floor":14},{"not_picked":["Biased Cognition","Rainbow"],"picked":"Machine Learning","floor":16},{"not_picked":["Chill","Streamline"],"picked":"Auto Shields+1","floor":18},{"not_picked":["Beam Cell","Hologram+1"],"picked":"Consume","floor":20},{"not_picked":["Rebound","Beam Cell"],"picked":"Hologram","floor":24}],"player_experience":189844,"relics_obtained":[{"floor":7,"key":"Dream Catcher"},{"floor":9,"key":"Pen Nib"},{"floor":24,"key":"War Paint"},{"floor":26,"key":"Whetstone"}],"event_choices":[{"damage_healed":0,"gold_gain":0,"player_choice":"Take Wound","damage_taken":0,"relics_obtained":["Golden Idol"],"max_hp_gain":0,"max_hp_loss":0,"event_name":"Golden Idol","floor":4,"gold_loss":0,"cards_obtained":["Injury"]},{"cards_removed":["Injury"],"damage_healed":0,"gold_gain":0,"player_choice":"Card Removal","damage_taken":7,"max_hp_gain":0,"max_hp_loss":0,"event_name":"Golden Wing","floor":8,"gold_loss":0},{"cards_removed":["Strike_B"],"damage_healed":0,"gold_gain":0,"player_choice":"Purged","damage_taken":0,"max_hp_gain":0,"max_hp_loss":0,"event_name":"Purifier","floor":19,"gold_loss":0},{"damage_healed":0,"gold_gain":0,"player_choice":"Ignored","damage_taken":0,"max_hp_gain":0,"max_hp_loss":0,"event_name":"Ghosts","floor":21,"gold_loss":0},{"damage_healed":0,"gold_gain":0,"player_choice":"Paid Fearfully","damage_taken":0,"max_hp_gain":0,"max_hp_loss":0,"event_name":"Masked Bandits","floor":25,"gold_loss":47}],"is_beta":false,"boss_relics":[{"not_picked":["Runic Dome","Eternal Feather"],"picked":"Inserter"}],"items_purged_floors":[11],"is_endless":false,"potions_floor_spawned":[3,5,16,18],"killed_by":"Centurion and Healer","ascension_level":14}