{"gold_per_floor":[115,126,142,74,74,401,401,414,414,425,438,452,178,178,178,274,274,294,294,309,321,236,267,267,279,303,303,321,321,336,198,198,294,294,311,328,126,137,137,137,163,180,180,196,46,46,46,62,62,62,62,62,62,94,94],"floor_reached":55,"playtime":4335,"items_purged":["Strike_R","Strike_R","Defend_R","Strike_R"],"score":673,"play_id":"7e4ac945-1e6b-4ebc-ad38-863651a952a3","local_time":"20190614223759","is_ascension_mode":false,"campfire_choices":[{"data":"Uppercut","floor":7,"key":"SMITH"},{"floor":15,"key":"RECALL"},{"data":"Flame Barrier","floor":24,"key":"SMITH"},{"data":"Cleave","floor":27,"key":"SMITH"},{"data":"Inflame","floor":32,"key":"SMITH"},{"data":"Double Tap","floor":40,"key":"SMITH"},{"data":"Inflame","floor":47,"key":"SMITH"},{"data":"Ghostly Armor","floor":49,"key":"SMITH"},{"data":"Shrug It Off","floor":52,"key":"SMITH"}],"neow_cost":"NONE","seed_source_timestamp":253607298715646,"circlet_count":0,"master_deck":["Defend_R","Defend_R","Bash","Purity","Cleave+1","Ghostly Armor+1","Shockwave+1","Flame Barrier+1","Uppercut+1","Shrug It Off+1","Reaper","Iron Wave","Exhume","Flame Barrier+1","Hemokinesis+1","Shrug It Off+1","RitualDagger","Inflame+1","Inflame+1","Double Tap+1","Iron Wave+1","Dark Embrace+1","Offering","Disarm+1","Rupture+1","Offering","Dramatic Entrance"],"relics":["Burning Blood","Old Coin","Thread and Needle","HandDrill","Sozu","Pear","Ancient Tea Set","Astrolabe","Bag of Marbles","Red Skull","Paper Frog"],"potions_floor_usage":[33,42,55],"damage_taken":[{"damage":6,"enemies":"Jaw Worm","floor":1,"turns":4},{"damage":10,"enemies":"Cultist","floor":2,"turns":4},{"damage":0,"enemies":"Small Slimes","floor":3,"turns":4},{"damage":31,"enemies":"Lagavulin","floor":6,"turns":10},{"damage":3,"enemies":"Exordium Wildlife","floor":8,"turns":6},{"damage":0,"enemies":"Lots of Slimes","floor":10,"turns":4},{"damage":0,"enemies":"Looter","floor":11,"turns":4},{"damage":0,"enemies":"3 Louse","floor":12,"turns":3},{"damage":51,"enemies":"The Guardian","floor":16,"turns":16},{"damage":0,"enemies":"Chosen","floor":18,"turns":5},{"damage":13,"enemies":"3 Byrds","floor":20,"turns":4},{"damage":10,"enemies":"3 Cultists","floor":21,"turns":7},{"damage":11,"enemies":"Gremlin Leader","floor":23,"turns":8},{"damage":8,"enemies":"Centurion and Healer","floor":25,"turns":7},{"damage":8,"enemies":"Shelled Parasite and Fungi","floor":28,"turns":5},{"damage":9,"enemies":"Sentry and Sphere","floor":30,"turns":7},{"damage":47,"enemies":"Automaton","floor":33,"turns":11},{"damage":2,"enemies":"3 Shapes","floor":35,"turns":7},{"damage":25,"enemies":"3 Darklings","floor":36,"turns":5},{"damage":8,"enemies":"Writhing Mass","floor":38,"turns":6},{"damage":38,"enemies":"Giant Head","floor":41,"turns":7},{"damage":6,"enemies":"Jaw Worm Horde","floor":42,"turns":3},{"damage":14,"enemies":"Spire Growth","floor":44,"turns":4},{"damage":9,"enemies":"Writhing Mass","floor":48,"turns":8},{"damage":59,"enemies":"Awakened One","floor":50,"turns":15},{"damage":55,"enemies":"Shield and Spear","floor":54,"turns":5},{"damage":68,"enemies":"The Heart","floor":55,"turns":5}],"seed_played":"-6062640787348789807","potions_obtained":[{"floor":8,"key":"Block Potion"},{"floor":10,"key":"Swift Potion"},{"floor":12,"key":"SpeedPotion"}],"is_trial":false,"path_per_floor":["M","M","M","$","?","E","R","M","T","M","M","M","$","?","R","B",null,"M","?","M","M","?","E","R","M","T","R","M","?","M","$","R","B",null,"M","M","$","M","?","R","E","M","T","M","$","?","R","M","R","B",null,"R","$","E","B"],"character_chosen":"IRONCLAD","items_purchased":["Flame Barrier","HandDrill","Inflame","Offering"],"campfire_rested":0,"item_purchase_floors":[4,13,31,37],"current_hp_per_floor":[80,76,80,80,80,55,55,58,58,64,70,80,80,80,80,41,80,80,80,73,76,86,90,90,88,88,88,90,84,87,87,87,46,90,90,71,71,69,69,69,49,68,68,70,70,70,70,67,67,31,90,90,90,53,0],"gold":94,"neow_bonus":"RANDOM_COLORLESS","is_prod":false,"is_daily":false,"chose_seed":false,"campfire_upgraded":8,"win_rate":0,"timestamp":1560569879,"path_taken":["M","M","M","$","?","E","R","?","T","M","?","M","$","?","R","BOSS","M","?","?","M","?","E","R","M","T","R","M","?","M","$","R","BOSS","M","M","$","M","?","R","E","?","T","?","$","?","R","M","R","BOSS","R","$","E","BOSS"],"build_version":"2019-01-23","purchased_purges":4,"victory":false,"max_hp_per_floor":[80,80,80,80,80,80,80,80,80,80,80,80,80,80,80,80,80,80,80,80,80,90,90,90,90,90,90,90,90,90,90,90,90,90,90,90,90,90,90,90,90,90,90,90,90,90,90,90,90,90,90,90,90,90,90],"card_choices":[{"not_picked":["Havoc","Flex"],"picked":"Cleave","floor":1},{"not_picked":["Cleave","Rage"],"picked":"Ghostly Armor","floor":2},{"not_picked":["Seeing Red","Twin Strike"],"picked":"Shockwave","floor":3},{"not_picked":["Burning Pact","Wild Strike"],"picked":"Uppercut","floor":6},{"not_picked":["Combust","Havoc"],"picked":"Shrug It Off","floor":8},{"not_picked":["Combust","Clash","Clothesline"],"picked":"SKIP","floor":10},{"not_picked":["Headbutt","Wild Strike"],"picked":"Reaper","floor":11},{"not_picked":["Flex","Clothesline"],"picked":"Iron Wave","floor":12},{"not_picked":["Bludgeon","Immolate"],"picked":"Exhume","floor":16},{"not_picked":["Sword Boomerang+1","Flex","Heavy Blade"],"picked":"SKIP","floor":18},{"not_picked":["Heavy Blade","Clash"],"picked":"Flame Barrier+1","floor":20},{"not_picked":["Infernal Blade","Iron Wave"],"picked":"Hemokinesis+1","floor":21},{"not_picked":["Pummel","Iron Wave","Dual Wield"],"picked":"SKIP","floor":23},{"not_picked":["Shrug It Off","True Grit","Armaments"],"picked":"SKIP","floor":25},{"not_picked":["Armaments","Clash"],"picked":"Shrug It Off+1","floor":28},{"not_picked":["Heavy Blade","Dual Wield+1"],"picked":"Inflame","floor":30},{"not_picked":["Dark Embrace","Bludgeon"],"picked":"Double Tap","floor":33},{"not_picked":["Inflame","Shrug It Off+1","Body Slam"],"picked":"SKIP","floor":35},{"not_picked":["Sword Boomerang+1","Burning Pact","Twin Strike"],"picked":"SKIP","floor":36},{"not_picked":["Blood for Blood+1","True Grit"],"picked":"Disarm+1","floor":38},{"not_picked":["Body Slam+1","Thunderclap+1"],"picked":"Rupture+1","floor":41},{"not_picked":["Shrug It Off","Clash"],"picked":"Offering","floor":42},{"not_picked":["Anger","Iron Wave+1","Heavy Blade"],"picked":"SKIP","floor":44},{"not_picked":["Forethought","Panache"],"picked":"Dramatic Entrance","floor":46},{"not_picked":["Second Wind","Headbutt+1","Searing Blow+1"],"picked":"SKIP","floor":48},{"not_picked":["Reckless Charge+1","Flame Barrier","Battle Trance+1"],"picked":"SKIP","floor":54}],"player_experience":808186,"relics_obtained":[{"floor":6,"key":"Old Coin"},{"floor":9,"key":"Thread and Needle"},{"floor":23,"key":"Ancient Tea Set"},{"floor":41,"key":"Bag of Marbles"},{"floor":43,"key":"Red Skull"},{"floor":54,"key":"Paper Frog"}],"event_choices":[{"damage_healed":0,"gold_gain":0,"player_choice":"Upgraded","damage_taken":0,"max_hp_gain":0,"max_hp_loss":0,"event_name":"Upgrade Shrine","floor":5,"gold_loss":0,"cards_upgraded":["Shockwave"]},{"damage_healed":0,"gold_gain":0,"player_choice":"Ignored","damage_taken":0,"max_hp_gain":0,"max_hp_loss":0,"event_name":"Liars Game","floor":14,"gold_loss":0},{"cards_removed":["Strike_R"],"damage_healed":0,"gold_gain":0,"player_choice":"Offered Basic","damage_taken":0,"max_hp_gain":0,"max_hp_loss":0,"event_name":"Bonfire Elementals","floor":19,"gold_loss":0},{"damage_healed":0,"gold_gain":0,"player_choice":"Obtained Relic","damage_taken":0,"relics_obtained":["Pear"],"max_hp_gain":0,"max_hp_loss":0,"event_name":"Addict","floor":22,"gold_loss":85},{"damage_healed":0,"gold_gain":0,"player_choice":"Joined the Cult","damage_taken":6,"max_hp_gain":0,"max_hp_loss":0,"event_name":"Nest","floor":29,"gold_loss":0,"cards_obtained":["RitualDagger"]},{"cards_removed":["Power Through"],"damage_healed":0,"gold_gain":0,"player_choice":"Took Card","damage_taken":0,"max_hp_gain":0,"max_hp_loss":0,"event_name":"NoteForYourself","floor":39,"gold_loss":0,"cards_obtained":["Strike_R"]},{"damage_healed":0,"gold_gain":0,"player_choice":"Memory 1","damage_taken":0,"max_hp_gain":0,"max_hp_loss":0,"event_name":"SensoryStone","floor":46,"gold_loss":0}],"is_beta":false,"boss_relics":[{"not_picked":["Velvet Choker","Runic Pyramid"],"picked":"Sozu"},{"not_picked":["Fusion Hammer","Runic Cube"],"picked":"Astrolabe"}],"items_purged_floors":[13,31,37,45],"is_endless":false,"potions_floor_spawned":[8,10,12,16,23,25,28,30,36,38,42],"killed_by":"The Heart","ascension_level":0}