{"gold_per_floor":[210,210,221,15,31,63,83,115,166,166,186,186,202,235,235,363,363,383,401,401,416,441,441,455,455,455,476,499,499,522,547,547,673,673,688,709,709,709],"floor_reached":39,"playtime":4000,"items_purged":[],"score":557,"play_id":"b0d807d4-7259-41ba-b923-45d69154761d","local_time":"20180823124219","is_ascension_mode":false,"campfire_choices":[{"floor":15,"key":"REST"},{"floor":23,"key":"REST"},{"floor":25,"key":"REST"},{"floor":32,"key":"REST"}],"neow_cost":"NONE","seed_source_timestamp":511674059513232,"circlet_count":0,"master_deck":["Survivor","Neutralize","Dagger Spray","Cloak And Dagger","Well Laid Plans+1","Leg Sweep","PiercingWail","A Thousand Cuts","Glass Knife","Predator","Infinite Blades","Calculated Gamble","Outmaneuver","Predator","Sucker Punch","Deflect","Finisher","Leg Sweep","PiercingWail","Footwork","Cloak And Dagger","Cloak And Dagger+1","Dagger Spray","Adrenaline"],"relics":["Ring of the Snake","TwistedFunnel","Gremlin Horn","Dodecahedron","Pen Nib","Golden Idol","Potion Belt","Pandora\u0027s Box","Ornamental Fan","Vajra","Busted Crown"],"potions_floor_usage":[6,8,8,16,33,33,38,38,38],"damage_taken":[{"damage":0,"enemies":"Small Slimes","floor":1,"turns":3},{"damage":0,"enemies":"2 Louse","floor":3,"turns":2},{"damage":0,"enemies":"Cultist","floor":5,"turns":3},{"damage":25,"enemies":"Lagavulin","floor":6,"turns":7},{"damage":0,"enemies":"Large Slime","floor":7,"turns":5},{"damage":2,"enemies":"Gremlin Nob","floor":8,"turns":3},{"damage":2,"enemies":"2 Fungi Beasts","floor":11,"turns":4},{"damage":1,"enemies":"Exordium Wildlife","floor":13,"turns":6},{"damage":13,"enemies":"Lagavulin","floor":14,"turns":10},{"damage":17,"enemies":"The Guardian","floor":16,"turns":16},{"damage":24,"enemies":"Spheric Guardian","floor":18,"turns":4},{"damage":15,"enemies":"2 Thieves","floor":19,"turns":4},{"damage":26,"enemies":"Snecko","floor":21,"turns":6},{"damage":10,"enemies":"Centurion and Healer","floor":22,"turns":6},{"damage":14,"enemies":"Snake Plant","floor":24,"turns":5},{"damage":7,"enemies":"Snecko","floor":27,"turns":6},{"damage":4,"enemies":"Chosen and Byrds","floor":28,"turns":5},{"damage":6,"enemies":"3 Cultists","floor":31,"turns":4},{"damage":13,"enemies":"Champ","floor":33,"turns":10},{"damage":0,"enemies":"Flame Bruiser 1 Orb","floor":35,"turns":4},{"damage":0,"enemies":"3 Darklings","floor":36,"turns":3},{"damage":55,"enemies":"Awakened One","floor":38,"turns":17}],"seed_played":"-1340845106061878453","potions_obtained":[{"floor":1,"key":"FearPotion"},{"floor":6,"key":"Explosive Potion"},{"floor":7,"key":"Poison Potion"},{"floor":14,"key":"Fire Potion"},{"floor":18,"key":"Explosive Potion"},{"floor":24,"key":"SteroidPotion"},{"floor":27,"key":"Strength Potion"},{"floor":31,"key":"GamblersBrew"},{"floor":36,"key":"AttackPotion"}],"is_trial":false,"path_per_floor":["M","?","M","$","M","E","M","E","T","?","M","?","M","E","R","B",null,"M","M","?","M","M","R","M","R","T","M","M","?","T","M","R","B",null,"M","M","?","B"],"character_chosen":"THE_SILENT","items_purchased":["TwistedFunnel"],"campfire_rested":4,"item_purchase_floors":[4],"current_hp_per_floor":[70,75,75,75,75,50,50,48,48,48,46,32,31,18,38,21,69,45,30,53,27,17,37,23,43,43,36,32,32,32,26,46,33,69,69,69,69,14],"gold":709,"neow_bonus":"HUNDRED_GOLD","is_prod":false,"is_daily":false,"chose_seed":false,"campfire_upgraded":0,"win_rate":0,"timestamp":1535042539,"path_taken":["M","?","M","$","M","E","?","E","T","?","M","?","M","E","R","BOSS","M","M","?","M","M","R","M","R","T","?","M","?","?","M","R","BOSS","M","?","?","BOSS"],"build_version":"2018-08-22","purchased_purges":0,"victory":true,"max_hp_per_floor":[70,75,75,75,75,75,75,75,75,69,69,69,69,69,69,69,69,69,69,69,69,69,69,69,69,69,69,69,69,69,69,69,69,69,69,69,69,69],"card_choices":[{"not_picked":["Dagger Throw","Flying Knee"],"picked":"Dagger Spray","floor":1},{"not_picked":["Quick Slash","Expertise"],"picked":"Cloak And Dagger","floor":3},{"not_picked":["Poisoned Stab","Bane"],"picked":"Well Laid Plans","floor":5},{"not_picked":["Expertise","Quick Slash","Setup"],"picked":"SKIP","floor":6},{"not_picked":["Prepared","Bane","Setup"],"picked":"SKIP","floor":7},{"not_picked":["Dagger Throw","Terror","Flying Knee"],"picked":"SKIP","floor":8},{"not_picked":["Acrobatics","Caltrops"],"picked":"Leg Sweep","floor":11},{"not_picked":["Deadly Poison","Acrobatics"],"picked":"PiercingWail","floor":13},{"not_picked":["Heel Hook","Bane"],"picked":"A Thousand Cuts","floor":14},{"not_picked":["Phantasmal Killer","Venomology"],"picked":"Glass Knife","floor":16},{"not_picked":["Bane","Accuracy","Setup"],"picked":"SKIP","floor":18},{"not_picked":["Quick Slash+1","Riddle With Holes+1","Underhanded Strike"],"picked":"SKIP","floor":19},{"not_picked":["Poisoned Stab","Doppelganger"],"picked":"Footwork","floor":21},{"not_picked":["Blade Dance","Dodge and Roll","Poisoned Stab"],"picked":"SKIP","floor":22},{"not_picked":["Flying Knee","Eviscerate","Outmaneuver"],"picked":"SKIP","floor":24},{"not_picked":["Acrobatics+1","Deflect+1"],"picked":"Cloak And Dagger","floor":27},{"not_picked":["Dagger Throw+1","Leg Sweep"],"picked":"Cloak And Dagger+1","floor":28},{"not_picked":["Flying Knee","A Thousand Cuts"],"picked":"Dagger Spray","floor":31},{"not_picked":["Venomology","Doppelganger"],"picked":"Adrenaline","floor":33},{"not_picked":["Predator"],"picked":"SKIP","floor":35},{"not_picked":["Underhanded Strike+1"],"picked":"SKIP","floor":36}],"player_experience":318319,"relics_obtained":[{"floor":6,"key":"Gremlin Horn"},{"floor":8,"key":"Dodecahedron"},{"floor":9,"key":"Pen Nib"},{"floor":14,"key":"Potion Belt"},{"floor":26,"key":"Ornamental Fan"},{"floor":30,"key":"Vajra"}],"event_choices":[{"event_name":"Big Fish","player_choice":"Donut","floor":2,"damage_taken":0},{"event_name":"Golden Idol","player_choice":"Lose Max HP","floor":10,"damage_taken":0},{"event_name":"Shining Light","player_choice":"Entered Light","floor":12,"damage_taken":0},{"event_name":"The Library","player_choice":"Heal","floor":20,"damage_taken":0},{"event_name":"Vampires","player_choice":"Ignored","floor":29,"damage_taken":0},{"event_name":"SecretPortal","player_choice":"Took Portal.","floor":37,"damage_taken":0}],"is_beta":true,"boss_relics":[{"not_picked":["Coffee Dripper","HoveringKite"],"picked":"Pandora\u0027s Box"},{"not_picked":["Ring of the Serpent","Lizard Tail"],"picked":"Busted Crown"}],"items_purged_floors":[],"is_endless":false,"potions_floor_spawned":[1,6,7,14,18,24,27,31,36],"ascension_level":0}