{"gold_per_floor":[116,29,179,47,47,83,83,106,106,141,214,238,251,270,270,270],"floor_reached":16,"playtime":361,"items_purged":["Doubt"],"score":270,"play_id":"e102a3df-3cd1-467e-9755-1a2182bf3759","local_time":"20190410115937","is_ascension_mode":true,"campfire_choices":[{"data":"Armaments","floor":7,"key":"SMITH"},{"data":"Shockwave","floor":15,"key":"SMITH"}],"neow_cost":"NONE","seed_source_timestamp":3042616582439,"circlet_count":0,"master_deck":["AscendersBane","Strike_R","Strike_R","Strike_R","Strike_R","Strike_R","Defend_R","Defend_R","Defend_R","Defend_R","Bash","Wild Strike","Shrug It Off","Armaments+1","Shrug It Off","Battle Trance","Shockwave+1","Impervious"],"relics":["Burning Blood","NeowsBlessing","Golden Idol","FossilizedHelix","Sundial","Red Skull","Centennial Puzzle"],"potions_floor_usage":[14],"damage_taken":[{"damage":0,"enemies":"2 Louse","floor":1,"turns":1},{"damage":0,"enemies":"3 Sentries","floor":6,"turns":2},{"damage":0,"enemies":"Small Slimes","floor":8,"turns":1},{"damage":18,"enemies":"Lagavulin","floor":10,"turns":7},{"damage":39,"enemies":"Lagavulin Event","floor":11,"turns":8},{"damage":0,"enemies":"Jaw Worm","floor":12,"turns":2},{"damage":0,"enemies":"Looter","floor":13,"turns":3},{"damage":6,"enemies":"Lots of Slimes","floor":14,"turns":5},{"damage":0,"enemies":"Hexaghost","floor":16,"turns":8}],"seed_played":"7349762911954311231","potions_obtained":[{"floor":11,"key":"BloodPotion"},{"floor":12,"key":"Energy Potion"},{"floor":14,"key":"Dexterity Potion"}],"is_trial":false,"path_per_floor":["M","$","?","$","?","E","R","M","T","E","?","M","M","M","R","B"],"character_chosen":"IRONCLAD","items_purchased":["Shrug It Off","Armaments","Shrug It Off"],"campfire_rested":0,"item_purchase_floors":[2,2,4],"current_hp_per_floor":[74,74,74,74,68,68,68,68,68,56,23,29,35,41,41,41],"gold":270,"neow_bonus":"THREE_ENEMY_KILL","is_prod":false,"is_daily":false,"chose_seed":false,"campfire_upgraded":2,"win_rate":0,"timestamp":1554922777,"path_taken":["M","$","?","$","?","E","R","M","T","E","?","M","M","M","R","BOSS"],"build_version":"2019-04-04","purchased_purges":1,"victory":false,"max_hp_per_floor":[75,75,75,75,68,68,68,68,68,68,68,68,68,68,68,68],"card_choices":[{"not_picked":["Warcry","Body Slam"],"picked":"Wild Strike","floor":1},{"not_picked":["Perfected Strike","Body Slam"],"picked":"Battle Trance","floor":6},{"not_picked":["Perfected Strike","Iron Wave"],"picked":"Shockwave","floor":11},{"not_picked":["Wild Strike","Battle Trance"],"picked":"Impervious","floor":12}],"player_experience":1407154,"relics_obtained":[{"floor":6,"key":"FossilizedHelix"},{"floor":9,"key":"Sundial"},{"floor":10,"key":"Red Skull"},{"floor":11,"key":"Centennial Puzzle"}],"event_choices":[{"damage_healed":0,"gold_gain":150,"player_choice":"AGREE","damage_taken":0,"max_hp_gain":0,"max_hp_loss":0,"event_name":"Liars Game","floor":3,"gold_loss":0,"cards_obtained":["Doubt"]},{"damage_healed":0,"gold_gain":0,"player_choice":"Lose Max HP","damage_taken":0,"relics_obtained":["Golden Idol"],"max_hp_gain":0,"max_hp_loss":7,"event_name":"Golden Idol","floor":5,"gold_loss":0},{"damage_healed":0,"gold_gain":0,"player_choice":"Searched \u00272\u0027 times","damage_taken":0,"max_hp_gain":0,"max_hp_loss":0,"event_name":"Dead Adventurer","floor":11,"gold_loss":0}],"is_beta":true,"boss_relics":[],"items_purged_floors":[4],"is_endless":false,"potions_floor_spawned":[11,12,14],"killed_by":"Hexaghost","ascension_level":20}