{"path_per_floor":["M","M","M","M","$","R","M","R","T","R","E","R","M","M","R","B",null,"M","$","?","M","M","R","?","?","T","M","?","?","$"],"character_chosen":"IRONCLAD","items_purchased":["Flex","Twin Strike","Warcry"],"gold_per_floor":[117,137,149,161,33,33,49,49,49,49,79,79,97,117,117,220,220,232,60,60,73,90,90,5,5,5,17,17,17,17],"floor_reached":31,"campfire_rested":1,"playtime":3173,"current_hp_per_floor":[80,80,80,80,80,80,75,75,75,75,70,70,74,74,74,34,80,75,75,75,65,21,45,45,45,45,25,25,25,25],"items_purged":["Defend_R","Strike_R"],"gold":17,"score":237,"play_id":"a60e6817-eaf9-452d-94ec-a23986e1c6e9","is_prod":false,"is_daily":false,"is_ascension_mode":false,"campfire_upgraded":5,"path_taken":["M","M","M","M","$","R","M","R","T","R","E","R","M","M","R","BOSS","M","$","?","M","M","R","?","?","T","M","?","?","?","M"],"build_version":"2018-02-22-PROD2","purchased_purges":2,"victory":false,"master_deck":["Strike_R+1","Strike_R+1","Strike_R+1","Defend_R+1","Defend_R+1","Defend_R+1","Bash","Twin Strike","Headbutt","Flex+1","Iron Wave","Armaments+1","Flex+1","Heavy Blade+1","Uppercut+1","Headbutt","Warcry","Twin Strike","Warcry","Armaments+1","Disarm"],"max_hp_per_floor":[80,80,80,80,80,80,80,80,80,80,80,80,80,80,80,80,80,80,80,80,80,80,80,80,80,80,80,80,80,80],"relics":["Black Blood","Juzu Bracelet","Nloth\u0027s Gift","Dream Catcher","Ornamental Fan"],"card_choices":[{"not_picked":["Sword Boomerang","Power Through"],"picked":"Twin Strike"},{"not_picked":["Pummel","Anger"],"picked":"Headbutt"},{"not_picked":["Power Through","Warcry"],"picked":"Flex"},{"not_picked":["Twin Strike","Corruption"],"picked":"Iron Wave"},{"not_picked":["Combust","Corruption"],"picked":"Armaments"},{"not_picked":["Shockwave","Armaments"],"picked":"Heavy Blade"},{"not_picked":["Feed","Sword Boomerang"],"picked":"Uppercut"},{"not_picked":["Rage","Heavy Blade"],"picked":"Headbutt"},{"not_picked":["Flex","Cleave"],"picked":"Warcry"},{"not_picked":["Perfected Strike","Sword Boomerang"],"picked":"Armaments"},{"not_picked":["Offering","Sword Boomerang"],"picked":"Disarm"}],"player_experience":28923,"potions_floor_usage":[27],"damage_taken":[{"damage":1.0,"enemies":"Jaw Worm","floor":1.0,"turns":4.0},{"damage":1.0,"enemies":"Cultist","floor":2.0,"turns":3.0},{"damage":0.0,"enemies":"Small Slimes","floor":3.0,"turns":3.0},{"damage":3.0,"enemies":"2 Fungi Beasts","floor":4.0,"turns":3.0},{"damage":11.0,"enemies":"Red Slaver","floor":7.0,"turns":4.0},{"damage":11.0,"enemies":"Gremlin Nob","floor":11.0,"turns":3.0},{"damage":2.0,"enemies":"Exordium Wildlife","floor":13.0,"turns":3.0},{"damage":6.0,"enemies":"Blue Slaver","floor":14.0,"turns":2.0},{"damage":46.0,"enemies":"Slime Boss","floor":16.0,"turns":12.0},{"damage":15.0,"enemies":"2 Thieves","floor":18.0,"turns":4.0},{"damage":20.0,"enemies":"Spheric Guardian","floor":21.0,"turns":4.0},{"damage":54.0,"enemies":"Cultist and Chosen","floor":22.0,"turns":9.0},{"damage":30,"enemies":"Snecko","floor":27,"turns":7},{"damage":29,"enemies":"Sentry and Sphere","floor":31,"turns":5}],"event_choices":[{"event_name":"N\u0027loth","player_choice":"Traded a Orichalcum","floor":20.0,"damage_taken":0.0},{"event_name":"Addict","player_choice":"Obtained Relic","floor":24.0,"damage_taken":0.0},{"event_name":"Beggar","player_choice":"Ignored","floor":25.0,"damage_taken":0.0},{"event_name":"Back to Basics","player_choice":"Simplicity","floor":28,"damage_taken":0},{"event_name":"Purifier","player_choice":"One Purge","floor":29,"damage_taken":0}],"boss_relics":[],"potions_floor_spawned":[1,11,22],"seed_played":"5191987355504838889","killed_by":"Sentry and Sphere","ascension_level":0,"is_trial":false}