{"gold_per_floor":[111,111,21,21,35,35,61,80,80,80,115,115,129,141,141,141],"floor_reached":16,"playtime":228,"items_purged":[],"score":263,"play_id":"3150bcab-2f08-4bcc-acdc-35fa49049666","local_time":"20190102101114","is_ascension_mode":true,"campfire_choices":[{"data":"Bash","floor":6,"key":"SMITH"},{"data":"Perfected Strike","floor":10,"key":"SMITH"},{"data":"Metallicize","floor":12,"key":"SMITH"},{"data":"Clothesline","floor":15,"key":"SMITH"}],"neow_cost":"NONE","seed_source_timestamp":3260832785167,"circlet_count":0,"master_deck":["AscendersBane","Strike_R","Strike_R","Strike_R","Strike_R","Defend_R","Defend_R","Defend_R","Defend_R","Bash+1","Clothesline+1","Metallicize+1","Shrug It Off","Perfected Strike+1","Shockwave","Offering","Thunderclap","Ghostly Armor"],"relics":["Burning Blood","NeowsBlessing","Turnip","Mango","Singing Bowl"],"potions_floor_usage":[11,13,16,16],"damage_taken":[{"damage":0,"enemies":"Small Slimes","floor":1,"turns":1},{"damage":0,"enemies":"2 Louse","floor":5,"turns":1},{"damage":0,"enemies":"Gremlin Nob","floor":7,"turns":1},{"damage":0,"enemies":"Cultist","floor":8,"turns":3},{"damage":28,"enemies":"Lagavulin","floor":11,"turns":6},{"damage":12,"enemies":"Exordium Wildlife","floor":13,"turns":4},{"damage":7,"enemies":"2 Fungi Beasts","floor":14,"turns":3},{"damage":0,"enemies":"The Guardian","floor":16,"turns":2}],"seed_played":"5943031524691928187","potions_obtained":[{"floor":1,"key":"Strength Potion"},{"floor":4,"key":"Swift Potion"},{"floor":11,"key":"GamblersBrew"},{"floor":14,"key":"Poison Potion"}],"is_trial":false,"path_per_floor":["M","?","$","?","M","R","E","M","T","R","E","R","M","M","R","B"],"character_chosen":"IRONCLAD","items_purchased":["Metallicize"],"campfire_rested":0,"item_purchase_floors":[3],"current_hp_per_floor":[74,67,67,67,73,73,75,75,89,89,67,67,61,60,60,60],"gold":141,"neow_bonus":"THREE_ENEMY_KILL","is_prod":false,"is_daily":false,"chose_seed":false,"campfire_upgraded":4,"win_rate":0,"timestamp":1546452674,"path_taken":["M","?","$","?","M","R","E","M","T","R","E","R","?","M","R","BOSS"],"build_version":"2019-01-01v2","purchased_purges":0,"victory":false,"max_hp_per_floor":[75,75,75,75,75,75,75,75,89,89,89,89,89,89,89,89],"card_choices":[{"not_picked":["Havoc","Wild Strike"],"picked":"Clothesline","floor":1},{"not_picked":["Heavy Blade","Iron Wave"],"picked":"Shrug It Off","floor":5},{"not_picked":["Twin Strike","Rupture"],"picked":"Perfected Strike","floor":7},{"not_picked":["Sword Boomerang","Pummel"],"picked":"Shockwave","floor":8},{"not_picked":["Sever Soul","Berserk"],"picked":"Offering","floor":11},{"not_picked":["Pommel Strike","Cleave"],"picked":"Thunderclap","floor":13},{"not_picked":["Intimidate","Blood for Blood"],"picked":"Ghostly Armor","floor":14}],"player_experience":1013800,"relics_obtained":[{"floor":7,"key":"Turnip"},{"floor":9,"key":"Mango"},{"floor":11,"key":"Singing Bowl"}],"event_choices":[{"cards_removed":["Strike_R"],"damage_healed":0,"gold_gain":0,"player_choice":"Card Removal","damage_taken":7,"max_hp_gain":0,"max_hp_loss":0,"event_name":"Golden Wing","floor":2,"gold_loss":0},{"damage_healed":0,"gold_gain":0,"player_choice":"Got Potions","damage_taken":0,"max_hp_gain":0,"max_hp_loss":0,"event_name":"Lab","floor":4,"gold_loss":0}],"is_beta":true,"boss_relics":[],"items_purged_floors":[],"is_endless":false,"potions_floor_spawned":[1,11,14],"killed_by":"The Guardian","ascension_level":19}