{"gold_per_floor":[165,180,180,40,58,58,89,109,179,209,270,297,314,340,340,417,417,436,453,503,453,469,469,502,514,526,558,582,594,622,277,277,353,353,369,389,117,117,129,129,159,159,182,182,182,202,230,249,249,249,249],"floor_reached":51,"playtime":2962,"items_purged":["Strike_R"],"score":1664,"play_id":"e1745411-1d28-4e55-aeb6-5c5dad9b2d3b","local_time":"20190806002111","is_ascension_mode":true,"campfire_choices":[{"data":"True Grit","floor":6.0,"key":"SMITH"},{"data":"Armaments","floor":15.0,"key":"SMITH"},{"floor":23.0,"key":"REST"},{"floor":25.0,"key":"REST"},{"floor":29.0,"key":"RECALL"},{"floor":32.0,"key":"REST"},{"floor":40.0,"key":"REST"},{"floor":42.0,"key":"REST"},{"floor":44.0,"key":"REST"},{"floor":49.0,"key":"REST"}],"neow_cost":"NONE","seed_source_timestamp":3202803650729,"circlet_count":0,"master_deck":["AscendersBane","Strike_R+1","Strike_R","Strike_R","Strike_R","Defend_R","Defend_R","Defend_R","Defend_R","Bash+1","Thunderclap+1","Shrug It Off","Wild Strike","True Grit+1","Anger","Cleave","Armaments+1","Clothesline","Shrug It Off","Impervious","Berserk+1","Shrug It Off","Shrug It Off+1","Shrug It Off","Shrug It Off","Demon Form","Apotheosis","Uppercut","Barricade","Sword Boomerang+1","Corruption","Battle Trance","Shrug It Off+1"],"special_seed":0,"relics":["Tiny House","FossilizedHelix","Mercury Hourglass","Whetstone","PreservedInsect","Gremlin Horn","Art of War","Fusion Hammer","MawBank","Bag of Preparation","Black Star","Bottled Lightning","Toxic Egg 2","Gambling Chip","Red Skull","Regal Pillow","Strawberry"],"potions_floor_usage":[51,51],"damage_taken":[{"damage":9.0,"enemies":"2 Louse","floor":1.0,"turns":2.0},{"damage":7.0,"enemies":"Jaw Worm","floor":2.0,"turns":3.0},{"damage":0.0,"enemies":"Small Slimes","floor":5.0,"turns":2.0},{"damage":26.0,"enemies":"Gremlin Nob","floor":7.0,"turns":4.0},{"damage":0.0,"enemies":"2 Fungi Beasts","floor":8.0,"turns":3.0},{"damage":2.0,"enemies":"3 Sentries","floor":10.0,"turns":5.0},{"damage":4.0,"enemies":"Lagavulin Event","floor":11.0,"turns":5.0},{"damage":0.0,"enemies":"Gremlin Nob","floor":12.0,"turns":2.0},{"damage":0.0,"enemies":"Exordium Thugs","floor":13.0,"turns":5.0},{"damage":2.0,"enemies":"Lagavulin","floor":14.0,"turns":4.0},{"damage":0.0,"enemies":"Slime Boss","floor":16.0,"turns":7.0},{"damage":0.0,"enemies":"2 Thieves","floor":18.0,"turns":3.0},{"damage":11.0,"enemies":"Spheric Guardian","floor":19.0,"turns":4.0},{"damage":0.0,"enemies":"Snake Plant","floor":22.0,"turns":5.0},{"damage":4.0,"enemies":"Book of Stabbing","floor":24.0,"turns":5.0},{"damage":0.0,"enemies":"Cultist and Chosen","floor":27.0,"turns":8.0},{"damage":0.0,"enemies":"Chosen and Byrds","floor":28.0,"turns":6.0},{"damage":12.0,"enemies":"Snake Plant","floor":30.0,"turns":4.0},{"damage":43.0,"enemies":"Collector","floor":33.0,"turns":9.0},{"damage":19.0,"enemies":"3 Darklings","floor":35.0,"turns":5.0},{"damage":0.0,"enemies":"Orb Walker","floor":36.0,"turns":5.0},{"damage":10.0,"enemies":"Writhing Mass","floor":39.0,"turns":7.0},{"damage":20.0,"enemies":"Reptomancer","floor":41.0,"turns":7.0},{"damage":17.0,"enemies":"Jaw Worm Horde","floor":46.0,"turns":5.0},{"damage":0.0,"enemies":"Nemesis","floor":47.0,"turns":15.0},{"damage":22.0,"enemies":"3 Darklings","floor":48.0,"turns":5.0},{"damage":68.0,"enemies":"Time Eater","floor":50.0,"turns":13.0},{"damage":25,"enemies":"Donu and Deca","floor":51,"turns":7}],"seed_played":"8176572791261147259","potions_obtained":[{"floor":0.0,"key":"Swift Potion"},{"floor":2.0,"key":"SpeedPotion"},{"floor":11.0,"key":"FearPotion"},{"floor":12.0,"key":"Weak Potion"},{"floor":14.0,"key":"Poison Potion"},{"floor":16.0,"key":"SkillPotion"},{"floor":22.0,"key":"Swift Potion"},{"floor":27.0,"key":"BloodPotion"},{"floor":35.0,"key":"Swift Potion"},{"floor":39.0,"key":"GamblersBrew"},{"floor":46.0,"key":"EntropicBrew"},{"floor":47.0,"key":"Poison Potion"}],"is_trial":false,"path_per_floor":["M","M","?","$","M","R","E","M","T","E","?","E","M","E","R","B",null,"M","M","?","?","M","R","E","R","T","M","M","R","M","$","R","B",null,"M","M","$","?","M","R","E","R","T","R","?","M","E","M","R","B","B"],"character_chosen":"IRONCLAD","items_purchased":["True Grit","Anger","Cleave","Apotheosis","Uppercut","Bottled Lightning"],"campfire_rested":7,"item_purchase_floors":[4,4,4,31,31,37],"current_hp_per_floor":[64,57,62,62,62,62,36,36,36,34,30,30,30,28,28,28,71,71,60,60,60,60,85,81,85,85,85,85,85,73,73,85,63,80,61,61,61,61,51,75,55,79,79,81,81,64,71,49,88,20,0],"gold":249,"neow_bonus":"BOSS_RELIC","is_prod":false,"is_daily":false,"chose_seed":false,"campfire_upgraded":2,"win_rate":0,"timestamp":1565076071,"path_taken":["M","M","?","$","M","R","E","M","T","E","?","E","M","E","R","BOSS","M","M","?","?","M","R","E","R","T","?","M","R","M","$","R","BOSS","M","M","$","?","M","R","E","R","T","R","?","M","E","?","R","BOSS","BOSS"],"build_version":"2019-07-18","purchased_purges":1,"victory":false,"max_hp_per_floor":[80,80,85,85,85,85,85,85,85,85,85,85,85,85,85,85,85,85,85,85,85,85,85,85,85,85,85,85,85,85,85,85,85,85,85,85,85,81,81,81,81,81,81,81,81,81,88,88,88,88,88],"card_choices":[{"not_picked":["Warcry","Entrench"],"picked":"Thunderclap","floor":0.0},{"not_picked":["Blood for Blood","Cleave"],"picked":"Shrug It Off","floor":1.0},{"not_picked":["Headbutt","Armaments"],"picked":"Wild Strike","floor":2.0},{"not_picked":["Warcry","Armaments","Dual Wield"],"picked":"SKIP","floor":5.0},{"not_picked":["Warcry","Dual Wield"],"picked":"Armaments","floor":5.0},{"not_picked":["Sword Boomerang","Pommel Strike","Combust"],"picked":"SKIP","floor":7.0},{"not_picked":["Anger","Clash"],"picked":"Clothesline","floor":8.0},{"not_picked":["Hemokinesis","Burning Pact"],"picked":"Shrug It Off","floor":10.0},{"not_picked":["Anger","Pommel Strike"],"picked":"Impervious","floor":11.0},{"not_picked":["Hemokinesis","Pummel","Sword Boomerang"],"picked":"SKIP","floor":12.0},{"not_picked":["Armaments","Thunderclap","Seeing Red"],"picked":"SKIP","floor":13.0},{"not_picked":["Clothesline","Thunderclap","Havoc"],"picked":"SKIP","floor":14.0},{"not_picked":["Exhume","Juggernaut"],"picked":"Berserk","floor":16.0},{"not_picked":["Second Wind","Iron Wave"],"picked":"Shrug It Off","floor":18.0},{"not_picked":["Evolve","Cleave"],"picked":"Shrug It Off+1","floor":19.0},{"not_picked":["Body Slam","Heavy Blade"],"picked":"Shrug It Off","floor":22.0},{"not_picked":["Pommel Strike","Body Slam","Dropkick"],"picked":"SKIP","floor":24.0},{"not_picked":["Havoc","Thunderclap"],"picked":"Shrug It Off","floor":28.0},{"not_picked":["Havoc","Warcry"],"picked":"Demon Form","floor":30.0},{"not_picked":["Feed","Impervious"],"picked":"Barricade","floor":33.0},{"not_picked":["Rampage+1","Heavy Blade"],"picked":"Sword Boomerang+1","floor":35.0},{"not_picked":["Iron Wave","Inflame+1","Twin Strike"],"picked":"SKIP","floor":36.0},{"not_picked":["Blood for Blood","Thunderclap+1","Corruption"],"picked":"SKIP","floor":39.0},{"not_picked":["Blood for Blood","Thunderclap+1"],"picked":"Corruption","floor":39.0},{"not_picked":["Feed","Ghostly Armor"],"picked":"Battle Trance","floor":41.0},{"not_picked":["Anger","True Grit+1"],"picked":"Shrug It Off+1","floor":46.0},{"not_picked":["Warcry+1","Inflame","Cleave"],"picked":"SKIP","floor":47.0},{"not_picked":["Burning Pact+1","Warcry+1","Havoc+1"],"picked":"SKIP","floor":48.0}],"player_experience":1373068,"relics_obtained":[{"floor":7.0,"key":"FossilizedHelix"},{"floor":9.0,"key":"Mercury Hourglass"},{"floor":10.0,"key":"Whetstone"},{"floor":12.0,"key":"Gremlin Horn"},{"floor":14.0,"key":"Art of War"},{"floor":24.0,"key":"MawBank"},{"floor":26.0,"key":"Bag of Preparation"},{"floor":41.0,"key":"Toxic Egg 2"},{"floor":41.0,"key":"Gambling Chip"},{"floor":43.0,"key":"Red Skull"},{"floor":47.0,"key":"Regal Pillow"},{"floor":47.0,"key":"Strawberry"}],"event_choices":[{"damage_healed":0.0,"max_hp_gain":5.0,"max_hp_loss":0.0,"gold_gain":0.0,"event_name":"Big Fish","player_choice":"Donut","floor":3.0,"gold_loss":0.0,"damage_taken":0.0},{"damage_healed":0.0,"max_hp_gain":0.0,"max_hp_loss":0.0,"gold_gain":0.0,"event_name":"Dead Adventurer","player_choice":"Searched \u00272\u0027 times","floor":11.0,"gold_loss":0.0,"damage_taken":0.0,"relics_obtained":["PreservedInsect"]},{"damage_healed":0.0,"max_hp_gain":0.0,"max_hp_loss":0.0,"gold_gain":50.0,"event_name":"Nest","player_choice":"Stole From Cult","floor":20.0,"gold_loss":0.0,"damage_taken":0.0},{"damage_healed":0.0,"max_hp_gain":0.0,"max_hp_loss":0.0,"gold_gain":0.0,"event_name":"Designer","player_choice":"Upgrade","floor":21.0,"gold_loss":50.0,"damage_taken":0.0,"cards_upgraded":["Berserk"]},{"damage_healed":0.0,"max_hp_gain":0.0,"max_hp_loss":4.0,"gold_gain":0.0,"event_name":"Winding Halls","player_choice":"Max HP","floor":38.0,"gold_loss":0.0,"damage_taken":0.0},{"damage_healed":0.0,"max_hp_gain":0.0,"max_hp_loss":0.0,"gold_gain":0.0,"event_name":"SecretPortal","player_choice":"Ignored","floor":45.0,"gold_loss":0.0,"damage_taken":0.0}],"is_beta":true,"boss_relics":[{"not_picked":["Astrolabe","Calling Bell"],"picked":"Fusion Hammer"},{"not_picked":["Eternal Feather","Orrery"],"picked":"Black Star"}],"items_purged_floors":[31],"is_endless":false,"potions_floor_spawned":[2,5,11,12,14,16,22,27,28,35,39,46,47],"killed_by":"Donu and Deca","ascension_level":20}