{"gold_per_floor":[118,118,136,86,86,86,86,115,167,167,194,225,235,235,235,332,332,348,10,10,10,10,10,43,78,130,158,184,219,245,270,270,365,415,431,1430,911,925,532,560,586,618,618,651,678,678,703,735,735,735,735,735,242,267,267],"floor_reached":56,"playtime":1434,"items_purged":["Predator+1","Body Slam+1","Shrug It Off"],"score":2247,"play_id":"df7403d5-baf1-49ed-8a30-1ecc514b39f0","local_time":"20190827180344","daily_mods":["SealedDeck","Red Cards","Colorless Cards","Flight","DeadlyEvents","Elite Swarm","Lethality","Night Terrors","Terminal"],"is_ascension_mode":false,"campfire_choices":[{"data":"Body Slam","floor":6.0,"key":"SMITH"},{"data":"Leg Sweep","floor":7.0,"key":"SMITH"},{"data":"Sentinel","floor":10.0,"key":"SMITH"},{"data":"Evolve","floor":15.0,"key":"SMITH"},{"data":"Burning Pact","floor":23.0,"key":"SMITH"},{"data":"Grand Finale","floor":32.0,"key":"SMITH"},{"floor":46.0,"key":"RECALL"},{"data":"Finesse","floor":49.0,"key":"SMITH"},{"data":"Adrenaline","floor":52.0,"key":"SMITH"}],"neow_cost":"","seed_source_timestamp":0,"circlet_count":0,"master_deck":["Sentinel+1","Backflip","Burning Pact+1","Evolve+1","After Image","Panacea+1","Well Laid Plans+1","Grand Finale+1","Adrenaline+1","Adrenaline+1","Finesse+1","Calculated Gamble","Madness","After Image","After Image","Apotheosis+1","Deep Breath+1"],"special_seed":0,"relics":["Ring of the Snake","Omamori","Bronze Scales","Bag of Marbles","Pocketwatch","Oddly Smooth Stone","Matryoshka","Astrolabe","TheAbacus","Boot","StoneCalendar","Vajra","Happy Flower","PreservedInsect","Strawberry","Mercury Hourglass","Art of War","Blue Candle","Tiny House","Membership Card","Bag of Preparation","Anchor","Bottled Lightning","Ancient Tea Set","MealTicket","Letter Opener","Question Card","Ice Cream","Toxic Egg 2","Thread and Needle","Orichalcum","Pen Nib","Whetstone","Toy Ornithopter","Snake Skull"],"potions_floor_usage":[55,55,55],"damage_taken":[{"damage":0.0,"enemies":"Cultist","floor":1.0,"turns":3.0},{"damage":0.0,"enemies":"Jaw Worm","floor":3.0,"turns":2.0},{"damage":0.0,"enemies":"3 Sentries","floor":8.0,"turns":6.0},{"damage":0.0,"enemies":"Lagavulin","floor":11.0,"turns":3.0},{"damage":0.0,"enemies":"3 Sentries","floor":12.0,"turns":4.0},{"damage":0.0,"enemies":"Small Slimes","floor":13.0,"turns":1.0},{"damage":0.0,"enemies":"Slime Boss","floor":16.0,"turns":9.0},{"damage":0.0,"enemies":"3 Byrds","floor":18.0,"turns":2.0},{"damage":0.0,"enemies":"Book of Stabbing","floor":24.0,"turns":2.0},{"damage":0.0,"enemies":"Slavers","floor":25.0,"turns":1.0},{"damage":0.0,"enemies":"Book of Stabbing","floor":27.0,"turns":1.0},{"damage":0.0,"enemies":"Gremlin Leader","floor":28.0,"turns":1.0},{"damage":0.0,"enemies":"Slavers","floor":29.0,"turns":1.0},{"damage":0.0,"enemies":"Book of Stabbing","floor":30.0,"turns":1.0},{"damage":0.0,"enemies":"Gremlin Leader","floor":31.0,"turns":1.0},{"damage":0.0,"enemies":"Champ","floor":33.0,"turns":1.0},{"damage":0.0,"enemies":"3 Shapes","floor":35.0,"turns":1.0},{"damage":0.0,"enemies":"Orb Walker","floor":38.0,"turns":1.0},{"damage":0.0,"enemies":"Reptomancer","floor":40.0,"turns":1.0},{"damage":0.0,"enemies":"Giant Head","floor":41.0,"turns":1.0},{"damage":0.0,"enemies":"Reptomancer","floor":42.0,"turns":1.0},{"damage":0.0,"enemies":"Nemesis","floor":44.0,"turns":1.0},{"damage":0.0,"enemies":"Giant Head","floor":45.0,"turns":1.0},{"damage":0.0,"enemies":"Nemesis","floor":47.0,"turns":1.0},{"damage":0.0,"enemies":"Giant Head","floor":48.0,"turns":1.0},{"damage":0.0,"enemies":"Awakened One","floor":50.0,"turns":2.0},{"damage":0.0,"enemies":"Shield and Spear","floor":54.0,"turns":1.0},{"damage":0,"enemies":"The Heart","floor":55,"turns":3}],"seed_played":"8284450989376566803","potions_obtained":[{"floor":3.0,"key":"SkillPotion"},{"floor":8.0,"key":"SpeedPotion"},{"floor":13.0,"key":"SmokeBomb"},{"floor":27.0,"key":"EssenceOfSteel"}],"is_trial":true,"path_per_floor":["M","$","M","?","?","R","R","E","T","R","E","E","M","T","R","B",null,"M","$","?","?","$","R","E","E","T","E","E","E","E","E","R","B",null,"M","?","$","M","$","E","E","E","T","E","E","R","E","E","R","B",null,"R","$","E","B",null],"character_chosen":"THE_SILENT","items_purchased":["TheAbacus","Grand Finale","Membership Card","Bag of Preparation","Finesse","PowerPotion","PowerPotion","Calculated Gamble","Anchor","Bottled Lightning","Ancient Tea Set","MealTicket","Madness","Ancient Potion","Whetstone","Toy Ornithopter","Snake Skull","Apotheosis+1","Deep Breath+1"],"campfire_rested":0,"item_purchase_floors":[19,19,37,37,37,37,37,37,37,39,39,39,39,53,53,53,53,53,53],"current_hp_per_floor":[1,1,1,1,1,1,1,1,1,1,1,1,1,1,1,1,1,1,1,1,1,1,1,1,1,1,1,7,6,5,4,3,2,6,5,4,3,2,1,1,1,1,1,1,1,1,1,1,1,1,1,1,1,1,1],"gold":267,"neow_bonus":"","is_prod":false,"is_daily":false,"chose_seed":false,"campfire_upgraded":8,"win_rate":0,"timestamp":1566900224,"path_taken":["M","$","?","?","?","R","R","E","T","R","E","?","?","?","R","BOSS","M","$","?","?","?","R","E","E","T","E","E","E","E","E","R","BOSS","M","?","$","?","$","E","E","E","T","E","E","R","?","E","R","BOSS","R","$","E","BOSS"],"build_version":"2019-07-17","purchased_purges":3,"victory":true,"max_hp_per_floor":[1,1,1,1,1,1,1,1,1,1,1,1,1,1,1,1,1,1,1,1,1,1,1,1,1,1,1,7,6,5,4,3,2,6,5,4,3,2,1,1,1,1,1,1,1,1,1,1,1,1,1,1,1,1,1],"card_choices":[{"not_picked":["Entrench","Cloak And Dagger","Sucker Punch"],"picked":"SKIP","floor":1.0},{"not_picked":["True Grit","PanicButton","Sword Boomerang"],"picked":"SKIP","floor":3.0},{"not_picked":["Secret Technique","Bludgeon","Feed"],"picked":"SKIP","floor":8.0},{"not_picked":["Thinking Ahead","Chrysalis","Storm of Steel"],"picked":"SKIP","floor":11.0},{"not_picked":["Berserk","Reaper","Night Terror"],"picked":"SKIP","floor":12.0},{"not_picked":["Slice","Combust","Predator"],"picked":"SKIP","floor":13.0},{"not_picked":["Apotheosis","Juggernaut"],"picked":"After Image","floor":16.0},{"not_picked":["Outmaneuver+1","Blade Dance","Dodge and Roll"],"picked":"SKIP","floor":18.0},{"not_picked":["Dark Embrace","Night Terror"],"picked":"Adrenaline","floor":24.0},{"not_picked":["HandOfGreed","Double Tap","Unload"],"picked":"SKIP","floor":25.0},{"not_picked":["Burst","Impervious","Exhume"],"picked":"SKIP","floor":27.0},{"not_picked":["Night Terror","Dark Embrace","After Image"],"picked":"SKIP","floor":28.0},{"not_picked":["Chrysalis","Envenom","A Thousand Cuts"],"picked":"SKIP","floor":29.0},{"not_picked":["Offering","Demon Form","A Thousand Cuts"],"picked":"SKIP","floor":30.0},{"not_picked":["Venomology","Night Terror"],"picked":"Adrenaline","floor":31.0},{"not_picked":["Leg Sweep","Slice","Pommel Strike"],"picked":"SKIP","floor":35.0},{"not_picked":["Underhanded Strike","Setup+1","Headbutt"],"picked":"SKIP","floor":38.0},{"not_picked":["Transmutation","Demon Form","Bludgeon"],"picked":"SKIP","floor":40.0},{"not_picked":["Doppelganger","Limit Break","Barricade"],"picked":"SKIP","floor":41.0},{"not_picked":["Storm of Steel","Immolate","The Bomb"],"picked":"After Image","floor":42.0},{"not_picked":["Envenom","Burst+1","Tools of the Trade","Impervious+1"],"picked":"SKIP","floor":44.0},{"not_picked":["Juggernaut","Burst+1","Magnetism"],"picked":"After Image","floor":45.0},{"not_picked":["Envenom","Panache","Mayhem","Immolate"],"picked":"SKIP","floor":47.0},{"not_picked":["Die Die Die","Thinking Ahead+1","Master of Strategy+1","Fiend Fire"],"picked":"SKIP","floor":48.0},{"not_picked":["Sadistic Nature","Double Tap+1","Secret Weapon+1","Die Die Die"],"picked":"SKIP","floor":54.0}],"player_experience":888819,"relics_obtained":[{"floor":8.0,"key":"Bronze Scales"},{"floor":9.0,"key":"Bag of Marbles"},{"floor":11.0,"key":"Pocketwatch"},{"floor":12.0,"key":"Oddly Smooth Stone"},{"floor":14.0,"key":"Matryoshka"},{"floor":24.0,"key":"Boot"},{"floor":25.0,"key":"StoneCalendar"},{"floor":26.0,"key":"Vajra"},{"floor":26.0,"key":"Happy Flower"},{"floor":27.0,"key":"PreservedInsect"},{"floor":28.0,"key":"Strawberry"},{"floor":29.0,"key":"Mercury Hourglass"},{"floor":30.0,"key":"Art of War"},{"floor":31.0,"key":"Blue Candle"},{"floor":40.0,"key":"Letter Opener"},{"floor":41.0,"key":"Question Card"},{"floor":42.0,"key":"Ice Cream"},{"floor":43.0,"key":"Toxic Egg 2"},{"floor":44.0,"key":"Thread and Needle"},{"floor":47.0,"key":"Orichalcum"},{"floor":48.0,"key":"Pen Nib"}],"event_choices":[{"cards_removed":["Cloak And Dagger"],"damage_healed":0.0,"max_hp_gain":0.0,"max_hp_loss":0.0,"gold_gain":0.0,"event_name":"The Cleric","player_choice":"Card Removal","floor":4.0,"gold_loss":50.0,"damage_taken":0.0},{"damage_healed":0.0,"max_hp_gain":0.0,"max_hp_loss":0.0,"gold_gain":0.0,"event_name":"WeMeetAgain","player_choice":"Gave Potion","floor":5.0,"gold_loss":0.0,"damage_taken":0.0,"relics_obtained":["Omamori"]},{"damage_healed":0.0,"max_hp_gain":0.0,"max_hp_loss":0.0,"gold_gain":0.0,"event_name":"Cursed Tome","player_choice":"Ignored","floor":21.0,"gold_loss":0.0,"damage_taken":0.0},{"damage_healed":0.0,"max_hp_gain":0.0,"max_hp_loss":0.0,"gold_gain":999.0,"event_name":"MindBloom","player_choice":"Gold","floor":36.0,"gold_loss":0.0,"damage_taken":0.0,"cards_obtained":["Normality","Normality"]}],"is_beta":false,"boss_relics":[{"not_picked":["Eternal Feather","HoveringKite"],"picked":"Astrolabe"},{"not_picked":["Cursed Key","WristBlade"],"picked":"Tiny House"}],"items_purged_floors":[37,39,53],"is_endless":false,"potions_floor_spawned":[3,8,13,27,29,30,33,40,42,44,45,54],"ascension_level":0}