{"gold_per_floor":[311,327,338,195,195,195,229,1,80,115,143,143,143,161,161,262,262,280,293,293,101,120,120,150,150,150,179,198,198,42,62,62,159,159,179,179,179,179,192,226,226,14,37,51,64,84,84,0,0,0],"floor_reached":51,"playtime":4620,"items_purged":["Regret"],"score":1035,"play_id":"336bf601-b0df-4c99-9a1f-1132a5719df3","local_time":"20180709123656","is_ascension_mode":true,"campfire_choices":[{"data":"Zap","floor":6.0,"key":"SMITH"},{"floor":12.0,"key":"REST"},{"data":"Reinforced Body","floor":15.0,"key":"SMITH"},{"floor":23.0,"key":"REST"},{"floor":29.0,"key":"REST"},{"floor":32.0,"key":"REST"},{"floor":41.0,"key":"REST"},{"floor":47,"key":"REST"},{"data":"Barrage","floor":49,"key":"SMITH"}],"neow_cost":"","seed_source_timestamp":0,"circlet_count":0,"master_deck":["Strike_B","Defend_B+1","Defend_B","Defend_B+1","Defend_B","Zap+1","Dualcast","Reinforced Body+1","Ball Lightning","Glacier","Machine Learning","Go for the Eyes","Creative AI+1","Hyperbeam","Chaos+1","Beam Cell+1","Conserve Battery+1","Glacier","Ball Lightning","Doom and Gloom","Rebound","Ball Lightning","Cold Snap+1","Barrage+1","Seek","Ball Lightning+1","Doubt","Writhe","Skim","Glacier","Core Surge","Decay","Double Energy+1","BootSequence+1","Blizzard+1"],"special_seed":17721,"relics":["Cracked Core","Old Coin","Oddly Smooth Stone","Ancient Tea Set","Dead Branch","Orichalcum","Frozen Egg 2","Singing Bowl","Odd Mushroom","Astrolabe","TwistedFunnel","Regal Pillow","Torii","Dream Catcher","Happy Flower","Cursed Key","Thread and Needle","Dodecahedron","Art of War","DataDisk","Red Mask"],"potions_floor_usage":[50],"damage_taken":[{"damage":9.0,"enemies":"Small Slimes","floor":1.0,"turns":4.0},{"damage":2.0,"enemies":"Jaw Worm","floor":2.0,"turns":3.0},{"damage":10.0,"enemies":"2 Louse","floor":3.0,"turns":2.0},{"damage":6.0,"enemies":"3 Sentries","floor":7.0,"turns":7.0},{"damage":9.0,"enemies":"Gremlin Nob","floor":10.0,"turns":5.0},{"damage":12.0,"floor":11.0,"turns":4.0},{"damage":3.0,"enemies":"Large Slime","floor":14.0,"turns":4.0},{"damage":2.0,"enemies":"Hexaghost","floor":16.0,"turns":12.0},{"damage":7.0,"enemies":"2 Thieves","floor":18.0,"turns":4.0},{"damage":8.0,"enemies":"Spheric Guardian","floor":19.0,"turns":4.0},{"damage":13.0,"enemies":"Snake Plant","floor":22.0,"turns":6.0},{"damage":14.0,"enemies":"Slavers","floor":24.0,"turns":6.0},{"damage":15.0,"enemies":"Book of Stabbing","floor":27.0,"turns":8.0},{"damage":18.0,"enemies":"Slaver and Parasite","floor":28.0,"turns":8.0},{"damage":19.0,"enemies":"Snecko","floor":31.0,"turns":4.0},{"damage":39.0,"enemies":"Champ","floor":33.0,"turns":10.0},{"damage":46.0,"enemies":"3 Darklings","floor":35.0,"turns":5.0},{"damage":5.0,"floor":36.0,"turns":10.0},{"damage":0.0,"enemies":"Orb Walker","floor":39.0,"turns":3.0},{"damage":24.0,"enemies":"Nemesis","floor":40.0,"turns":11.0},{"damage":0.0,"enemies":"Transient","floor":44.0,"turns":5.0},{"damage":9.0,"enemies":"Sphere and 2 Shapes","floor":45.0,"turns":4.0},{"damage":20.0,"enemies":"3 Darklings","floor":46.0,"turns":7.0},{"damage":55,"enemies":"Awakened One","floor":50,"turns":19}],"seed_played":"2365577451791200373","potions_obtained":[{"floor":1.0,"key":"Block Potion"},{"floor":2.0,"key":"FairyPotion"},{"floor":10.0,"key":"FearPotion"},{"floor":16.0,"key":"Block Potion"},{"floor":24.0,"key":"PowerPotion"},{"floor":27.0,"key":"Regen Potion"},{"floor":28.0,"key":"Energy Potion"},{"floor":31.0,"key":"PowerPotion"},{"floor":33.0,"key":"SpeedPotion"},{"floor":36.0,"key":"Swift Potion"},{"floor":39.0,"key":"GamblersBrew"},{"floor":46,"key":"SkillPotion"}],"is_trial":false,"path_per_floor":["M","M","M","$","?","R","E","$","T","E","?","R","?","M","R","B",null,"M","M","?","$","M","R","E","?","T","E","M","R","$","M","R","B",null,"M","?","T","?","M","E","R","$","T","M","M","M","R","?","R","B"],"character_chosen":"DEFECT","items_purchased":["Oddly Smooth Stone","Orichalcum","TwistedFunnel","Happy Flower","Core Surge","Block Potion"],"campfire_rested":6,"item_purchase_floors":[],"current_hp_per_floor":[66,64,54,54,54,54,48,48,48,39,29,52,37,34,34,32,77,72,64,64,64,51,74,60,60,60,45,42,79,79,62,81,42,81,35,32,32,53,55,31,71,71,71,71,64,44,85,85,85,30],"gold":0,"neow_bonus":"","is_prod":false,"is_daily":false,"chose_seed":false,"campfire_upgraded":3,"win_rate":0,"timestamp":1531154216,"path_taken":["M","M","M","$","?","R","E","$","T","E","?","R","?","M","R","BOSS","M","M","?","$","M","R","E","?","T","E","?","R","$","M","R","BOSS","M","?","?","?","?","E","R","$","T","?","M","M","R","?","R","BOSS"],"build_version":"2018-07-05","purchased_purges":1,"victory":true,"max_hp_per_floor":[75,75,75,75,75,75,75,75,75,75,77,77,77,77,77,77,77,79,79,79,79,79,79,79,79,79,79,79,79,79,81,81,81,81,81,83,83,83,85,85,85,85,85,85,87,87,87,87,87,87],"card_choices":[{"not_picked":["Redo","Steam"],"picked":"Reinforced Body","floor":1.0},{"not_picked":["BootSequence","Redo"],"picked":"Ball Lightning","floor":2.0},{"not_picked":["Turbo","Barrage"],"picked":"Glacier","floor":3.0},{"not_picked":["Hologram","Cold Snap"],"picked":"Machine Learning","floor":7.0},{"not_picked":["Sweeping Beam","Reprogram"],"picked":"Go for the Eyes","floor":10.0},{"not_picked":["Coolheaded","Steam","Sweeping Beam"],"picked":"Singing Bowl","floor":11.0},{"not_picked":["Storm+1","Hologram"],"picked":"Creative AI+1","floor":14.0},{"not_picked":["Meteor Strike","Thunder Strike"],"picked":"Hyperbeam","floor":16.0},{"not_picked":["Stack","Gash+1","Beam Cell+1"],"picked":"Singing Bowl","floor":18.0},{"not_picked":["Hello World+1","BootSequence"],"picked":"Glacier","floor":19.0},{"not_picked":["Lockon","Turbo+1"],"picked":"Ball Lightning","floor":22.0},{"not_picked":["Gash","Scrape+1"],"picked":"Doom and Gloom","floor":24.0},{"not_picked":["White Noise","Reprogram"],"picked":"Rebound","floor":27.0},{"not_picked":["Reboot","Hologram"],"picked":"Ball Lightning","floor":28.0},{"not_picked":["Heatsinks+1","Turbo"],"picked":"Cold Snap+1","floor":29.0},{"not_picked":["Cold Snap","Glacier","Steam"],"picked":"Singing Bowl","floor":31.0},{"not_picked":["Darkness","White Noise"],"picked":"Barrage","floor":32.0},{"not_picked":["Electrodynamics+1","All For One"],"picked":"Seek","floor":33.0},{"not_picked":["Sweeping Beam","Hello World+1"],"picked":"Ball Lightning+1","floor":35.0},{"not_picked":["Turbo","Go for the Eyes+1","Heatsinks+1"],"picked":"Singing Bowl","floor":36.0},{"not_picked":["Hello World+1","Beam Cell+1","Rip and Tear"],"picked":"Singing Bowl","floor":39.0},{"not_picked":["Steam Power+1","Rebound+1"],"picked":"Skim","floor":40.0},{"not_picked":["Rebound","Conserve Battery+1"],"picked":"Glacier","floor":41.0},{"not_picked":["Rebound","Darkness"],"picked":"Double Energy+1","floor":44.0},{"not_picked":["Ball Lightning+1","Steam","Reprogram+1"],"picked":"Singing Bowl","floor":45.0},{"not_picked":["Barrage+1","Rebound+1"],"picked":"BootSequence+1","floor":46},{"not_picked":["Leap+1","Turbo+1"],"picked":"Blizzard+1","floor":47}],"player_experience":245873,"relics_obtained":[{"floor":7.0,"key":"Dead Branch"},{"floor":9.0,"key":"Frozen Egg 2"},{"floor":10.0,"key":"Singing Bowl"},{"floor":11.0,"key":"Odd Mushroom"},{"floor":24.0,"key":"Regal Pillow"},{"floor":26.0,"key":"Torii"},{"floor":27.0,"key":"Dream Catcher"},{"floor":36.0,"key":"Thread and Needle"},{"floor":37.0,"key":"Dodecahedron"},{"floor":40.0,"key":"Art of War"},{"floor":43.0,"key":"DataDisk"}],"event_choices":[{"event_name":"Big Fish","player_choice":"Box","floor":5.0,"damage_taken":0.0},{"event_name":"Mushrooms","player_choice":"Fought Mushrooms","floor":11.0,"damage_taken":0.0},{"event_name":"Shining Light","player_choice":"Entered Light","floor":13.0,"damage_taken":0.0},{"event_name":"N\u0027loth","player_choice":"Ignored","floor":20.0,"damage_taken":0.0},{"event_name":"Ghosts","player_choice":"Ignored","floor":25.0,"damage_taken":0.0},{"event_name":"MindBloom","player_choice":"Fight","floor":36.0,"damage_taken":0.0},{"event_name":"Winding Halls","player_choice":"Writhe","floor":38.0,"damage_taken":0.0},{"event_name":"Tomb of Lord Red Mask","player_choice":"Paid","floor":48,"damage_taken":0}],"boss_relics":[{"not_picked":["Snecko Eye","Eternal Feather"],"picked":"Astrolabe"},{"not_picked":["Orrery","Velvet Choker"],"picked":"Cursed Key"}],"items_purged_floors":[],"is_endless":false,"potions_floor_spawned":[1,2,10,16,24,27,28,31,33,36,39,46],"ascension_level":2}