{"gold_per_floor":[113,113,263,91,102,102,136,148,148,148],"floor_reached":10,"playtime":181,"items_purged":["Doubt"],"score":132,"play_id":"c5fae0ce-7fc1-47b4-a7fe-d8b96f0067cc","local_time":"20190414002348","is_ascension_mode":true,"campfire_choices":[{"data":"Bash","floor":6,"key":"SMITH"}],"neow_cost":"NONE","seed_source_timestamp":22762559197355,"circlet_count":0,"master_deck":["AscendersBane","Strike_R","Strike_R","Strike_R","Strike_R","Strike_R","Defend_R","Defend_R","Defend_R","Defend_R","Bash+1","Anger","Shrug It Off","Blood for Blood","Power Through","Cleave","Thunderclap","Parasite"],"relics":["Cursed Key","WingedGreaves","Matryoshka"],"potions_floor_usage":[8],"damage_taken":[{"damage":10,"enemies":"Small Slimes","floor":1,"turns":3},{"damage":2,"enemies":"Jaw Worm","floor":5,"turns":2},{"damage":32,"enemies":"Gremlin Nob","floor":7,"turns":4},{"damage":0,"enemies":"2 Louse","floor":8,"turns":2},{"damage":25,"enemies":"Lagavulin","floor":10,"turns":5}],"seed_played":"1548051454438790016","potions_obtained":[{"floor":7,"key":"SkillPotion"}],"is_trial":false,"path_per_floor":["M","?","?","$","M","R","E","M","T","E"],"character_chosen":"IRONCLAD","items_purchased":["Shrug It Off","Blood for Blood"],"campfire_rested":0,"item_purchase_floors":[4,4],"current_hp_per_floor":[58,58,58,58,56,56,24,24,24,0],"gold":148,"neow_bonus":"BOSS_RELIC","is_prod":false,"is_daily":false,"chose_seed":false,"campfire_upgraded":1,"win_rate":0,"timestamp":1555226628,"path_taken":["M","?","?","$","M","R","E","M","T","E"],"build_version":"2019-04-04","purchased_purges":1,"victory":false,"max_hp_per_floor":[75,75,75,75,75,75,75,75,75,75],"card_choices":[{"not_picked":["Flex","Iron Wave"],"picked":"Anger","floor":1},{"not_picked":["Havoc","Clash"],"picked":"Power Through","floor":5},{"not_picked":["Rupture","Thunderclap"],"picked":"Cleave","floor":7},{"not_picked":["Cleave","Rage"],"picked":"Thunderclap","floor":8}],"player_experience":1423027,"relics_obtained":[{"floor":7,"key":"WingedGreaves"},{"floor":9,"key":"Matryoshka"}],"event_choices":[{"damage_healed":0,"gold_gain":0,"player_choice":"Leave","damage_taken":0,"max_hp_gain":0,"max_hp_loss":0,"event_name":"The Cleric","floor":2,"gold_loss":0},{"damage_healed":0,"gold_gain":150,"player_choice":"AGREE","damage_taken":0,"max_hp_gain":0,"max_hp_loss":0,"event_name":"Liars Game","floor":3,"gold_loss":0,"cards_obtained":["Doubt"]}],"is_beta":true,"boss_relics":[],"items_purged_floors":[4],"is_endless":false,"potions_floor_spawned":[7],"killed_by":"Lagavulin","ascension_level":20}