{"gold_per_floor":[109,59,59,59,75,75,106,106,106,106,136,61,78,139,139,239,239,252,10,109,122,122,148,148,166,166,166,166,166,178,188,188,188],"floor_reached":33,"playtime":1488,"items_purged":["Strike_R"],"score":475,"play_id":"8990d4f1-c921-4ccb-9d2b-25d21c206d06","local_time":"20190726210731","is_ascension_mode":true,"campfire_choices":[{"data":"Bash","floor":6,"key":"SMITH"},{"data":"Double Tap","floor":8,"key":"SMITH"},{"floor":15,"key":"REST"},{"floor":24,"key":"REST"},{"floor":27,"key":"REST"},{"data":"Flame Barrier","floor":29,"key":"SMITH"},{"data":"Shrug It Off","floor":32,"key":"SMITH"}],"neow_cost":"NONE","seed_source_timestamp":1438295333810536,"circlet_count":0,"master_deck":["AscendersBane","Strike_R","Strike_R","Strike_R","Defend_R","Defend_R","Defend_R","Defend_R","Bash+1","Cleave","Shrug It Off+1","Double Tap+1","Bash","Carnage","Fiend Fire","Feed","Carnage","Flame Barrier+1","Shrug It Off"],"relics":["Burning Blood","Bag of Marbles","Red Skull","Bag of Preparation","Matryoshka","Pear","Tiny Chest","Philosopher\u0027s Stone","Paper Frog","Dream Catcher","Ornamental Fan","Boot","Prayer Wheel","Centennial Puzzle"],"potions_floor_usage":[7,16,23,33],"damage_taken":[{"damage":1,"enemies":"Small Slimes","floor":1,"turns":4},{"damage":0,"enemies":"2 Louse","floor":5,"turns":3},{"damage":47,"enemies":"Lagavulin","floor":7,"turns":7},{"damage":18,"enemies":"Gremlin Nob","floor":11,"turns":3},{"damage":0,"enemies":"Cultist","floor":13,"turns":2},{"damage":40,"enemies":"Lagavulin","floor":14,"turns":4},{"damage":41,"enemies":"The Guardian","floor":16,"turns":9},{"damage":18,"enemies":"2 Thieves","floor":18,"turns":4},{"damage":8,"enemies":"Shell Parasite","floor":21,"turns":2},{"damage":37,"enemies":"Slavers","floor":23,"turns":5},{"damage":43,"enemies":"Centurion and Healer","floor":25,"turns":5},{"damage":0,"enemies":"Cultist and Chosen","floor":30,"turns":3},{"damage":22,"enemies":"Shelled Parasite and Fungi","floor":31,"turns":5},{"damage":104,"enemies":"Automaton","floor":33,"turns":6}],"seed_played":"-6623962205622475314","potions_obtained":[{"floor":5,"key":"Regen Potion"},{"floor":14,"key":"Weak Potion"},{"floor":16,"key":"Ancient Potion"},{"floor":21,"key":"Block Potion"},{"floor":30,"key":"Poison Potion"},{"floor":31,"key":"BloodPotion"}],"is_trial":false,"path_per_floor":["M","?","?","?","M","R","E","R","T","?","E","$","M","E","R","B",null,"M","$","?","M","?","E","R","M","T","R","T","R","M","M","R","B"],"character_chosen":"IRONCLAD","items_purchased":["Paper Frog"],"campfire_rested":3,"item_purchase_floors":[19],"current_hp_per_floor":[77,77,70,75,81,81,52,52,52,52,50,50,56,22,50,15,75,66,66,66,64,64,36,66,29,29,59,59,59,68,55,55,0],"gold":188,"neow_bonus":"RANDOM_COMMON_RELIC","is_prod":false,"is_daily":false,"chose_seed":false,"campfire_upgraded":4,"win_rate":0,"timestamp":1564193251,"path_taken":["M","?","?","?","M","R","E","R","T","?","E","$","M","E","R","BOSS","M","$","?","M","?","E","R","M","T","R","?","R","M","M","R","BOSS"],"build_version":"2019-07-17","purchased_purges":1,"victory":false,"max_hp_per_floor":[80,80,80,85,85,85,85,85,85,85,95,95,95,95,95,95,95,98,98,98,98,98,101,101,101,101,101,101,101,104,107,107,107],"card_choices":[{"not_picked":["True Grit","Clash"],"picked":"Cleave","floor":1},{"not_picked":["Rage","Anger"],"picked":"Shrug It Off","floor":5},{"not_picked":["Entrench","Evolve"],"picked":"Double Tap","floor":7},{"not_picked":["Warcry","Fire Breathing"],"picked":"Carnage","floor":11},{"not_picked":["Anger","Clothesline","Reckless Charge"],"picked":"SKIP","floor":13},{"not_picked":["Thunderclap","Burning Pact"],"picked":"Fiend Fire","floor":14},{"not_picked":["Juggernaut","Berserk"],"picked":"Feed","floor":16},{"not_picked":["Twin Strike","Flex+1"],"picked":"Carnage","floor":18},{"not_picked":["Thunderclap","Perfected Strike"],"picked":"Flame Barrier","floor":21},{"not_picked":["Pommel Strike","Clash","Iron Wave"],"picked":"SKIP","floor":23},{"not_picked":["Pommel Strike","Heavy Blade","Clash"],"picked":"SKIP","floor":25},{"not_picked":["Havoc","Bloodletting"],"picked":"Shrug It Off","floor":30},{"not_picked":["Double Tap","Searing Blow","Havoc"],"picked":"SKIP","floor":30},{"not_picked":["Armaments","Rampage","Blood for Blood"],"picked":"SKIP","floor":31},{"not_picked":["Cleave","Reckless Charge","Clash"],"picked":"SKIP","floor":31}],"player_experience":898845,"relics_obtained":[{"floor":7,"key":"Bag of Preparation"},{"floor":9,"key":"Matryoshka"},{"floor":11,"key":"Pear"},{"floor":14,"key":"Tiny Chest"},{"floor":23,"key":"Dream Catcher"},{"floor":26,"key":"Ornamental Fan"},{"floor":26,"key":"Boot"},{"floor":28,"key":"Prayer Wheel"},{"floor":28,"key":"Centennial Puzzle"}],"event_choices":[{"cards_removed":["Strike_R"],"damage_healed":0,"gold_gain":0,"player_choice":"Card Removal","damage_taken":0,"max_hp_gain":0,"max_hp_loss":0,"event_name":"The Cleric","floor":2,"gold_loss":50},{"damage_healed":0,"gold_gain":0,"player_choice":"Success","damage_taken":7,"relics_obtained":["Red Skull"],"max_hp_gain":0,"max_hp_loss":0,"event_name":"Scrap Ooze","floor":3,"gold_loss":0},{"damage_healed":0,"gold_gain":0,"player_choice":"Donut","damage_taken":0,"max_hp_gain":5,"max_hp_loss":0,"event_name":"Big Fish","floor":4,"gold_loss":0},{"damage_healed":0,"gold_gain":0,"player_choice":"1 cards matched","damage_taken":0,"max_hp_gain":0,"max_hp_loss":0,"event_name":"Match and Keep!","floor":10,"gold_loss":0,"cards_obtained":["Bash"]},{"damage_healed":0,"gold_gain":99,"player_choice":"Stole From Cult","damage_taken":0,"max_hp_gain":0,"max_hp_loss":0,"event_name":"Nest","floor":20,"gold_loss":0},{"damage_healed":0,"gold_gain":0,"player_choice":"Ignored","damage_taken":0,"max_hp_gain":0,"max_hp_loss":0,"event_name":"Ghosts","floor":22,"gold_loss":0}],"is_beta":false,"boss_relics":[{"not_picked":["Ectoplasm","Astrolabe"],"picked":"Philosopher\u0027s Stone"}],"items_purged_floors":[12],"is_endless":false,"potions_floor_spawned":[5,14,16,21,30,31],"killed_by":"Automaton","ascension_level":12}