{"gold_per_floor":[112,112,112,122,3,3,22,56,56,69,69,87,5,30,30,130,130,146,146,146,245,3,3,33,44,44,74,74,36,49,68,68,165,165,180,103,157,157,0,0,18,18,65,94,111,131,141,153,153,153],"floor_reached":51,"playtime":4210,"items_purged":[],"score":811,"play_id":"39f682b7-0d09-4224-935a-06d8278a5b66","local_time":"20190223164449","is_ascension_mode":true,"campfire_choices":[{"data":"Consume","floor":6.0,"key":"SMITH"},{"data":"Zap","floor":11.0,"key":"SMITH"},{"data":"Storm","floor":15.0,"key":"SMITH"},{"data":"Defragment","floor":23.0,"key":"SMITH"},{"data":"Steam Power","floor":28.0,"key":"SMITH"},{"data":"Loop","floor":32.0,"key":"SMITH"},{"data":"Buffer","floor":40.0,"key":"SMITH"},{"data":"Steam Power","floor":42,"key":"SMITH"},{"data":"Hologram","floor":49,"key":"SMITH"}],"neow_cost":"NONE","seed_source_timestamp":707166645427,"circlet_count":0,"master_deck":["Strike_B","Strike_B","Strike_B","Defend_B","Defend_B","Defend_B","Zap+1","Dualcast","Steam Power+1","Consume+1","Storm+1","Leap","Coolheaded","Seek","Capacitor","Force Field","Hologram+1","FTL","Self Repair","Electrodynamics","Steam Power+1","Glacier","Necronomicurse","Defragment+1","Coolheaded","Genetic Algorithm","Chill+1","Loop+1","Consume+1","Coolheaded+1","Buffer+1","Genetic Algorithm+1","Consume+1","Self Repair","Dark Shackles+1","Enlightenment+1","Magnetism","Static Discharge","Heatsinks","Stack+1","Coolheaded+1","Recycle+1","Barrage"],"special_seed":0,"relics":["Cracked Core","Mercury Hourglass","Oddly Smooth Stone","Singing Bowl","Sozu","Necronomicon","OrangePellets","Blue Candle","Toxic Egg 2","Lantern","Inserter","Gambling Chip","Red Mask","PreservedInsect","Ancient Tea Set"],"potions_floor_usage":[],"damage_taken":[{"damage":0.0,"enemies":"2 Louse","floor":1.0,"turns":3.0},{"damage":1.0,"enemies":"Jaw Worm","floor":4.0,"turns":3.0},{"damage":6.0,"enemies":"Cultist","floor":7.0,"turns":3.0},{"damage":0.0,"enemies":"Lagavulin","floor":8.0,"turns":7.0},{"damage":4.0,"enemies":"Exordium Thugs","floor":10.0,"turns":4.0},{"damage":10.0,"enemies":"Blue Slaver","floor":12.0,"turns":3.0},{"damage":9.0,"enemies":"3 Sentries","floor":14.0,"turns":4.0},{"damage":13.0,"enemies":"Hexaghost","floor":16.0,"turns":8.0},{"damage":0.0,"enemies":"3 Byrds","floor":18.0,"turns":3.0},{"damage":35.0,"enemies":"Slavers","floor":24.0,"turns":5.0},{"damage":0.0,"enemies":"Spheric Guardian","floor":25.0,"turns":4.0},{"damage":10.0,"enemies":"Gremlin Leader","floor":27.0,"turns":6.0},{"damage":0.0,"enemies":"Snecko","floor":30.0,"turns":5.0},{"damage":1.0,"enemies":"Snake Plant","floor":31.0,"turns":4.0},{"damage":7.0,"enemies":"Automaton","floor":33.0,"turns":13.0},{"damage":0.0,"enemies":"Orb Walker","floor":35.0,"turns":4.0},{"damage":22.0,"enemies":"2 Orb Walkers","floor":37.0,"turns":4.0},{"damage":10,"enemies":"3 Darklings","floor":41,"turns":3},{"damage":0,"enemies":"Giant Head","floor":44,"turns":6},{"damage":0,"enemies":"Transient","floor":45,"turns":5},{"damage":0,"enemies":"Writhing Mass","floor":46,"turns":5},{"damage":0,"enemies":"4 Shapes","floor":47,"turns":2},{"damage":0,"enemies":"Maw","floor":48,"turns":7},{"damage":12,"enemies":"Time Eater","floor":50,"turns":10}],"seed_played":"7123775977370044657","potions_obtained":[{"floor":0.0,"key":"Fire Potion"},{"floor":0.0,"key":"EntropicBrew"},{"floor":0.0,"key":"Fruit Juice"},{"floor":1.0,"key":"Dexterity Potion"},{"floor":8.0,"key":"Poison Potion"},{"floor":12.0,"key":"PowerPotion"}],"is_trial":false,"path_per_floor":["M","?","?","M","$","R","M","E","T","M","R","M","$","E","R","B",null,"M","?","?","?","$","R","E","M","T","E","R","$","M","M","R","B",null,"M","$","?","?","?","R","M","R","T","E","M","M","M","M","R","B",null],"character_chosen":"DEFECT","items_purchased":["Storm","Leap","Hologram","FTL","OrangePellets","Defragment","Loop","Consume+1"],"campfire_rested":0,"item_purchase_floors":[5,5,13,13,22,22,29,36],"current_hp_per_floor":[80,73,73,72,72,72,66,66,66,62,62,52,52,43,43,37,80,80,80,64,64,64,64,36,48,48,38,38,38,45,44,44,44,80,80,80,58,48,48,48,52,52,52,69,80,80,80,80,80,80],"gold":153,"neow_bonus":"THREE_SMALL_POTIONS","is_prod":false,"is_daily":false,"chose_seed":false,"campfire_upgraded":9,"win_rate":0,"timestamp":1550969089,"path_taken":["M","?","?","M","$","R","?","E","T","M","R","M","$","E","R","BOSS","M","?","?","?","$","R","E","M","T","E","R","$","M","M","R","BOSS","M","$","?","?","?","R","M","R","T","E","M","M","M","M","R","BOSS"],"build_version":"2019-02-06","purchased_purges":0,"victory":true,"max_hp_per_floor":[80,80,80,80,80,80,80,80,80,80,80,80,80,80,80,80,80,80,80,80,80,80,80,80,80,80,80,80,80,80,80,80,80,80,80,80,80,80,80,80,80,80,80,80,80,80,80,80,80,80],"card_choices":[{"not_picked":["Compile Driver","Rebound"],"picked":"Steam Power","floor":1.0},{"not_picked":["Ball Lightning","Steam"],"picked":"Consume","floor":4.0},{"not_picked":["Redo","Streamline"],"picked":"Coolheaded","floor":7.0},{"not_picked":["Conserve Battery","Doom and Gloom"],"picked":"Seek","floor":8.0},{"not_picked":["Compile Driver","Genetic Algorithm"],"picked":"Capacitor","floor":10.0},{"not_picked":["Go for the Eyes","Ball Lightning"],"picked":"Force Field","floor":12.0},{"not_picked":["Leap","Gash"],"picked":"Self Repair","floor":14.0},{"not_picked":["Multi-Cast","Thunder Strike"],"picked":"Electrodynamics","floor":16.0},{"not_picked":["Lockon","Leap"],"picked":"Steam Power","floor":18.0},{"not_picked":["Gash","Stack"],"picked":"Coolheaded","floor":24.0},{"not_picked":["Rip and Tear","Darkness"],"picked":"Genetic Algorithm","floor":25.0},{"not_picked":["Rebound","Coolheaded+1"],"picked":"Chill+1","floor":27.0},{"not_picked":["Gash","Barrage"],"picked":"Consume+1","floor":30.0},{"not_picked":["Self Repair","Stack+1"],"picked":"Coolheaded+1","floor":31.0},{"not_picked":["Amplify+1","Seek+1"],"picked":"Buffer","floor":33.0},{"not_picked":["Streamline+1","Lockon"],"picked":"Genetic Algorithm+1","floor":35.0},{"not_picked":["Rebound","Gash+1"],"picked":"Self Repair","floor":37.0},{"not_picked":["Bandage Up+1","Swift Strike"],"picked":"Dark Shackles+1","floor":38.0},{"not_picked":["Swift Strike","Mayhem"],"picked":"Enlightenment+1","floor":38.0},{"not_picked":["Impatience+1","Mayhem"],"picked":"Magnetism","floor":38.0},{"not_picked":["Gash+1","Rebound"],"picked":"Static Discharge","floor":41},{"not_picked":["Chaos+1","Gash+1"],"picked":"Heatsinks","floor":44},{"not_picked":["Barrage","Compile Driver+1"],"picked":"Stack+1","floor":45},{"not_picked":["Steam Power+1","Go for the Eyes+1"],"picked":"Coolheaded+1","floor":46},{"not_picked":["Rip and Tear+1","Redo+1"],"picked":"Recycle+1","floor":47},{"not_picked":["Steam+1","Streamline"],"picked":"Barrage","floor":48}],"player_experience":1210758,"relics_obtained":[{"floor":8.0,"key":"Mercury Hourglass"},{"floor":9.0,"key":"Oddly Smooth Stone"},{"floor":14.0,"key":"Singing Bowl"},{"floor":20.0,"key":"Necronomicon"},{"floor":24.0,"key":"Blue Candle"},{"floor":26.0,"key":"Toxic Egg 2"},{"floor":27.0,"key":"Lantern"},{"floor":37.0,"key":"Gambling Chip"},{"floor":43,"key":"PreservedInsect"},{"floor":44,"key":"Ancient Tea Set"}],"event_choices":[{"cards_removed":["Strike_B"],"damage_healed":0.0,"max_hp_gain":0.0,"max_hp_loss":0.0,"gold_gain":0.0,"event_name":"Golden Wing","player_choice":"Card Removal","floor":2.0,"gold_loss":0.0,"damage_taken":7.0},{"cards_removed":["Defend_B"],"damage_healed":0.0,"max_hp_gain":0.0,"max_hp_loss":0.0,"gold_gain":0.0,"event_name":"Purifier","player_choice":"Purged","floor":3.0,"gold_loss":0.0,"damage_taken":0.0},{"damage_healed":0.0,"max_hp_gain":0.0,"max_hp_loss":0.0,"gold_gain":0.0,"event_name":"The Library","player_choice":"Read","floor":19.0,"gold_loss":0.0,"damage_taken":0.0,"cards_obtained":["Glacier"]},{"damage_healed":0.0,"max_hp_gain":0.0,"max_hp_loss":0.0,"gold_gain":0.0,"event_name":"Cursed Tome","player_choice":"Obtained Book","floor":20.0,"gold_loss":0.0,"damage_taken":16.0},{"damage_healed":0.0,"max_hp_gain":0.0,"max_hp_loss":0.0,"gold_gain":99.0,"event_name":"Nest","player_choice":"Stole From Cult","floor":21.0,"gold_loss":0.0,"damage_taken":0.0},{"damage_healed":0.0,"max_hp_gain":0.0,"max_hp_loss":0.0,"gold_gain":0.0,"event_name":"Mysterious Sphere","player_choice":"Fight","floor":37.0,"gold_loss":0.0,"damage_taken":0.0},{"damage_healed":0.0,"max_hp_gain":0.0,"max_hp_loss":0.0,"gold_gain":0.0,"event_name":"SensoryStone","player_choice":"Memory 3","floor":38.0,"gold_loss":0.0,"damage_taken":10.0},{"damage_healed":0.0,"max_hp_gain":0.0,"max_hp_loss":0.0,"gold_gain":0.0,"event_name":"Tomb of Lord Red Mask","player_choice":"Paid","floor":39.0,"gold_loss":157.0,"damage_taken":0.0,"relics_obtained":["Red Mask"]}],"is_beta":true,"boss_relics":[{"not_picked":["White Beast Statue","Orrery"],"picked":"Sozu"},{"not_picked":["Eternal Feather","Astrolabe"],"picked":"Inserter"}],"items_purged_floors":[],"is_endless":false,"potions_floor_spawned":[1,8,12,24,31,33,41,45,46,47,48],"ascension_level":1}