{"gold_per_floor":[113,113,5,20,20,53,53,53,98,132,132,151,185,17,17,89,89,99,113,128,128,78,78,110,12,12,12,25,25,44,44],"floor_reached":31,"playtime":887,"items_purged":[],"score":542,"play_id":"734b3098-5da6-4d5a-892a-2d4a2c4b3f8b","local_time":"20190223131301","is_ascension_mode":true,"campfire_choices":[{"data":"Infernal Blade","floor":7,"key":"SMITH"},{"floor":11,"key":"REST"},{"data":"Armaments","floor":15,"key":"SMITH"},{"data":"Whirlwind","floor":23,"key":"SMITH"},{"floor":27,"key":"REST"},{"floor":29,"key":"REST"}],"neow_cost":"NONE","seed_source_timestamp":9184664027779,"circlet_count":0,"master_deck":["AscendersBane","Strike_R+1","Strike_R+1","Strike_R+1","Strike_R+1","Defend_R+1","Defend_R+1","Defend_R+1","Defend_R+1","Bash+1","Power Through","Infernal Blade+1","Iron Wave+1","Wild Strike","Impervious","Anger","Second Wind","Armaments+1","Evolve","Power Through","Juggernaut","Whirlwind+1","Shrug It Off","True Grit","Discovery","Ghostly Armor","Shrug It Off"],"relics":["Black Star","Pen Nib","Whetstone","Oddly Smooth Stone","PreservedInsect","Pantograph","Happy Flower","Dream Catcher","Philosopher\u0027s Stone","Self Forming Clay","Bag of Marbles","Kunai"],"potions_floor_usage":[6,13,18,24],"damage_taken":[{"damage":12,"enemies":"Cultist","floor":1,"turns":4},{"damage":7,"enemies":"Small Slimes","floor":4,"turns":4},{"damage":11,"enemies":"Gremlin Nob","floor":6,"turns":3},{"damage":14,"enemies":"Lagavulin","floor":10,"turns":7},{"damage":0,"enemies":"Jaw Worm","floor":12,"turns":2},{"damage":10,"enemies":"3 Sentries","floor":13,"turns":6},{"damage":2,"enemies":"The Guardian","floor":16,"turns":12},{"damage":0,"enemies":"Chosen","floor":18,"turns":3},{"damage":13,"enemies":"Shell Parasite","floor":19,"turns":5},{"damage":14,"enemies":"Centurion and Healer","floor":20,"turns":8},{"damage":31,"enemies":"Book of Stabbing","floor":24,"turns":5},{"damage":19,"enemies":"Snake Plant","floor":28,"turns":3},{"damage":15,"enemies":"3 Cultists","floor":30,"turns":7},{"damage":23,"enemies":"Shelled Parasite and Fungi","floor":31,"turns":1}],"seed_played":"5980754204920087623","potions_obtained":[{"floor":4,"key":"Poison Potion"},{"floor":6,"key":"Fire Potion"},{"floor":16,"key":"Swift Potion"},{"floor":18,"key":"SteroidPotion"},{"floor":24,"key":"LiquidBronze"}],"is_trial":false,"path_per_floor":["M","?","$","M","$","E","R","?","T","E","R","M","E","$","R","B",null,"M","M","M","?","?","R","E","$","T","R","M","R","M","M"],"character_chosen":"IRONCLAD","items_purchased":["Infernal Blade","Iron Wave","Evolve","Power Through","Discovery"],"campfire_rested":3,"item_purchase_floors":[3,3,14,14,25],"current_hp_per_floor":[56,56,56,49,49,38,38,31,31,17,39,39,29,29,29,52,69,69,56,42,42,42,42,11,11,11,33,14,36,21,0],"gold":44,"neow_bonus":"BOSS_RELIC","is_prod":false,"is_daily":false,"chose_seed":false,"campfire_upgraded":3,"win_rate":0,"timestamp":1550956381,"path_taken":["M","?","$","M","$","E","R","?","T","E","R","M","E","?","R","BOSS","M","M","M","?","?","R","E","$","T","R","M","R","M","M"],"build_version":"2019-02-06","purchased_purges":0,"victory":false,"max_hp_per_floor":[75,75,75,75,75,75,75,75,75,75,75,75,75,75,75,75,75,75,75,75,75,75,75,75,75,75,75,75,75,75,75],"card_choices":[{"not_picked":["Thunderclap","Havoc"],"picked":"Power Through","floor":1},{"not_picked":["Whirlwind","Twin Strike"],"picked":"Wild Strike","floor":4},{"not_picked":["Dual Wield","Anger"],"picked":"Impervious","floor":6},{"not_picked":["Sword Boomerang","Entrench"],"picked":"Anger","floor":10},{"not_picked":["Rupture","Warcry"],"picked":"Second Wind","floor":12},{"not_picked":["Pommel Strike","Headbutt"],"picked":"Armaments","floor":13},{"not_picked":["Double Tap","Dark Embrace"],"picked":"Juggernaut","floor":16},{"not_picked":["Pummel+1","Fire Breathing"],"picked":"Whirlwind","floor":18},{"not_picked":["Wild Strike","Warcry"],"picked":"Shrug It Off","floor":19},{"not_picked":["Cleave","Flex","Armaments"],"picked":"SKIP","floor":20},{"not_picked":["Sentinel","Wild Strike"],"picked":"True Grit","floor":24},{"not_picked":["Impervious","Dual Wield"],"picked":"Ghostly Armor","floor":28},{"not_picked":["Flex","Inflame"],"picked":"Shrug It Off","floor":29},{"not_picked":["Clash","Second Wind","True Grit"],"picked":"SKIP","floor":30}],"player_experience":1209871,"relics_obtained":[{"floor":6,"key":"Pen Nib"},{"floor":6,"key":"Whetstone"},{"floor":9,"key":"Oddly Smooth Stone"},{"floor":10,"key":"PreservedInsect"},{"floor":10,"key":"Pantograph"},{"floor":13,"key":"Happy Flower"},{"floor":13,"key":"Dream Catcher"},{"floor":24,"key":"Self Forming Clay"},{"floor":24,"key":"Bag of Marbles"},{"floor":26,"key":"Kunai"}],"event_choices":[{"damage_healed":0,"gold_gain":0,"player_choice":"Grow","damage_taken":0,"max_hp_gain":0,"max_hp_loss":0,"event_name":"Living Wall","floor":2,"gold_loss":0,"cards_upgraded":["Bash"]},{"cards_removed":["Strike_R"],"damage_healed":0,"gold_gain":0,"player_choice":"Card Removal","damage_taken":7,"max_hp_gain":0,"max_hp_loss":0,"event_name":"Golden Wing","floor":8,"gold_loss":0},{"damage_healed":0,"gold_gain":0,"player_choice":"Simplicity","damage_taken":0,"max_hp_gain":0,"max_hp_loss":0,"event_name":"Back to Basics","floor":21,"gold_loss":0,"cards_upgraded":["Strike_R","Strike_R","Strike_R","Defend_R","Defend_R","Defend_R","Defend_R"]},{"damage_healed":0,"gold_gain":0,"player_choice":"Bet on Murderer","damage_taken":0,"max_hp_gain":0,"max_hp_loss":0,"event_name":"The Joust","floor":22,"gold_loss":50}],"is_beta":true,"boss_relics":[{"not_picked":["Busted Crown","Orrery"],"picked":"Philosopher\u0027s Stone"}],"items_purged_floors":[],"is_endless":false,"potions_floor_spawned":[4,6,16,18,24],"killed_by":"Shelled Parasite and Fungi","ascension_level":20}