{"gold_per_floor":[115,115,115,115,65,93,93,105,105,105,137,192,192,207,207,303,303,321,85,85,101,101,101,15,33,57,72,72,86,14,39,39,142,142,157,168,178,193,3,35,35,64,64,0,0,48,48,48,48,48,48,48,25,25],"floor_reached":54,"playtime":3679,"items_purged":["Defend_B"],"score":749,"play_id":"30e16290-527c-4c29-a669-637ae0d8283e","local_time":"20190706151452","is_ascension_mode":false,"campfire_choices":[{"floor":10,"key":"REST"},{"floor":13,"key":"REST"},{"floor":15,"key":"RECALL"},{"data":"Defragment","floor":23,"key":"SMITH"},{"data":"Buffer","floor":32,"key":"SMITH"},{"data":"Capacitor","floor":41,"key":"SMITH"},{"floor":47,"key":"REST"},{"data":"Defragment","floor":49,"key":"SMITH"},{"data":"Seek","floor":52,"key":"SMITH"}],"neow_cost":"NONE","seed_source_timestamp":436094204881605,"circlet_count":0,"master_deck":["Strike_B+1","Strike_B+1","Defend_B+1","Defend_B+1","Defend_B+1","Cold Snap","Capacitor+1","Defragment+1","Leap","Conserve Battery","White Noise","Buffer+1","Barrage+1","Biased Cognition","Cold Snap","Ball Lightning+1","Glacier","Cold Snap","Leap","Glacier","Leap","Ball Lightning+1","Defragment+1","Seek+1","Cold Snap+1","Thunder Strike","Conserve Battery","Conserve Battery+1","Madness","Madness","Coolheaded+1","Cold Snap+1"],"relics":["Cracked Core","Orichalcum","Darkstone Periapt","Mango","Peace Pipe","Boot","Velvet Choker","Whetstone","Pen Nib","Eternal Feather","ClockworkSouvenir","Oddly Smooth Stone","Juzu Bracelet","Molten Egg 2","Red Mask","Pocketwatch"],"potions_floor_usage":[18,33,46,46,46],"damage_taken":[{"damage":3,"enemies":"Small Slimes","floor":1,"turns":3},{"damage":40,"enemies":"Lagavulin","floor":6,"turns":13},{"damage":0,"enemies":"Jaw Worm","floor":8,"turns":8},{"damage":18,"enemies":"Gremlin Nob","floor":11,"turns":9},{"damage":11,"enemies":"3 Sentries","floor":12,"turns":16},{"damage":0,"enemies":"2 Louse","floor":14,"turns":4},{"damage":37,"enemies":"Slime Boss","floor":16,"turns":14},{"damage":0,"enemies":"Shell Parasite","floor":18,"turns":16},{"damage":0,"enemies":"2 Thieves","floor":21,"turns":4},{"damage":4,"enemies":"Snake Plant","floor":25,"turns":5},{"damage":0,"enemies":"Chosen and Byrds","floor":27,"turns":6},{"damage":0,"enemies":"Shelled Parasite and Fungi","floor":29,"turns":7},{"damage":3,"enemies":"Champ","floor":33,"turns":15},{"damage":18,"enemies":"3 Darklings","floor":35,"turns":9},{"damage":0,"enemies":"Orb Walker","floor":36,"turns":5},{"damage":0,"enemies":"Writhing Mass","floor":37,"turns":8},{"damage":17,"enemies":"4 Shapes","floor":38,"turns":8},{"damage":3,"enemies":"Nemesis","floor":40,"turns":7},{"damage":3,"enemies":"Giant Head","floor":42,"turns":13},{"damage":44,"enemies":"2 Orb Walkers","floor":46,"turns":7},{"damage":0,"enemies":"Time Eater","floor":50,"turns":15},{"damage":89,"enemies":"Shield and Spear","floor":54,"turns":12}],"seed_played":"-2082088549631851465","potions_obtained":[{"floor":8,"key":"SpeedPotion"},{"floor":14,"key":"SkillPotion"},{"floor":16,"key":"AttackPotion"},{"floor":18,"key":"FocusPotion"},{"floor":33,"key":"FearPotion"},{"floor":37,"key":"Dexterity Potion"},{"floor":38,"key":"LiquidBronze"}],"is_trial":false,"path_per_floor":["M","?","T","?","?","E","?","M","T","R","E","?","R","M","R","B",null,"M","$","?","M","?","R","$","M","T","M","?","M","$","T","R","B",null,"M","M","M","M","$","E","R","E","T","?","?","?","R","?","R","B",null,"R","$","E"],"character_chosen":"DEFECT","items_purchased":["Biased Cognition","Glacier","Cold Snap","Defragment","ClockworkSouvenir","Cold Snap+1"],"campfire_rested":3,"item_purchase_floors":[19,24,24,30,39,53],"current_hp_per_floor":[72,65,65,50,50,10,10,10,24,50,32,21,47,47,47,10,89,89,89,89,89,89,89,89,85,85,85,85,85,85,85,85,82,89,71,71,71,54,54,51,66,63,63,63,52,8,52,52,70,70,89,89,89,0],"gold":25,"neow_bonus":"RANDOM_COMMON_RELIC","is_prod":false,"is_daily":false,"chose_seed":false,"campfire_upgraded":5,"win_rate":0,"timestamp":1562393692,"path_taken":["M","?","?","?","?","E","?","M","T","R","E","?","R","M","R","BOSS","M","$","?","M","?","R","$","M","T","M","?","M","$","?","R","BOSS","M","M","M","M","$","E","R","E","T","?","?","?","R","?","R","BOSS","R","$","E"],"build_version":"2019-07-05","purchased_purges":1,"victory":false,"max_hp_per_floor":[75,75,75,75,75,75,75,75,89,89,89,89,89,89,89,89,89,89,89,89,89,89,89,89,89,89,89,89,89,89,89,89,89,89,89,89,89,89,89,89,89,89,89,89,89,89,89,89,89,89,89,89,89,89],"card_choices":[{"not_picked":["Redo","Barrage"],"picked":"Cold Snap","floor":1},{"not_picked":["Machine Learning","Chill"],"picked":"Capacitor","floor":6},{"not_picked":["Gash","Turbo"],"picked":"Defragment","floor":8},{"not_picked":["Sweeping Beam","Reinforced Body"],"picked":"Leap","floor":11},{"not_picked":["Barrage","Doom and Gloom"],"picked":"Conserve Battery","floor":12},{"not_picked":["Barrage","Gash"],"picked":"White Noise","floor":14},{"not_picked":["Echo Form","Machine Learning"],"picked":"Buffer","floor":16},{"not_picked":["Sweeping Beam+1","Gash"],"picked":"Barrage","floor":18},{"not_picked":["White Noise","Sweeping Beam+1"],"picked":"Cold Snap","floor":21},{"not_picked":["Cold Snap","Hologram","Rebound"],"picked":"SKIP","floor":25},{"not_picked":["Sweeping Beam","Beam Cell"],"picked":"Leap","floor":27},{"not_picked":["Sweeping Beam","Reprogram"],"picked":"Ball Lightning+1","floor":29},{"not_picked":["Meteor Strike","All For One"],"picked":"Seek","floor":33},{"not_picked":["Steam Power+1","Barrage"],"picked":"Cold Snap+1","floor":35},{"not_picked":["Streamline","Steam","Scrape+1"],"picked":"SKIP","floor":36},{"not_picked":["Hello World","Turbo+1","Hologram+1"],"picked":"SKIP","floor":37},{"not_picked":["Static Discharge","Redo+1"],"picked":"Thunder Strike","floor":38},{"not_picked":["Blizzard+1","Compile Driver+1"],"picked":"Conserve Battery","floor":40},{"not_picked":["Sweeping Beam","Melter"],"picked":"Conserve Battery+1","floor":42},{"not_picked":["Cold Snap+1","Beam Cell+1"],"picked":"Coolheaded+1","floor":46}],"player_experience":47598,"relics_obtained":[{"floor":6,"key":"Darkstone Periapt"},{"floor":9,"key":"Mango"},{"floor":11,"key":"Peace Pipe"},{"floor":12,"key":"Boot"},{"floor":26,"key":"Whetstone"},{"floor":31,"key":"Pen Nib"},{"floor":40,"key":"Oddly Smooth Stone"},{"floor":42,"key":"Juzu Bracelet"},{"floor":43,"key":"Molten Egg 2"},{"floor":46,"key":"Pocketwatch"}],"event_choices":[{"cards_removed":["Zap"],"damage_healed":0,"gold_gain":0,"player_choice":"Card Removal","damage_taken":7,"max_hp_gain":0,"max_hp_loss":0,"event_name":"Golden Wing","floor":2,"gold_loss":0},{"damage_healed":0,"gold_gain":0,"player_choice":"Entered Light","damage_taken":15,"max_hp_gain":0,"max_hp_loss":0,"event_name":"Shining Light","floor":4,"gold_loss":0,"cards_upgraded":["Defend_B","Defend_B"]},{"cards_removed":["Strike_B"],"damage_healed":0,"gold_gain":0,"player_choice":"Card Removal","damage_taken":0,"max_hp_gain":0,"max_hp_loss":0,"event_name":"The Cleric","floor":5,"gold_loss":50},{"damage_healed":0,"gold_gain":0,"cards_transformed":["Strike_B"],"player_choice":"Change","damage_taken":0,"max_hp_gain":0,"max_hp_loss":0,"event_name":"Living Wall","floor":7,"gold_loss":0,"cards_obtained":["Reinforced Body"]},{"damage_healed":0,"gold_gain":0,"player_choice":"Searched \u00271\u0027 times","damage_taken":0,"max_hp_gain":0,"max_hp_loss":0,"event_name":"Dead Adventurer","floor":12,"gold_loss":0},{"damage_healed":0,"gold_gain":0,"player_choice":"Simplicity","damage_taken":0,"max_hp_gain":0,"max_hp_loss":0,"event_name":"Back to Basics","floor":20,"gold_loss":0,"cards_upgraded":["Strike_B","Strike_B","Defend_B"]},{"damage_healed":0,"gold_gain":0,"player_choice":"Read","damage_taken":0,"max_hp_gain":0,"max_hp_loss":0,"event_name":"The Library","floor":22,"gold_loss":0,"cards_obtained":["Ball Lightning"]},{"damage_healed":0,"gold_gain":0,"cards_transformed":["Dualcast","Reinforced Body"],"player_choice":"Became Test Subject","damage_taken":0,"max_hp_gain":0,"max_hp_loss":0,"event_name":"Drug Dealer","floor":28,"gold_loss":0,"cards_obtained":["Glacier","Leap"]},{"damage_healed":0,"gold_gain":0,"player_choice":"Paid","damage_taken":0,"relics_obtained":["Red Mask"],"max_hp_gain":0,"max_hp_loss":0,"event_name":"Tomb of Lord Red Mask","floor":44,"gold_loss":64},{"damage_healed":0,"gold_gain":0,"player_choice":"Embrace Madness","damage_taken":11,"max_hp_gain":0,"max_hp_loss":0,"event_name":"Winding Halls","floor":45,"gold_loss":0,"cards_obtained":["Madness","Madness"]},{"damage_healed":0,"gold_gain":0,"player_choice":"Fight","damage_taken":0,"max_hp_gain":0,"max_hp_loss":0,"event_name":"Mysterious Sphere","floor":46,"gold_loss":0},{"damage_healed":0,"gold_gain":0,"player_choice":"Leave","damage_taken":0,"max_hp_gain":0,"max_hp_loss":0,"event_name":"FaceTrader","floor":48,"gold_loss":0}],"is_beta":false,"boss_relics":[{"not_picked":["Black Star","Coffee Dripper"],"picked":"Velvet Choker"},{"not_picked":["Busted Crown","Cursed Key"],"picked":"Eternal Feather"}],"items_purged_floors":[19],"is_endless":false,"potions_floor_spawned":[8,14,16,18,33,37,38,42],"killed_by":"Shield and Spear","ascension_level":0}