{"gold_per_floor":[114,126,126,9,26,26,40,70,96,125,142,142,158,123,123,200,200,210,229,50,150,165,165],"floor_reached":23,"playtime":770,"items_purged":["Defend_G","Strike_G"],"score":406,"play_id":"8e4a1f13-28ea-451b-bfa8-cf2b033c0185","local_time":"20190315144411","is_ascension_mode":true,"campfire_choices":[{"data":"Neutralize","floor":6,"key":"SMITH"},{"data":"Footwork","floor":12,"key":"SMITH"},{"data":"Finisher","floor":15,"key":"SMITH"}],"neow_cost":"NONE","seed_source_timestamp":6129834096140,"circlet_count":0,"master_deck":["AscendersBane","Defend_G","Defend_G","Defend_G","Defend_G","Strike_G","Strike_G+1","Strike_G","Strike_G","Survivor+1","Neutralize+1","Blade Dance+1","Footwork+1","Backflip+1","Poisoned Stab","Bane","Finisher+1","Infinite Blades","Poisoned Stab","Corpse Explosion","Blade Dance","Predator+1","Dodge and Roll","Deadly Poison","Leg Sweep","Quick Slash"],"relics":["Runic Dome","War Paint","Potion Belt","Strawberry","Fusion Hammer","Torii","Pantograph"],"potions_floor_usage":[8,16,19,21,23],"damage_taken":[{"damage":0,"enemies":"2 Louse","floor":1,"turns":4},{"damage":0,"enemies":"Small Slimes","floor":2,"turns":4},{"damage":0,"enemies":"Jaw Worm","floor":5,"turns":3},{"damage":3,"enemies":"2 Fungi Beasts","floor":7,"turns":4},{"damage":2,"enemies":"Lagavulin","floor":8,"turns":10},{"damage":19,"enemies":"3 Sentries","floor":10,"turns":9},{"damage":5,"enemies":"Large Slime","floor":11,"turns":5},{"damage":5,"enemies":"Exordium Wildlife","floor":13,"turns":2},{"damage":23,"enemies":"Slime Boss","floor":16,"turns":9},{"damage":12,"enemies":"Spheric Guardian","floor":18,"turns":4},{"damage":0,"enemies":"Chosen","floor":19,"turns":4},{"damage":10,"enemies":"Colosseum Slavers","floor":21,"turns":3},{"damage":12,"enemies":"Colosseum Nobs","floor":21,"turns":3},{"damage":20,"enemies":"Snake Plant","floor":22,"turns":4},{"damage":12,"enemies":"Book of Stabbing","floor":23,"turns":4}],"seed_played":"-5027751887202167285","potions_obtained":[{"floor":7,"key":"Regen Potion"},{"floor":11,"key":"FearPotion"},{"floor":16,"key":"Ancient Potion"},{"floor":19,"key":"Fire Potion"},{"floor":22,"key":"Strength Potion"}],"is_trial":false,"path_per_floor":["M","M","?","$","M","R","M","E","T","E","M","R","M","?","R","B",null,"M","M","$","?","M","E"],"character_chosen":"THE_SILENT","items_purchased":["Footwork","Dodge and Roll","Deadly Poison"],"campfire_rested":0,"item_purchase_floors":[4,20,20],"current_hp_per_floor":[59,59,39,39,39,39,36,49,49,37,32,32,27,45,45,22,60,48,48,48,26,6,0],"gold":165,"neow_bonus":"BOSS_RELIC","is_prod":false,"is_daily":false,"chose_seed":false,"campfire_upgraded":3,"win_rate":0,"timestamp":1552686251,"path_taken":["M","M","?","$","M","R","M","E","T","E","M","R","M","?","R","BOSS","M","M","$","?","M","E"],"build_version":"2019-02-06","purchased_purges":2,"victory":false,"max_hp_per_floor":[66,66,66,66,66,66,66,66,66,73,73,73,73,73,73,73,73,73,73,73,73,73,73],"card_choices":[{"not_picked":["Acrobatics","Distraction"],"picked":"Blade Dance","floor":1},{"not_picked":["Deadly Poison","Acrobatics"],"picked":"Backflip","floor":5},{"not_picked":["Setup","Sucker Punch"],"picked":"Poisoned Stab","floor":7},{"not_picked":["Acrobatics","Outmaneuver"],"picked":"Bane","floor":8},{"not_picked":["Bane","Tools of the Trade"],"picked":"Finisher","floor":10},{"not_picked":["Bane","Blade Dance"],"picked":"Infinite Blades","floor":11},{"not_picked":["Deadly Poison","Acrobatics"],"picked":"Poisoned Stab","floor":13},{"not_picked":["Malaise","Die Die Die"],"picked":"Corpse Explosion","floor":16},{"not_picked":["Setup","Reflex"],"picked":"Blade Dance","floor":18},{"not_picked":["All Out Attack+1","Footwork"],"picked":"Predator+1","floor":19},{"not_picked":["Catalyst","Dagger Spray"],"picked":"Leg Sweep","floor":21},{"not_picked":["Backstab","Cloak And Dagger"],"picked":"Quick Slash","floor":22}],"player_experience":1303087,"relics_obtained":[{"floor":8,"key":"War Paint"},{"floor":9,"key":"Potion Belt"},{"floor":10,"key":"Strawberry"},{"floor":21,"key":"Torii"},{"floor":21,"key":"Pantograph"}],"event_choices":[{"damage_healed":0,"gold_gain":0,"player_choice":"Entered Light","damage_taken":20,"max_hp_gain":0,"max_hp_loss":0,"event_name":"Shining Light","floor":3,"gold_loss":0,"cards_upgraded":["Survivor","Strike_G"]},{"damage_healed":18,"gold_gain":0,"player_choice":"Healed","damage_taken":0,"max_hp_gain":0,"max_hp_loss":0,"event_name":"The Cleric","floor":14,"gold_loss":35},{"damage_healed":0,"gold_gain":0,"player_choice":"Fight","damage_taken":0,"max_hp_gain":0,"max_hp_loss":0,"event_name":"Colosseum","floor":21,"gold_loss":0},{"damage_healed":0,"gold_gain":0,"player_choice":"Fought Nobs","damage_taken":0,"max_hp_gain":0,"max_hp_loss":0,"event_name":"Colosseum","floor":21,"gold_loss":0}],"is_beta":true,"boss_relics":[{"not_picked":["Velvet Choker","Philosopher\u0027s Stone"],"picked":"Fusion Hammer"}],"items_purged_floors":[4,20],"is_endless":false,"potions_floor_spawned":[7,11,16,19,22],"killed_by":"Book of Stabbing","ascension_level":20}