{"gold_per_floor":[115,115,115,135,135,135,179,199,245,284,80,121,121],"floor_reached":13,"playtime":279,"items_purged":["Defend_G"],"score":252,"play_id":"aa403162-9f25-4bb3-be09-69f0097c74d0","local_time":"20190218171528","is_ascension_mode":true,"campfire_choices":[{"data":"Neutralize","floor":6,"key":"SMITH"}],"neow_cost":"NONE","seed_source_timestamp":8797905925735,"circlet_count":0,"master_deck":["AscendersBane","Defend_G+1","Defend_G","Defend_G+1","Defend_G","Strike_G","Strike_G","Strike_G","Strike_G","Strike_G","Survivor","Neutralize+1","Poisoned Stab","Poisoned Stab","Bane","Footwork+1","Backflip"],"relics":["Ring of the Snake","NeowsBlessing","Golden Idol","Omamori","Gambling Chip","Dream Catcher","Frozen Egg 2","Bronze Scales"],"potions_floor_usage":[10,10,12],"damage_taken":[{"damage":0,"enemies":"Small Slimes","floor":1,"turns":1},{"damage":0,"enemies":"2 Louse","floor":4,"turns":1},{"damage":0,"enemies":"3 Sentries","floor":7,"turns":1},{"damage":1,"enemies":"Jaw Worm","floor":8,"turns":2},{"damage":1,"enemies":"Lagavulin","floor":10,"turns":5},{"damage":27,"enemies":"3 Sentries","floor":12,"turns":11},{"damage":10,"enemies":"Gremlin Gang","floor":13,"turns":2}],"seed_played":"7622103976606686913","potions_obtained":[{"floor":1,"key":"SteroidPotion"},{"floor":8,"key":"EssenceOfSteel"},{"floor":10,"key":"Block Potion"}],"is_trial":false,"path_per_floor":["M","?","?","M","?","R","E","M","T","E","$","E","M"],"character_chosen":"THE_SILENT","items_purchased":["Footwork+1","Backflip"],"campfire_rested":0,"item_purchase_floors":[11,11],"current_hp_per_floor":[59,59,41,41,36,36,36,35,35,34,34,7,0],"gold":121,"neow_bonus":"THREE_ENEMY_KILL","is_prod":false,"is_daily":false,"chose_seed":false,"campfire_upgraded":1,"win_rate":0,"timestamp":1550538928,"path_taken":["M","?","?","M","?","R","E","M","T","E","$","E","M"],"build_version":"2019-02-06","purchased_purges":1,"victory":false,"max_hp_per_floor":[66,60,60,60,60,60,60,60,60,60,60,60,60],"card_choices":[{"not_picked":["Prepared","Expertise"],"picked":"Poisoned Stab","floor":4},{"not_picked":["Skewer","Reflex"],"picked":"Poisoned Stab","floor":7},{"not_picked":["Slice","Calculated Gamble"],"picked":"Bane","floor":8}],"player_experience":1171304,"relics_obtained":[{"floor":7,"key":"Gambling Chip"},{"floor":9,"key":"Dream Catcher"},{"floor":10,"key":"Frozen Egg 2"},{"floor":12,"key":"Bronze Scales"}],"event_choices":[{"damage_healed":0,"gold_gain":0,"player_choice":"Lose Max HP","damage_taken":0,"relics_obtained":["Golden Idol"],"max_hp_gain":0,"max_hp_loss":6,"event_name":"Golden Idol","floor":2,"gold_loss":0},{"damage_healed":0,"gold_gain":0,"player_choice":"Entered Light","damage_taken":18,"max_hp_gain":0,"max_hp_loss":0,"event_name":"Shining Light","floor":3,"gold_loss":0,"cards_upgraded":["Defend_G","Defend_G"]},{"damage_healed":0,"gold_gain":0,"player_choice":"Success","damage_taken":5,"relics_obtained":["Omamori"],"max_hp_gain":0,"max_hp_loss":0,"event_name":"Scrap Ooze","floor":5,"gold_loss":0}],"is_beta":true,"boss_relics":[],"items_purged_floors":[11],"is_endless":false,"potions_floor_spawned":[1,8,10],"killed_by":"Gremlin Gang","ascension_level":20}