{"gold_per_floor":[111,36,36,111,131,131,163,193,220,220,231,247,278,298,298,374,374,393,411,428,86,86,86],"floor_reached":23,"playtime":791,"items_purged":["Normality"],"score":372,"play_id":"513eabd3-1b16-4d0c-9036-5fb765e6e691","local_time":"20190819162207","is_ascension_mode":true,"campfire_choices":[{"floor":6,"key":"REST"},{"data":"Sunder","floor":10,"key":"SMITH"},{"floor":15,"key":"REST"}],"neow_cost":"CURSE","seed_source_timestamp":328680592587200,"circlet_count":0,"master_deck":["AscendersBane","Strike_B","Strike_B","Strike_B","Strike_B","Defend_B","Defend_B+1","Defend_B","Defend_B","Zap","Dualcast","Streamline","Sunder+1","Chill","Steam Power","Fission","White Noise","Beam Cell","Electrodynamics","Rebound","Hologram","Ghostly","Ghostly","Ghostly"],"relics":["Cracked Core","Torii","Centennial Puzzle","Tiny Chest","Dream Catcher","Orichalcum","Runic Pyramid","Emotion Chip"],"potions_floor_usage":[7,16,20,23],"damage_taken":[{"damage":8,"enemies":"Jaw Worm","floor":1,"turns":4},{"damage":0,"enemies":"2 Louse","floor":5,"turns":2},{"damage":1,"enemies":"Gremlin Nob","floor":7,"turns":3},{"damage":0,"enemies":"Cultist","floor":11,"turns":3},{"damage":1,"enemies":"3 Louse","floor":12,"turns":2},{"damage":7,"enemies":"3 Sentries","floor":13,"turns":7},{"damage":2,"enemies":"Looter","floor":14,"turns":3},{"damage":17,"enemies":"The Guardian","floor":16,"turns":8},{"damage":0,"enemies":"3 Byrds","floor":18,"turns":1},{"damage":7,"enemies":"Chosen","floor":19,"turns":4},{"damage":17,"enemies":"Snake Plant","floor":20,"turns":3},{"damage":45,"enemies":"Book of Stabbing","floor":23,"turns":6}],"seed_played":"-2405640478679872964","potions_obtained":[{"floor":5,"key":"FocusPotion"},{"floor":13,"key":"EssenceOfSteel"},{"floor":14,"key":"FocusPotion"},{"floor":18,"key":"Fire Potion"}],"is_trial":false,"path_per_floor":["M","$","?","?","M","R","E","?","T","R","M","M","E","M","R","B",null,"M","M","M","$","?","E"],"character_chosen":"DEFECT","items_purchased":["Emotion Chip"],"campfire_rested":2,"item_purchase_floors":[21],"current_hp_per_floor":[56,56,35,24,24,45,44,44,44,44,44,43,36,34,55,38,63,63,56,39,39,35,0],"gold":86,"neow_bonus":"ONE_RARE_RELIC","is_prod":false,"is_daily":false,"chose_seed":false,"campfire_upgraded":1,"win_rate":0,"timestamp":1566199327,"path_taken":["M","$","?","?","M","R","E","?","T","R","?","M","E","M","R","BOSS","M","M","M","$","?","E"],"build_version":"2019-07-17","purchased_purges":1,"victory":false,"max_hp_per_floor":[71,71,71,71,71,71,71,71,71,71,71,71,71,71,71,71,71,71,71,71,71,35,35],"card_choices":[{"not_picked":["Chaos","Go for the Eyes"],"picked":"Gash","floor":1},{"not_picked":["Turbo","Stack"],"picked":"Streamline","floor":5},{"not_picked":["Leap","Sweeping Beam"],"picked":"Sunder","floor":7},{"not_picked":["Gash","Ball Lightning"],"picked":"Chill","floor":11},{"not_picked":["Darkness","Sweeping Beam"],"picked":"Steam Power","floor":12},{"not_picked":["Rebound","Storm"],"picked":"Fission","floor":13},{"not_picked":["Redo","Rebound"],"picked":"White Noise","floor":14},{"not_picked":["Conserve Battery","Sunder"],"picked":"Beam Cell","floor":15},{"not_picked":["Biased Cognition","Reboot"],"picked":"Electrodynamics","floor":16},{"not_picked":["Gash","Heatsinks"],"picked":"Rebound","floor":18},{"not_picked":["Sweeping Beam","Rip and Tear","Compile Driver"],"picked":"SKIP","floor":19},{"not_picked":["Stack","Fusion"],"picked":"Hologram","floor":20}],"player_experience":205180,"relics_obtained":[{"floor":7,"key":"Centennial Puzzle"},{"floor":9,"key":"Dream Catcher"},{"floor":13,"key":"Orichalcum"}],"event_choices":[{"damage_healed":0,"gold_gain":0,"player_choice":"Entered Light","damage_taken":21,"max_hp_gain":0,"max_hp_loss":0,"event_name":"Shining Light","floor":3,"gold_loss":0,"cards_upgraded":["Gash","Defend_B"]},{"damage_healed":0,"gold_gain":75,"player_choice":"Gather Gold","damage_taken":11,"max_hp_gain":0,"max_hp_loss":0,"event_name":"World of Goop","floor":4,"gold_loss":0},{"cards_removed":["Gash"],"damage_healed":0,"gold_gain":0,"player_choice":"Gave Card","damage_taken":0,"relics_obtained":["Tiny Chest"],"max_hp_gain":0,"max_hp_loss":0,"event_name":"WeMeetAgain","floor":8,"gold_loss":0},{"damage_healed":0,"gold_gain":0,"player_choice":"Became a Ghost","damage_taken":0,"max_hp_gain":0,"max_hp_loss":36,"event_name":"Ghosts","floor":22,"gold_loss":0,"cards_obtained":["Ghostly","Ghostly","Ghostly"]}],"is_beta":false,"boss_relics":[{"not_picked":["Black Star","FrozenCore"],"picked":"Runic Pyramid"}],"items_purged_floors":[2],"is_endless":false,"potions_floor_spawned":[5,13,14,18,19],"killed_by":"Book of Stabbing","ascension_level":17}