{"gold_per_floor":[115,115,135,135,135,135,156,199,199,199,224,224,248,32,32,125,125,149,149,174,198,323,323,18,18,18,49,99,134,134,153,153,153],"floor_reached":33,"playtime":1346,"items_purged":["Strike_G"],"score":616,"play_id":"abad1748-4457-49cf-9807-49c0887a7029","local_time":"20190101130354","is_ascension_mode":true,"campfire_choices":[{"data":"Neutralize","floor":6,"key":"SMITH"},{"floor":10,"key":"REST"},{"data":"Sucker Punch","floor":12,"key":"SMITH"},{"data":"Night Terror","floor":15,"key":"SMITH"},{"data":"Wraith Form v2","floor":23,"key":"SMITH"},{"floor":25,"key":"REST"},{"data":"After Image","floor":30,"key":"SMITH"},{"data":"Footwork","floor":32,"key":"SMITH"}],"neow_cost":"NONE","seed_source_timestamp":1829939701837843,"circlet_count":0,"master_deck":["AscendersBane","Defend_G","Defend_G","Defend_G","Defend_G","Defend_G+1","Strike_G","Strike_G","Strike_G","Survivor","Neutralize+1","Deadly Poison+1","Sucker Punch+1","Dodge and Roll","Dagger Throw","Dash","Night Terror+1","Infinite Blades","Wraith Form v2+1","Dagger Spray","Choke","Sucker Punch","All Out Attack","After Image+1","Cloak And Dagger","Shame","Deflect","Dodge and Roll+1","Footwork+1"],"relics":["Busted Crown","Golden Idol","Paper Crane","Ornamental Fan","Cursed Key","Unceasing Top","Shuriken","Meat on the Bone","Darkstone Periapt"],"potions_floor_usage":[8,18,18,22,27],"damage_taken":[{"damage":2,"enemies":"Jaw Worm","floor":1,"turns":5},{"damage":1,"enemies":"Small Slimes","floor":3,"turns":4},{"damage":0,"enemies":"Cultist","floor":7,"turns":3},{"damage":22,"enemies":"3 Sentries","floor":8,"turns":12},{"damage":0,"enemies":"Looter","floor":11,"turns":3},{"damage":10,"enemies":"Large Slime","floor":13,"turns":8},{"damage":1,"enemies":"The Guardian","floor":16,"turns":7},{"damage":9,"enemies":"3 Byrds","floor":18,"turns":7},{"damage":0,"enemies":"Chosen","floor":20,"turns":4},{"damage":10,"enemies":"Shelled Parasite and Fungi","floor":21,"turns":6},{"damage":3,"enemies":"Colosseum Slavers","floor":22,"turns":4},{"damage":7,"enemies":"Colosseum Nobs","floor":22,"turns":8},{"damage":16,"enemies":"Slavers","floor":27,"turns":5},{"damage":0,"enemies":"Gremlin Leader","floor":29,"turns":8},{"damage":22,"enemies":"3 Cultists","floor":31,"turns":6},{"damage":27,"enemies":"Collector","floor":33,"turns":8}],"seed_played":"-7795095529098659911","potions_obtained":[{"floor":3,"key":"Strength Potion"},{"floor":13,"key":"GamblersBrew"},{"floor":16,"key":"Weak Potion"},{"floor":20,"key":"GhostInAJar"},{"floor":22,"key":"Regen Potion"}],"is_trial":false,"path_per_floor":["M","?","M","?","?","R","M","E","T","R","M","R","M","$","R","B",null,"M","?","M","M","?","R","$","R","T","E","?","E","R","M","R","B"],"character_chosen":"THE_SILENT","items_purchased":["Night Terror","Infinite Blades","After Image","Cloak And Dagger"],"campfire_rested":2,"item_purchase_floors":[14,14,24,24],"current_hp_per_floor":[57,37,36,36,29,29,29,7,7,25,25,25,15,15,15,14,49,40,40,40,30,20,20,20,38,38,37,37,37,37,27,27,0],"gold":153,"neow_bonus":"BOSS_RELIC","is_prod":false,"is_daily":false,"chose_seed":false,"campfire_upgraded":6,"win_rate":0,"timestamp":1546376634,"path_taken":["M","?","M","?","?","R","M","E","T","R","M","R","M","$","R","BOSS","M","?","?","M","?","R","$","R","T","E","?","E","R","M","R","BOSS"],"build_version":"2018-12-25","purchased_purges":1,"victory":false,"max_hp_per_floor":[66,66,66,60,60,60,60,60,60,60,60,60,60,60,60,60,60,60,60,60,60,60,60,60,60,60,60,60,60,60,60,60,60],"card_choices":[{"not_picked":[],"picked":"Deadly Poison","floor":1},{"not_picked":[],"picked":"Sucker Punch","floor":3},{"not_picked":[],"picked":"Dodge and Roll","floor":7},{"not_picked":[],"picked":"Dagger Throw","floor":8},{"not_picked":[],"picked":"Dash","floor":13},{"not_picked":[],"picked":"Wraith Form v2","floor":16},{"not_picked":[],"picked":"Sucker Punch","floor":20},{"not_picked":[],"picked":"All Out Attack","floor":22},{"not_picked":[],"picked":"Deflect","floor":27},{"not_picked":[],"picked":"Dodge and Roll+1","floor":29},{"not_picked":[],"picked":"Footwork","floor":31}],"player_experience":1005907,"relics_obtained":[{"floor":8,"key":"Paper Crane"},{"floor":9,"key":"Ornamental Fan"},{"floor":22,"key":"Unceasing Top"},{"floor":22,"key":"Shuriken"},{"floor":27,"key":"Meat on the Bone"},{"floor":29,"key":"Darkstone Periapt"}],"event_choices":[{"damage_healed":0,"gold_gain":0,"player_choice":"Entered Light","damage_taken":20,"max_hp_gain":0,"max_hp_loss":0,"event_name":"Shining Light","floor":2,"gold_loss":0,"cards_upgraded":["Defend_G","Deadly Poison"]},{"damage_healed":0,"gold_gain":0,"player_choice":"Lose Max HP","damage_taken":0,"relics_obtained":["Golden Idol"],"max_hp_gain":0,"max_hp_loss":6,"event_name":"Golden Idol","floor":4,"gold_loss":0},{"cards_removed":["Strike_G"],"damage_healed":0,"gold_gain":0,"player_choice":"Card Removal","damage_taken":7,"max_hp_gain":0,"max_hp_loss":0,"event_name":"Golden Wing","floor":5,"gold_loss":0},{"damage_healed":0,"gold_gain":0,"player_choice":"2 cards matched","damage_taken":0,"max_hp_gain":0,"max_hp_loss":0,"event_name":"Match and Keep!","floor":19,"gold_loss":0,"cards_obtained":["Dagger Spray","Choke"]},{"damage_healed":0,"gold_gain":0,"player_choice":"Fight","damage_taken":0,"max_hp_gain":0,"max_hp_loss":0,"event_name":"Colosseum","floor":22,"gold_loss":0},{"damage_healed":0,"gold_gain":0,"player_choice":"Fought Nobs","damage_taken":0,"max_hp_gain":0,"max_hp_loss":0,"event_name":"Colosseum","floor":22,"gold_loss":0},{"damage_healed":0,"gold_gain":50,"player_choice":"Stole From Cult","damage_taken":0,"max_hp_gain":0,"max_hp_loss":0,"event_name":"Nest","floor":28,"gold_loss":0}],"is_beta":true,"boss_relics":[{"not_picked":["Sozu","Lizard Tail"],"picked":"Cursed Key"}],"items_purged_floors":[24],"is_endless":false,"potions_floor_spawned":[3,13,16,20,22],"killed_by":"Collector","ascension_level":20}