{"gold_per_floor":[109,70,82,82,99,99,134,111,148,435,465,477,517,73,73,150,150,163,163,183,183,18,18,18,37,63,63,80,110,110],"floor_reached":30,"playtime":923,"items_purged":["Regret"],"score":512,"play_id":"8515b86c-44b4-49d9-8b0e-24177c93b65d","local_time":"20190127005243","is_ascension_mode":true,"campfire_choices":[{"data":"Neutralize","floor":6,"key":"SMITH"},{"floor":12,"key":"REST"},{"floor":15,"key":"REST"},{"data":"Wraith Form v2","floor":23,"key":"SMITH"},{"floor":27,"key":"REST"}],"neow_cost":"NONE","seed_source_timestamp":363213024109257,"circlet_count":0,"master_deck":["AscendersBane","Survivor","Neutralize+1","Blur","Noxious Fumes","Noxious Fumes","Dodge and Roll","A Thousand Cuts","Skewer","After Image","Magnetism","All Out Attack","Choke","Wraith Form v2+1","Predator","Quick Slash","Accuracy","Dagger Throw","Reflex","Burst","Corpse Explosion","Blur","Malaise","Blade Dance","Blur+1","Predator","Caltrops"],"relics":["Sozu","MawBank","Pen Nib","Singing Bowl","Pandora\u0027s Box","Oddly Smooth Stone","Bronze Scales","Bottled Flame"],"potions_floor_usage":[],"damage_taken":[{"damage":0,"enemies":"Cultist","floor":1,"turns":4},{"damage":0,"enemies":"2 Louse","floor":3,"turns":3},{"damage":12,"enemies":"Small Slimes","floor":5,"turns":4},{"damage":14,"enemies":"Lagavulin","floor":7,"turns":9},{"damage":26,"enemies":"Exordium Thugs","floor":11,"turns":5},{"damage":28,"enemies":"3 Sentries","floor":13,"turns":8},{"damage":23,"enemies":"The Guardian","floor":16,"turns":10},{"damage":10,"enemies":"Chosen","floor":18,"turns":5},{"damage":2,"enemies":"Spheric Guardian","floor":20,"turns":5},{"damage":14,"enemies":"Cultist and Chosen","floor":25,"turns":6},{"damage":17,"enemies":"Snake Plant","floor":28,"turns":5},{"damage":14,"enemies":"Book of Stabbing","floor":29,"turns":7},{"damage":0,"enemies":"Colosseum Slavers","floor":30,"turns":1}],"seed_played":"-3338622130141907610","potions_obtained":[],"is_trial":false,"path_per_floor":["M","$","M","?","M","R","E","?","T","?","M","R","E","$","R","B",null,"M","?","M","?","$","R","$","M","T","R","M","E","?"],"character_chosen":"THE_SILENT","items_purchased":["Noxious Fumes","Magnetism","All Out Attack","Choke","Oddly Smooth Stone"],"campfire_rested":3,"item_purchase_floors":[2,14,14,14,22],"current_hp_per_floor":[59,59,59,52,40,40,26,42,42,42,16,35,7,7,26,3,50,40,40,38,38,38,38,38,26,26,46,29,15,15],"gold":110,"neow_bonus":"BOSS_RELIC","is_prod":false,"is_daily":false,"chose_seed":false,"campfire_upgraded":2,"win_rate":0,"timestamp":1548579163,"path_taken":["M","$","?","?","M","R","E","?","T","?","?","R","E","?","R","BOSS","M","?","?","?","$","R","$","M","T","R","M","E","?"],"build_version":"2019-01-23","purchased_purges":1,"victory":false,"max_hp_per_floor":[66,66,66,66,66,66,66,66,66,66,66,66,66,66,66,66,66,66,66,66,66,66,66,66,68,68,68,68,68,68],"card_choices":[{"not_picked":["Cloak And Dagger","Acrobatics"],"picked":"Blur","floor":1},{"not_picked":["PiercingWail","All Out Attack"],"picked":"Noxious Fumes","floor":3},{"not_picked":["Concentrate","Underhanded Strike"],"picked":"Dodge and Roll","floor":5},{"not_picked":["Concentrate","Expertise"],"picked":"A Thousand Cuts","floor":7},{"not_picked":["Poisoned Stab","Crippling Poison"],"picked":"Skewer","floor":11},{"not_picked":["PiercingWail","Expertise"],"picked":"After Image","floor":13},{"not_picked":["Phantasmal Killer","Doppelganger"],"picked":"Wraith Form v2","floor":16},{"not_picked":["Bouncing Flask","Quick Slash"],"picked":"Blade Dance","floor":18},{"not_picked":["Heel Hook","Caltrops"],"picked":"Blur+1","floor":20},{"not_picked":["Quick Slash","Outmaneuver","Calculated Gamble"],"picked":"Singing Bowl","floor":25},{"not_picked":["Quick Slash","Well Laid Plans"],"picked":"Predator","floor":28},{"not_picked":["Tactician","Expertise"],"picked":"Caltrops","floor":29}],"player_experience":1057573,"relics_obtained":[{"floor":7,"key":"MawBank"},{"floor":9,"key":"Pen Nib"},{"floor":13,"key":"Singing Bowl"},{"floor":26,"key":"Bronze Scales"},{"floor":29,"key":"Bottled Flame"}],"event_choices":[{"cards_removed":["Defend_G"],"damage_healed":0,"gold_gain":0,"player_choice":"Card Removal","damage_taken":7,"max_hp_gain":0,"max_hp_loss":0,"event_name":"Golden Wing","floor":4,"gold_loss":0},{"damage_healed":16,"gold_gain":0,"player_choice":"Healed","damage_taken":0,"max_hp_gain":0,"max_hp_loss":0,"event_name":"The Cleric","floor":8,"gold_loss":35},{"damage_healed":0,"gold_gain":275,"player_choice":"Desecrate","damage_taken":0,"max_hp_gain":0,"max_hp_loss":0,"event_name":"Golden Shrine","floor":10,"gold_loss":0,"cards_obtained":["Regret"]},{"damage_healed":0,"gold_gain":0,"player_choice":"Ignored","damage_taken":0,"max_hp_gain":0,"max_hp_loss":0,"event_name":"N\u0027loth","floor":19,"gold_loss":0},{"damage_healed":0,"gold_gain":0,"player_choice":"Ignored","damage_taken":0,"max_hp_gain":0,"max_hp_loss":0,"event_name":"Cursed Tome","floor":21,"gold_loss":0},{"damage_healed":0,"gold_gain":0,"player_choice":"Fight","damage_taken":0,"max_hp_gain":0,"max_hp_loss":0,"event_name":"Colosseum","floor":30,"gold_loss":0}],"is_beta":true,"boss_relics":[{"not_picked":["HoveringKite","Busted Crown"],"picked":"Pandora\u0027s Box"}],"items_purged_floors":[14],"is_endless":false,"potions_floor_spawned":[3,5,11,18,25,28],"killed_by":"Colosseum Slavers","ascension_level":20}