{"gold_per_floor":[19,38,51,68,143,143,157,157,182,209,2,30,45,45,45,122,122,96,21,271,286,286],"floor_reached":22,"playtime":585,"items_purged":[],"score":343,"play_id":"148454d1-c840-4254-be89-385b4a25d0a6","local_time":"20180805004320","is_ascension_mode":true,"campfire_choices":[{"data":"Glass Knife","floor":6.0,"key":"SMITH"},{"data":"Neutralize","floor":8.0,"key":"SMITH"},{"floor":15,"key":"REST"}],"neow_cost":"NO_GOLD","seed_source_timestamp":674504543260329,"circlet_count":0,"master_deck":["Defend_G","Defend_G","Defend_G","Defend_G","Strike_G+1","Strike_G+1","Survivor","Neutralize+1","AscendersBane","Glass Knife+1","Sucker Punch","Terror","Deadly Poison","Footwork","Noxious Fumes","Chrysalis","Burst","Dodge and Roll","All Out Attack","Malaise","Deadly Poison+1","Backflip+1","All Out Attack+1","Bane","Regret","Deadly Poison"],"special_seed":0,"relics":["Ring of the Snake","Whetstone","Dream Catcher","Centennial Puzzle","Astrolabe"],"potions_floor_usage":[],"damage_taken":[{"damage":0.0,"enemies":"Cultist","floor":1.0,"turns":3.0},{"damage":0.0,"enemies":"2 Louse","floor":2.0,"turns":5.0},{"damage":0.0,"enemies":"Small Slimes","floor":3.0,"turns":3.0},{"damage":0.0,"enemies":"Looter","floor":4.0,"turns":3.0},{"damage":1.0,"enemies":"Blue Slaver","floor":7.0,"turns":3.0},{"damage":6.0,"enemies":"Lagavulin","floor":10.0,"turns":7.0},{"damage":29,"enemies":"Gremlin Nob","floor":12,"turns":4},{"damage":1,"enemies":"2 Fungi Beasts","floor":13,"turns":3},{"damage":23,"enemies":"Slime Boss","floor":16,"turns":9},{"damage":26,"enemies":"2 Thieves","floor":18,"turns":5},{"damage":12,"enemies":"Chosen","floor":21,"turns":4}],"seed_played":"6871043229374916524","potions_obtained":[{"floor":1.0,"key":"EssenceOfSteel"},{"floor":2.0,"key":"Ancient Potion"},{"floor":10.0,"key":"Explosive Potion"}],"is_trial":false,"path_per_floor":["M","M","M","M","?","R","M","R","T","E","$","E","M","?","R","B",null,"M","?","?","M"],"character_chosen":"THE_SILENT","items_purchased":["Chrysalis"],"campfire_rested":1,"item_purchase_floors":[11],"current_hp_per_floor":[59,59,59,59,48,48,47,47,47,41,41,12,11,11,30,7,51,25,25,25,13,0],"gold":286,"neow_bonus":"THREE_RARE_CARDS","is_prod":false,"is_daily":false,"chose_seed":false,"campfire_upgraded":2,"win_rate":0,"timestamp":1533455000,"path_taken":["M","M","M","?","?","R","?","R","T","E","$","E","M","?","R","BOSS","M","?","?","?","?"],"build_version":"2018-08-01","purchased_purges":0,"victory":false,"max_hp_per_floor":[66,66,66,66,66,66,66,66,66,66,66,66,66,66,66,66,66,66,66,66,66,66],"card_choices":[{"not_picked":["Phantasmal Killer","Night Terror"],"picked":"Glass Knife","floor":0.0},{"not_picked":["Dagger Throw","Flying Knee"],"picked":"Sucker Punch","floor":2.0},{"not_picked":["PiercingWail","Choke"],"picked":"Terror","floor":3.0},{"not_picked":["Flechettes","Skewer"],"picked":"Deadly Poison","floor":4.0},{"not_picked":["Endless Agony","Cloak And Dagger"],"picked":"Footwork","floor":7.0},{"not_picked":["Prepared","PiercingWail"],"picked":"Noxious Fumes","floor":10.0},{"not_picked":["Poisoned Stab","Finisher"],"picked":"Burst","floor":12},{"not_picked":["Sucker Punch","Noxious Fumes"],"picked":"Dodge and Roll","floor":13},{"not_picked":["Blade Dance","Prepared"],"picked":"All Out Attack","floor":15},{"not_picked":["Adrenaline","Burst"],"picked":"Malaise","floor":16},{"not_picked":["Prepared","Dagger Spray"],"picked":"Bane","floor":18},{"not_picked":["Flying Knee","Deflect"],"picked":"Deadly Poison","floor":21}],"player_experience":735533,"relics_obtained":[{"floor":9.0,"key":"Whetstone"},{"floor":10.0,"key":"Dream Catcher"},{"floor":12,"key":"Centennial Puzzle"}],"event_choices":[{"event_name":"World of Goop","player_choice":"Gather Gold","floor":5.0,"damage_taken":0.0},{"event_name":"Scrap Ooze","player_choice":"unsuccessful","floor":14,"damage_taken":0},{"event_name":"Beggar","player_choice":"Gave Gold","floor":19,"damage_taken":0},{"event_name":"Golden Shrine","player_choice":"Desecrate","floor":20,"damage_taken":0}],"is_beta":true,"boss_relics":[{"not_picked":["WristBlade","White Beast Statue"],"picked":"Astrolabe"}],"items_purged_floors":[],"is_endless":false,"potions_floor_spawned":[1,2,10,16,18],"ascension_level":15}