{"gold_per_floor":[117,137,152,162,177,177,209,209,509,509,509,535,535,17,17,110,110,124,174,217,94,109,140,140,160,213,213,50,88,88,88,88,179,179,193,318,9,22,22,47,81,81,130,130,130,352,376,376,376,376],"floor_reached":50,"playtime":1998,"items_purged":["Regret"],"score":1122,"play_id":"b236b828-b46b-4edf-8d9c-58eef6671742","local_time":"20190819165653","is_ascension_mode":true,"campfire_choices":[{"data":"Zap","floor":6.0,"key":"SMITH"},{"data":"Dualcast","floor":8.0,"key":"SMITH"},{"data":"Self Repair","floor":10.0,"key":"SMITH"},{"data":"Scrape","floor":15.0,"key":"SMITH"},{"floor":24.0,"key":"REST"},{"data":"1","floor":30.0,"key":"LIFT"},{"data":"Echo Form","floor":32.0,"key":"SMITH"},{"data":"Fission","floor":42,"key":"SMITH"},{"data":"2","floor":45,"key":"LIFT"},{"floor":49,"key":"REST"}],"neow_cost":"TEN_PERCENT_HP_LOSS","seed_source_timestamp":329482918551600,"circlet_count":0,"master_deck":["AscendersBane","Strike_B+1","Strike_B+1","Defend_B+1","Defend_B+1","Defend_B+1","Defend_B+1","Zap+1","Dualcast+1","Scrape+1","Self Repair+1","Beam Cell","Leap","Beam Cell","Scrape","FTL","Rebound","Echo Form+1","Go for the Eyes","White Noise","Gash","Fission+1","Clumsy","Doubt","Doubt","Scrape","Cold Snap","FTL","Steam+1","Parasite","Beam Cell","Gash","Go for the Eyes","Blind"],"special_seed":0,"relics":["Cracked Core","Lantern","Old Coin","Mercury Hourglass","Calipers","Golden Idol","Cables","Anchor","Sozu","Red Mask","Darkstone Periapt","Girya","PreservedInsect","DataDisk","Bronze Scales","Blue Candle","Calling Bell","Juzu Bracelet","Question Card","Ice Cream","Nunchaku","Meat on the Bone","Thread and Needle","Omamori"],"potions_floor_usage":[],"damage_taken":[{"damage":0.0,"enemies":"Cultist","floor":1.0,"turns":3.0},{"damage":6.0,"enemies":"Jaw Worm","floor":2.0,"turns":4.0},{"damage":0.0,"enemies":"2 Louse","floor":3.0,"turns":3.0},{"damage":13.0,"enemies":"Exordium Wildlife","floor":4.0,"turns":4.0},{"damage":1.0,"enemies":"Looter","floor":5.0,"turns":3.0},{"damage":25.0,"enemies":"3 Sentries","floor":7.0,"turns":8.0},{"damage":13.0,"enemies":"Lagavulin","floor":12.0,"turns":5.0},{"damage":14.0,"enemies":"Hexaghost","floor":16.0,"turns":6.0},{"damage":14.0,"enemies":"Shell Parasite","floor":18.0,"turns":3.0},{"damage":22.0,"enemies":"Masked Bandits","floor":20.0,"turns":3.0},{"damage":6.0,"enemies":"2 Thieves","floor":22.0,"turns":3.0},{"damage":11.0,"enemies":"Book of Stabbing","floor":23.0,"turns":5.0},{"damage":0.0,"enemies":"Centurion and Healer","floor":25.0,"turns":4.0},{"damage":0.0,"enemies":"Gremlin Leader","floor":29.0,"turns":4.0},{"damage":48.0,"enemies":"Automaton","floor":33.0,"turns":7.0},{"damage":49.0,"enemies":"3 Darklings","floor":35.0,"turns":4.0},{"damage":29.0,"enemies":"Mind Bloom Boss Battle","floor":36.0,"turns":7.0},{"damage":0.0,"enemies":"3 Shapes","floor":38.0,"turns":4.0},{"damage":15,"enemies":"Writhing Mass","floor":40,"turns":8},{"damage":19,"enemies":"Nemesis","floor":41,"turns":5},{"damage":34,"enemies":"Maw","floor":47,"turns":7},{"damage":78,"enemies":"Time Eater","floor":50,"turns":5}],"seed_played":"1270741155595269784","potions_obtained":[{"floor":1.0,"key":"SpeedPotion"},{"floor":7.0,"key":"EntropicBrew"},{"floor":16.0,"key":"EssenceOfSteel"}],"is_trial":false,"path_per_floor":["M","M","M","M","M","R","E","R","T","R","?","E","?","$","R","B",null,"M","?","?","?","M","E","R","M","T","?","$","E","R","T","R","B",null,"M","?","$","M","$","M","E","R","T","?","R","?","M","?","R","B"],"character_chosen":"DEFECT","items_purchased":["Cables","Anchor","DataDisk","Meat on the Bone","FTL"],"campfire_rested":2,"item_purchase_floors":[14,14,28,37,37],"current_hp_per_floor":[64,64,64,58,64,64,46,46,46,46,46,43,43,43,43,39,53,49,49,37,37,31,20,37,47,47,47,47,57,57,57,57,29,69,30,11,11,33,33,56,59,59,59,59,59,59,47,47,71,0],"gold":376,"neow_bonus":"TRANSFORM_TWO_CARDS","is_prod":false,"is_daily":false,"chose_seed":false,"campfire_upgraded":6,"win_rate":0,"timestamp":1566201413,"path_taken":["M","?","M","M","M","R","E","R","T","R","?","E","?","$","R","BOSS","M","?","?","?","M","E","R","?","T","?","?","E","R","?","R","BOSS","M","?","$","M","$","M","E","R","T","?","R","?","M","?","R","BOSS"],"build_version":"2019-07-17","purchased_purges":1,"victory":false,"max_hp_per_floor":[64,64,64,64,64,64,64,64,64,64,64,64,58,58,58,58,58,58,58,58,58,58,58,58,58,58,58,58,58,58,58,58,58,76,76,76,76,76,76,82,82,82,82,82,82,82,82,82,82,82],"card_choices":[{"not_picked":["Aggregate","Sweeping Beam"],"picked":"Beam Cell","floor":1.0},{"not_picked":["Compile Driver","Gash"],"picked":"Leap","floor":2.0},{"not_picked":["Rebound","Sweeping Beam","Storm"],"picked":"SKIP","floor":3.0},{"not_picked":["Compile Driver","Barrage"],"picked":"Beam Cell","floor":4.0},{"not_picked":["Genetic Algorithm","Conserve Battery"],"picked":"Scrape","floor":5.0},{"not_picked":["Barrage","Reinforced Body"],"picked":"FTL","floor":7.0},{"not_picked":["Coolheaded","Amplify"],"picked":"Rebound","floor":12.0},{"not_picked":["Rainbow","Thunder Strike"],"picked":"Echo Form","floor":16.0},{"not_picked":["Undo","Self Repair","Compile Driver"],"picked":"SKIP","floor":18.0},{"not_picked":["Lockon","Streamline"],"picked":"Go for the Eyes","floor":20.0},{"not_picked":["Coolheaded","Chaos"],"picked":"White Noise","floor":22.0},{"not_picked":["Loop","Rebound","Tempest+1"],"picked":"SKIP","floor":23.0},{"not_picked":["Lockon+1","Force Field","Conserve Battery"],"picked":"SKIP","floor":25.0},{"not_picked":["Biased Cognition","Go for the Eyes"],"picked":"Gash","floor":29.0},{"not_picked":["Hyperbeam","Biased Cognition"],"picked":"Fission","floor":33.0},{"not_picked":["Chaos","Coolheaded+1","BootSequence"],"picked":"Scrape","floor":35.0},{"not_picked":["Rebound","Capacitor","Chaos"],"picked":"Cold Snap","floor":36.0},{"not_picked":["Reinforced Body+1","Lockon","Skim"],"picked":"Steam+1","floor":38.0},{"not_picked":["Hologram","Double Energy","Heatsinks"],"picked":"Beam Cell","floor":40},{"not_picked":["Capacitor","Leap","Rebound"],"picked":"Gash","floor":41},{"not_picked":["Aggregate+1","Fusion","Steam+1"],"picked":"Go for the Eyes","floor":47},{"not_picked":["Metamorphosis","Impatience","PanicButton"],"picked":"Blind","floor":48}],"player_experience":205971,"relics_obtained":[{"floor":7.0,"key":"Lantern"},{"floor":9.0,"key":"Old Coin"},{"floor":12.0,"key":"Calipers"},{"floor":20.0,"key":"Red Mask"},{"floor":23.0,"key":"Girya"},{"floor":26.0,"key":"PreservedInsect"},{"floor":29.0,"key":"Bronze Scales"},{"floor":31.0,"key":"Blue Candle"},{"floor":34.0,"key":"Juzu Bracelet"},{"floor":34.0,"key":"Question Card"},{"floor":34.0,"key":"Ice Cream"},{"floor":36.0,"key":"Nunchaku"},{"floor":41,"key":"Thread and Needle"},{"floor":43,"key":"Omamori"}],"event_choices":[{"damage_healed":0.0,"max_hp_gain":0.0,"max_hp_loss":0.0,"gold_gain":0.0,"event_name":"Big Fish","player_choice":"Box","floor":11.0,"gold_loss":0.0,"damage_taken":0.0,"relics_obtained":["Mercury Hourglass"],"cards_obtained":["Regret"]},{"damage_healed":0.0,"max_hp_gain":0.0,"max_hp_loss":6.0,"gold_gain":0.0,"event_name":"Golden Idol","player_choice":"Lose Max HP","floor":13.0,"gold_loss":0.0,"damage_taken":0.0,"relics_obtained":["Golden Idol"]},{"damage_healed":0.0,"max_hp_gain":0.0,"max_hp_loss":0.0,"gold_gain":50.0,"event_name":"Nest","player_choice":"Stole From Cult","floor":19.0,"gold_loss":0.0,"damage_taken":0.0},{"damage_healed":0.0,"max_hp_gain":0.0,"max_hp_loss":0.0,"gold_gain":0.0,"event_name":"Masked Bandits","player_choice":"Fought Bandits","floor":20.0,"gold_loss":0.0,"damage_taken":0.0},{"damage_healed":0.0,"max_hp_gain":0.0,"max_hp_loss":0.0,"gold_gain":0.0,"event_name":"WeMeetAgain","player_choice":"Paid Gold","floor":21.0,"gold_loss":123.0,"damage_taken":0.0,"relics_obtained":["Darkstone Periapt"]},{"damage_healed":0.0,"max_hp_gain":0.0,"max_hp_loss":0.0,"gold_gain":0.0,"event_name":"Back to Basics","player_choice":"Simplicity","floor":27.0,"gold_loss":0.0,"damage_taken":0.0,"cards_upgraded":["Strike_B","Strike_B","Defend_B","Defend_B","Defend_B","Defend_B"]},{"damage_healed":0.0,"max_hp_gain":0.0,"max_hp_loss":0.0,"gold_gain":0.0,"event_name":"MindBloom","player_choice":"Fight","floor":36.0,"gold_loss":0.0,"damage_taken":0.0},{"damage_healed":0,"gold_gain":0,"player_choice":"Ignored","damage_taken":0,"max_hp_gain":0,"max_hp_loss":0,"event_name":"Mysterious Sphere","floor":44,"gold_loss":0},{"damage_healed":0,"gold_gain":222,"player_choice":"Wore Mask","damage_taken":0,"max_hp_gain":0,"max_hp_loss":0,"event_name":"Tomb of Lord Red Mask","floor":46,"gold_loss":0},{"damage_healed":0,"gold_gain":0,"player_choice":"Memory 1","damage_taken":0,"max_hp_gain":0,"max_hp_loss":0,"event_name":"SensoryStone","floor":48,"gold_loss":0}],"is_beta":false,"boss_relics":[{"not_picked":["Velvet Choker","Nuclear Battery"],"picked":"Sozu"},{"not_picked":["Eternal Feather","Philosopher\u0027s Stone"],"picked":"Calling Bell"}],"items_purged_floors":[14],"is_endless":false,"potions_floor_spawned":[1,7,16,20,23,33,35,41],"killed_by":"Time Eater","ascension_level":17}