{"gold_per_floor":[114,189,209,222,147,147,147,147,147,173,184,197,209,34,34,111,111,124,27,44,44,57,86,51,0,0,0],"floor_reached":27,"playtime":851,"items_purged":[],"score":433,"play_id":"95799794-7421-4811-b8db-2be514d9b69c","local_time":"20180810152223","is_ascension_mode":true,"campfire_choices":[{"data":"Defragment","floor":6,"key":"SMITH"},{"data":"Zap","floor":8,"key":"SMITH"},{"floor":15,"key":"REST"}],"neow_cost":"","seed_source_timestamp":3640883995981,"circlet_count":0,"master_deck":["Strike_B","Strike_B","Strike_B","Defend_B","Defend_B","Defend_B","Defend_B","Zap+1","Dualcast","AscendersBane","Defragment+1","Cold Snap","Coolheaded","White Noise","Defragment","Go for the Eyes","Streamline","Hologram","All For One","Defragment","Leap","FTL","Cold Snap","Redo","Stack","Defragment"],"relics":["Cracked Core","NlothsMask","Bag of Marbles","Regal Pillow","Sozu","Happy Flower","Question Card"],"potions_floor_usage":[13,22],"damage_taken":[{"damage":2,"enemies":"Jaw Worm","floor":1,"turns":3},{"damage":5,"enemies":"Small Slimes","floor":3,"turns":4},{"damage":0,"enemies":"Cultist","floor":4,"turns":3},{"damage":6,"enemies":"Lagavulin","floor":10,"turns":8},{"damage":2,"enemies":"Large Slime","floor":11,"turns":5},{"damage":2,"enemies":"Looter","floor":12,"turns":3},{"damage":20,"enemies":"Lots of Slimes","floor":13,"turns":5},{"damage":7,"enemies":"Slime Boss","floor":16,"turns":12},{"damage":1,"enemies":"Spheric Guardian","floor":18,"turns":4},{"damage":2,"enemies":"Chosen","floor":20,"turns":4},{"damage":11,"enemies":"Centurion and Healer","floor":22,"turns":9},{"damage":49,"enemies":"Gremlin Leader","floor":23,"turns":9},{"damage":6,"enemies":"Snake Plant","floor":27,"turns":1}],"seed_played":"8771750304009128613","potions_obtained":[{"floor":1,"key":"EssenceOfSteel"},{"floor":10,"key":"GamblersBrew"}],"is_trial":false,"path_per_floor":["M","?","M","M","?","R","?","R","T","E","M","M","M","$","R","B",null,"M","$","M","$","M","E","$","?","T"],"character_chosen":"DEFECT","items_purchased":["Hologram","Regal Pillow","Leap","FTL","Defragment"],"campfire_rested":1,"item_purchase_floors":[14,14,19,19,24],"current_hp_per_floor":[62,51,46,46,46,46,46,46,46,40,38,36,16,16,52,45,65,64,64,62,62,51,2,2,2,2,0],"gold":0,"neow_bonus":"","is_prod":false,"is_daily":false,"chose_seed":false,"campfire_upgraded":2,"win_rate":0,"timestamp":1533939743,"path_taken":["M","?","M","?","?","R","?","R","T","E","M","M","M","$","R","BOSS","M","$","M","$","M","E","?","?","T","M"],"build_version":"2018-08-08","purchased_purges":0,"victory":false,"max_hp_per_floor":[71,71,71,71,71,71,71,71,71,71,71,71,71,71,71,71,71,71,71,71,71,71,71,71,71,71,71],"card_choices":[{"not_picked":["Skim","Conserve Battery"],"picked":"Defragment","floor":1},{"not_picked":["Sunder","Barrage"],"picked":"Cold Snap","floor":3},{"not_picked":["Undo","Leap"],"picked":"Coolheaded","floor":4},{"not_picked":["Seek","Sweeping Beam"],"picked":"White Noise","floor":10},{"not_picked":["Auto Shields","Cold Snap"],"picked":"Defragment","floor":11},{"not_picked":["Static Discharge","Beam Cell"],"picked":"Go for the Eyes","floor":12},{"not_picked":["Double Energy","Barrage"],"picked":"Streamline","floor":13},{"not_picked":["Seek","Creative AI"],"picked":"All For One","floor":16},{"not_picked":["Ball Lightning","Cold Snap"],"picked":"Defragment","floor":18},{"not_picked":["Coolheaded","Compile Driver"],"picked":"Cold Snap","floor":20},{"not_picked":["Turbo+1","Reprogram"],"picked":"Redo","floor":22},{"not_picked":["Creative AI","Go for the Eyes"],"picked":"Stack","floor":23}],"player_experience":788218,"relics_obtained":[{"floor":10,"key":"Bag of Marbles"},{"floor":23,"key":"Happy Flower"},{"floor":26,"key":"Question Card"}],"event_choices":[{"event_name":"World of Goop","player_choice":"Gather Gold","floor":2,"damage_taken":0},{"event_name":"The Cleric","player_choice":"Card Removal","floor":5,"damage_taken":0},{"event_name":"FaceTrader","player_choice":"Trade","floor":7,"damage_taken":0},{"event_name":"Masked Bandits","player_choice":"Paid Fearfully","floor":25,"damage_taken":0}],"is_beta":true,"boss_relics":[{"not_picked":["Tiny House","Inserter"],"picked":"Sozu"}],"items_purged_floors":[],"is_endless":false,"potions_floor_spawned":[1,10,23],"killed_by":"Snake Plant","ascension_level":15}