{"gold_per_floor":[115,128,128,128,151,151,151,151,151,151,191,191,216,239,239,239],"floor_reached":16,"playtime":361,"items_purged":[],"score":175,"play_id":"869744c8-79b2-4507-a78f-552d76b13fa5","local_time":"20180709233626","is_ascension_mode":true,"campfire_choices":[{"floor":6,"key":"REST"},{"data":"Chill","floor":8,"key":"SMITH"},{"data":"Go for the Eyes","floor":10,"key":"SMITH"},{"floor":15,"key":"REST"}],"neow_cost":"NONE","seed_source_timestamp":152245755723364,"circlet_count":0,"master_deck":["Strike_B","Strike_B","Strike_B","Strike_B","Defend_B","Defend_B","Defend_B","Defend_B","Zap","Dualcast","AscendersBane","Cold Snap","Go for the Eyes+1","Chill+1","Seek","Auto Shields","Coolheaded"],"relics":["Velvet Choker","Golden Idol","Cables","Ice Cream","Vajra"],"potions_floor_usage":[16],"damage_taken":[{"damage":2,"enemies":"Jaw Worm","floor":1,"turns":3},{"damage":0,"enemies":"2 Louse","floor":2,"turns":3},{"damage":0,"enemies":"Cultist","floor":5,"turns":4},{"damage":20,"enemies":"Gremlin Nob","floor":11,"turns":6},{"damage":0,"enemies":"2 Fungi Beasts","floor":13,"turns":4},{"damage":0,"enemies":"Red Slaver","floor":14,"turns":4},{"damage":21,"enemies":"Slime Boss","floor":16,"turns":9}],"seed_played":"7248181617927805381","potions_obtained":[{"floor":2,"key":"FairyPotion"},{"floor":11,"key":"FocusPotion"}],"is_trial":false,"path_per_floor":["M","M","?","?","M","R","?","R","T","R","E","?","M","M","R"],"character_chosen":"DEFECT","items_purchased":[],"campfire_rested":2,"item_purchase_floors":[],"current_hp_per_floor":[62,62,62,27,27,46,37,37,37,37,17,17,17,17,36,15],"gold":239,"neow_bonus":"BOSS_RELIC","is_prod":false,"is_daily":false,"chose_seed":false,"campfire_upgraded":2,"win_rate":0,"timestamp":1531204586,"path_taken":["M","M","?","?","M","R","?","R","T","R","E","?","?","M","R","BOSS"],"build_version":"2018-07-05","purchased_purges":0,"victory":false,"max_hp_per_floor":[71,71,64,64,64,64,64,64,64,64,64,64,64,64,64,64],"card_choices":[{"not_picked":["Redo","Gash"],"picked":"Cold Snap","floor":1},{"not_picked":["Barrage","Stack"],"picked":"Go for the Eyes","floor":2},{"not_picked":["Undo","Compile Driver"],"picked":"Chill","floor":5},{"not_picked":["Rebound","Stack"],"picked":"Seek","floor":11},{"not_picked":["Turbo","Steam"],"picked":"Auto Shields","floor":13},{"not_picked":["Blizzard","Go for the Eyes"],"picked":"Coolheaded","floor":14}],"player_experience":562862,"relics_obtained":[{"floor":9,"key":"Ice Cream"},{"floor":11,"key":"Vajra"}],"event_choices":[{"event_name":"Golden Idol","player_choice":"Lose Max HP","floor":3,"damage_taken":0},{"event_name":"Scrap Ooze","player_choice":"success","floor":4,"damage_taken":35},{"event_name":"Wheel of Change","player_choice":"Damage","floor":7,"damage_taken":0},{"event_name":"The Lab","player_choice":"Got Potions","floor":12,"damage_taken":0}],"boss_relics":[],"items_purged_floors":[],"is_endless":false,"potions_floor_spawned":[2,11,14],"killed_by":"Slime Boss","ascension_level":15}