{"gold_per_floor":[118,118,136,150,150,150,183,233,258,273,273,64,99,148,148,227,227,246,246,281,300,600,600,525,525],"floor_reached":25,"playtime":1553,"items_purged":["Strike_B"],"score":501,"play_id":"330df6b6-59ba-4e8a-aaac-f3b82c7f44e4","local_time":"20190718134832","is_ascension_mode":true,"campfire_choices":[{"data":"Zap","floor":6.0,"key":"SMITH"},{"data":"Sunder","floor":11.0,"key":"SMITH"},{"floor":15,"key":"REST"},{"floor":23,"key":"REST"}],"neow_cost":"NONE","seed_source_timestamp":648849188618449,"circlet_count":0,"master_deck":["AscendersBane","Strike_B","Defend_B","Defend_B","Defend_B","Defend_B","Zap+1","Dualcast","Undo","Echo Form","Zap","Turbo","Ball Lightning","Ball Lightning","Sunder+1","Beam Cell","Streamline","Seek","Reinforced Body","Melter+1","Cold Snap"],"special_seed":0,"relics":["Cracked Core","NeowsBlessing","Omamori","Bag of Marbles","Tiny Chest","Ice Cream","Lantern","Cursed Key","Red Mask","Old Coin"],"potions_floor_usage":[13],"damage_taken":[{"damage":0.0,"enemies":"Small Slimes","floor":1.0,"turns":1.0},{"damage":0.0,"enemies":"Cultist","floor":3.0,"turns":1.0},{"damage":0.0,"enemies":"2 Louse","floor":4.0,"turns":1.0},{"damage":11.0,"enemies":"Gremlin Nob","floor":7.0,"turns":3.0},{"damage":14.0,"enemies":"Large Slime","floor":10.0,"turns":5.0},{"damage":10,"enemies":"3 Sentries","floor":13,"turns":5},{"damage":0,"enemies":"Slime Boss","floor":16,"turns":4},{"damage":20,"enemies":"2 Thieves","floor":18,"turns":3},{"damage":24,"enemies":"Masked Bandits","floor":20,"turns":3},{"damage":19,"enemies":"Shell Parasite","floor":21,"turns":5},{"damage":26,"enemies":"Shelled Parasite and Fungi","floor":25,"turns":2}],"seed_played":"-2081011880071256283","potions_obtained":[{"floor":3.0,"key":"SteroidPotion"},{"floor":4.0,"key":"FairyPotion"},{"floor":10.0,"key":"Fire Potion"},{"floor":13,"key":"Ancient Potion"},{"floor":18,"key":"LiquidBronze"}],"is_trial":false,"path_per_floor":["M","?","M","M","?","R","E","?","T","M","R","$","E","T","R","B",null,"M","?","?","M","T","R","?","M"],"character_chosen":"DEFECT","items_purchased":["Tiny Chest"],"campfire_rested":2,"item_purchase_floors":[12],"current_hp_per_floor":[64,64,64,64,64,64,53,46,46,32,32,32,22,22,43,43,64,44,44,20,1,1,22,22,0],"gold":525,"neow_bonus":"THREE_ENEMY_KILL","is_prod":false,"is_daily":false,"chose_seed":false,"campfire_upgraded":2,"win_rate":0,"timestamp":1563472112,"path_taken":["M","?","?","M","?","R","E","?","T","?","R","$","E","?","R","BOSS","M","?","?","M","?","R","?","M"],"build_version":"2019-07-17","purchased_purges":1,"victory":false,"max_hp_per_floor":[71,71,71,71,71,71,71,71,71,71,71,71,71,71,71,71,71,71,71,71,71,71,71,71,71],"card_choices":[{"not_picked":["Redo","Reprogram"],"picked":"Undo","floor":1.0},{"not_picked":["Self Repair","Leap"],"picked":"Ball Lightning","floor":3.0},{"not_picked":["Compile Driver","Rebound"],"picked":"Ball Lightning","floor":4.0},{"not_picked":["Loop","Hyperbeam"],"picked":"Sunder","floor":7.0},{"not_picked":["Gash","Tempest"],"picked":"Beam Cell","floor":10.0},{"not_picked":["White Noise","Blizzard"],"picked":"Streamline","floor":13},{"not_picked":["Rainbow","Multi-Cast"],"picked":"Seek","floor":16},{"not_picked":["Streamline","Rebound"],"picked":"Reinforced Body","floor":18},{"not_picked":["Aggregate","Sunder"],"picked":"Melter+1","floor":20},{"not_picked":["Ball Lightning","Go for the Eyes"],"picked":"Cold Snap","floor":21}],"player_experience":2491035,"relics_obtained":[{"floor":7.0,"key":"Omamori"},{"floor":9.0,"key":"Bag of Marbles"},{"floor":13,"key":"Ice Cream"},{"floor":14,"key":"Lantern"},{"floor":20,"key":"Red Mask"},{"floor":22,"key":"Old Coin"}],"event_choices":[{"damage_healed":0.0,"max_hp_gain":0.0,"max_hp_loss":0.0,"gold_gain":0.0,"event_name":"Match and Keep!","player_choice":"3 cards matched","floor":2.0,"gold_loss":0.0,"damage_taken":0.0,"cards_obtained":["Echo Form","Zap","Turbo"]},{"cards_removed":["Strike_B"],"damage_healed":0.0,"max_hp_gain":0.0,"max_hp_loss":0.0,"gold_gain":0.0,"event_name":"Living Wall","player_choice":"Forget","floor":5.0,"gold_loss":0.0,"damage_taken":0.0},{"damage_healed":0.0,"max_hp_gain":0.0,"max_hp_loss":0.0,"gold_gain":50.0,"event_name":"FaceTrader","player_choice":"Touch","floor":8.0,"gold_loss":0.0,"damage_taken":7.0},{"damage_healed":0,"gold_gain":0,"player_choice":"Ignored","damage_taken":0,"max_hp_gain":0,"max_hp_loss":0,"event_name":"Vampires","floor":19,"gold_loss":0},{"damage_healed":0,"gold_gain":0,"player_choice":"Fought Bandits","damage_taken":0,"max_hp_gain":0,"max_hp_loss":0,"event_name":"Masked Bandits","floor":20,"gold_loss":0},{"cards_removed":["Strike_B"],"damage_healed":0,"gold_gain":0,"player_choice":"Gave Gold","damage_taken":0,"max_hp_gain":0,"max_hp_loss":0,"event_name":"Beggar","floor":24,"gold_loss":75}],"is_beta":false,"boss_relics":[{"not_picked":["Black Star","Eternal Feather"],"picked":"Cursed Key"}],"items_purged_floors":[12],"is_endless":false,"potions_floor_spawned":[3,4,10,13,18],"killed_by":"Shelled Parasite and Fungi","ascension_level":19}