{"path_per_floor":["M","M","M","M","M","R","E","R","T","E","M","M","M","M","R"],"character_chosen":"THE_SILENT","items_purchased":[],"gold_per_floor":[116,130,143,159,174,174,207,207,207,237,254,273,291,304,304,304],"floor_reached":16,"campfire_rested":1,"playtime":1076,"item_purchase_floors":[],"current_hp_per_floor":[70,67,67,67,67,67,43,64,64,64,64,64,64,64,64,0],"items_purged":[],"gold":304,"score":143,"play_id":"06be5a1c-11a6-4929-b8c1-c331ad16f222","local_time":"20180614093709","is_prod":false,"is_daily":false,"chose_seed":false,"is_ascension_mode":false,"campfire_upgraded":2,"win_rate":0.0,"timestamp":1528983429,"campfire_choices":[{"data":"Prepared","floor":6,"key":"SMITH"},{"floor":8,"key":"REST"},{"data":"Calculated Gamble","floor":15,"key":"SMITH"}],"path_taken":["M","M","M","M","M","R","E","R","T","E","M","M","M","M","R","BOSS"],"build_version":"2018-06-07v3","seed_source_timestamp":44203839058136,"purchased_purges":0,"victory":false,"master_deck":["Defend_G","Defend_G","Defend_G","Defend_G","Strike_G","Strike_G","Strike_G","Survivor","Neutralize","Adrenaline+1","Dagger Spray+1","Dagger Spray+1","Prepared+1","Quick Slash","Calculated Gamble+1","Reflex","Backstab","Underhanded Strike"],"max_hp_per_floor":[70,70,70,70,70,70,70,70,70,70,70,70,70,70,70,70],"relics":["Astrolabe","Juzu Bracelet","Anchor","Pen Nib"],"card_choices":[{"not_picked":["Cloak And Dagger","Quick Slash","Outmaneuver"],"picked":"SKIP","floor":1},{"not_picked":["Flying Knee","Slice","Sucker Punch"],"picked":"SKIP","floor":2},{"not_picked":["Bane","Storm of Steel","Slice"],"picked":"SKIP","floor":3},{"not_picked":["Bane","Backflip"],"picked":"Prepared","floor":4},{"not_picked":["Quick Slash","Outmaneuver","Flechettes"],"picked":"SKIP","floor":5},{"not_picked":["Deflect","Predator"],"picked":"Quick Slash","floor":7},{"not_picked":["Choke","Backstab"],"picked":"Calculated Gamble","floor":10},{"not_picked":["Endless Agony","Dodge and Roll"],"picked":"Reflex","floor":11},{"not_picked":["Quick Slash","Cloak And Dagger"],"picked":"Backstab","floor":12},{"not_picked":["Accuracy","Deflect","Poisoned Stab"],"picked":"SKIP","floor":13},{"not_picked":["Acrobatics","Backflip"],"picked":"Underhanded Strike","floor":14}],"player_experience":90986,"potions_floor_usage":[10,16,16],"damage_taken":[{"damage":0,"enemies":"Cultist","floor":1,"turns":3},{"damage":3,"enemies":"Jaw Worm","floor":2,"turns":2},{"damage":0,"enemies":"2 Louse","floor":3,"turns":1},{"damage":0,"enemies":"Blue Slaver","floor":4,"turns":4},{"damage":0,"enemies":"Looter","floor":5,"turns":3},{"damage":24,"enemies":"Lagavulin","floor":7,"turns":8},{"damage":0,"enemies":"Gremlin Nob","floor":10,"turns":3},{"damage":0,"enemies":"Exordium Wildlife","floor":11,"turns":3},{"damage":0,"enemies":"2 Fungi Beasts","floor":12,"turns":2},{"damage":0,"enemies":"Blue Slaver","floor":13,"turns":2},{"damage":0,"enemies":"Gremlin Gang","floor":14,"turns":2},{"damage":66,"enemies":"The Guardian","floor":16,"turns":13}],"relics_obtained":[{"floor":7,"key":"Juzu Bracelet"},{"floor":9,"key":"Anchor"},{"floor":10,"key":"Pen Nib"}],"event_choices":[],"boss_relics":[],"items_purged_floors":[],"potions_floor_spawned":[7,10,11,12],"seed_played":"-2805638375097927003","killed_by":"The Guardian","ascension_level":0,"potions_obtained":[{"floor":7,"key":"SkillPotion"},{"floor":10,"key":"GamblersBrew"},{"floor":11,"key":"GamblersBrew"},{"floor":12,"key":"SmokeBomb"}],"is_trial":false}