{"gold_per_floor":[115,128,2,2,2,2,34,34,34,60,60,76,76,93,93,166,166,181,13,13,28,303,331,331,351,375,385,402,422,422,434,434,434],"floor_reached":33,"playtime":818,"items_purged":["Strike_R"],"score":604,"play_id":"34aa4484-9c2f-4668-a40f-5402b4398b02","local_time":"20190826214332","is_ascension_mode":true,"campfire_choices":[{"data":"Bash","floor":6.0,"key":"SMITH"},{"data":"Shockwave","floor":11.0,"key":"SMITH"},{"data":"Carnage","floor":13,"key":"SMITH"},{"data":"Spot Weakness","floor":15,"key":"SMITH"},{"floor":24,"key":"REST"},{"floor":30,"key":"REST"},{"floor":32,"key":"REST"}],"neow_cost":"NONE","seed_source_timestamp":55331841830720,"circlet_count":0,"master_deck":["AscendersBane","Strike_R+1","Strike_R+1","Strike_R+1","Defend_R+1","Defend_R+1","Defend_R+1","Defend_R+1","Bash+1","Headbutt","Iron Wave","Cleave","Carnage+1","Shockwave+1","Anger","Spot Weakness+1","Limit Break","Regret","Flame Barrier","Flame Barrier","Clothesline","Feel No Pain+1"],"special_seed":0,"relics":["Burning Blood","NeowsBlessing","Blue Candle","Mango","Ancient Tea Set","Busted Crown","Happy Flower","Dead Branch","Smiling Mask"],"potions_floor_usage":[16,21,25,31,33],"damage_taken":[{"damage":0.0,"enemies":"Cultist","floor":1.0,"turns":1.0},{"damage":0.0,"enemies":"2 Louse","floor":2.0,"turns":1.0},{"damage":0.0,"enemies":"3 Sentries","floor":7.0,"turns":1.0},{"damage":30.0,"enemies":"Lagavulin","floor":10.0,"turns":5.0},{"damage":4,"enemies":"Jaw Worm","floor":12,"turns":2},{"damage":6,"enemies":"Looter","floor":14,"turns":2},{"damage":39,"enemies":"Slime Boss","floor":16,"turns":6},{"damage":22,"enemies":"Spheric Guardian","floor":18,"turns":4},{"damage":9,"enemies":"Shell Parasite","floor":21,"turns":4},{"damage":48,"enemies":"Book of Stabbing","floor":23,"turns":5},{"damage":12,"enemies":"Snake Plant","floor":25,"turns":2},{"damage":29,"enemies":"Cultist and Chosen","floor":27,"turns":6},{"damage":5,"enemies":"Snecko","floor":28,"turns":4},{"damage":0,"enemies":"Snake Plant","floor":29,"turns":3},{"damage":8,"enemies":"3 Cultists","floor":31,"turns":4},{"damage":83,"enemies":"Automaton","floor":33,"turns":10}],"seed_played":"-3779707538252574369","potions_obtained":[{"floor":2.0,"key":"Strength Potion"},{"floor":7.0,"key":"SteroidPotion"},{"floor":12,"key":"Dexterity Potion"},{"floor":18,"key":"EssenceOfSteel"},{"floor":23,"key":"AttackPotion"},{"floor":28,"key":"Explosive Potion"},{"floor":31,"key":"Energy Potion"}],"is_trial":false,"path_per_floor":["M","M","$","?","$","R","E","?","T","E","R","M","R","M","R","B",null,"M","$","?","M","?","E","R","M","T","M","M","M","R","M","R","B"],"character_chosen":"IRONCLAD","items_purchased":["Cleave","Happy Flower"],"campfire_rested":3,"item_purchase_floors":[3,19],"current_hp_per_floor":[74,75,75,75,75,75,75,75,89,65,65,67,67,67,67,34,75,59,59,59,56,56,14,40,34,34,11,12,18,44,42,68,0],"gold":434,"neow_bonus":"THREE_ENEMY_KILL","is_prod":false,"is_daily":false,"chose_seed":false,"campfire_upgraded":4,"win_rate":0,"timestamp":1566881012,"path_taken":["M","M","$","?","?","R","E","?","T","E","R","M","R","M","R","BOSS","M","$","?","M","?","E","R","M","T","?","M","?","R","M","R","BOSS"],"build_version":"2019-08-23","purchased_purges":1,"victory":false,"max_hp_per_floor":[75,75,75,75,75,75,75,75,89,89,89,89,89,89,89,89,89,89,89,89,89,89,89,89,89,89,89,89,89,89,89,89,89],"card_choices":[{"not_picked":["Warcry","Body Slam"],"picked":"Headbutt","floor":1.0},{"not_picked":["Ghostly Armor","Havoc"],"picked":"Iron Wave","floor":2.0},{"not_picked":["Dual Wield","Havoc"],"picked":"Carnage","floor":7.0},{"not_picked":["Infernal Blade","Double Tap"],"picked":"Shockwave","floor":10.0},{"not_picked":["Seeing Red","Pommel Strike"],"picked":"Anger","floor":12},{"not_picked":["Clash","Heavy Blade"],"picked":"Spot Weakness","floor":14},{"not_picked":["Fiend Fire","Juggernaut"],"picked":"Limit Break","floor":16},{"not_picked":["Havoc"],"picked":"SKIP","floor":21},{"not_picked":[],"picked":"Flame Barrier","floor":23},{"not_picked":[],"picked":"Flame Barrier","floor":25},{"not_picked":[],"picked":"Clothesline","floor":27},{"not_picked":[],"picked":"Feel No Pain+1","floor":31}],"player_experience":1452397,"relics_obtained":[{"floor":7.0,"key":"Blue Candle"},{"floor":9.0,"key":"Mango"},{"floor":10.0,"key":"Ancient Tea Set"},{"floor":23,"key":"Dead Branch"},{"floor":26,"key":"Smiling Mask"}],"event_choices":[{"cards_removed":["Strike_R"],"damage_healed":0.0,"max_hp_gain":0.0,"max_hp_loss":0.0,"gold_gain":0.0,"event_name":"Bonfire Elementals","player_choice":"Offered Basic","floor":4.0,"gold_loss":0.0,"damage_taken":0.0},{"damage_healed":0.0,"max_hp_gain":0.0,"max_hp_loss":0.0,"gold_gain":0.0,"event_name":"Liars Game","player_choice":"Ignored","floor":8.0,"gold_loss":0.0,"damage_taken":0.0},{"damage_healed":0,"gold_gain":0,"player_choice":"Simplicity","damage_taken":0,"max_hp_gain":0,"max_hp_loss":0,"event_name":"Back to Basics","floor":20,"gold_loss":0,"cards_upgraded":["Strike_R","Strike_R","Strike_R","Defend_R","Defend_R","Defend_R","Defend_R"]},{"damage_healed":0,"gold_gain":275,"player_choice":"Desecrate","damage_taken":0,"max_hp_gain":0,"max_hp_loss":0,"event_name":"Golden Shrine","floor":22,"gold_loss":0,"cards_obtained":["Regret"]}],"is_beta":true,"boss_relics":[{"not_picked":["White Beast Statue","Orrery"],"picked":"Busted Crown"}],"items_purged_floors":[3],"is_endless":false,"potions_floor_spawned":[2,7,12,18,23,28,31],"killed_by":"Automaton","ascension_level":20}