{"gold_per_floor":[115,115,130,31,106,106,133,133,133,186,186,186,196,214,214,214],"floor_reached":16,"playtime":320,"items_purged":[],"score":234,"play_id":"71af6283-c21b-4d62-bfe0-361b45ae2b2c","local_time":"20190822153149","is_ascension_mode":true,"campfire_choices":[{"data":"Zap","floor":6,"key":"SMITH"},{"floor":15,"key":"REST"}],"neow_cost":"NONE","seed_source_timestamp":184385970451700,"circlet_count":0,"master_deck":["AscendersBane","Strike_B","Strike_B","Strike_B","Defend_B","Defend_B","Defend_B+1","Defend_B+1","Zap+1","Dualcast","Genetic Algorithm","Conserve Battery","White Noise","Ball Lightning","Chill","Hologram+1","Reboot+1"],"relics":["Cracked Core","NeowsBlessing","Ornamental Fan","War Paint","Mummified Hand","Orichalcum","Toxic Egg 2"],"potions_floor_usage":[],"damage_taken":[{"damage":0,"enemies":"Small Slimes","floor":1,"turns":1},{"damage":0,"enemies":"Jaw Worm","floor":3,"turns":1},{"damage":0,"enemies":"Gremlin Nob","floor":7,"turns":1},{"damage":0,"enemies":"2 Louse","floor":13,"turns":3},{"damage":2,"enemies":"Large Slime","floor":14,"turns":5},{"damage":64,"enemies":"Slime Boss","floor":16,"turns":9}],"seed_played":"4086175923985497541","potions_obtained":[{"floor":1,"key":"FocusPotion"},{"floor":13,"key":"Weak Potion"},{"floor":14,"key":"Ancient Potion"}],"is_trial":false,"path_per_floor":["M","?","M","$","?","R","E","?","T","T","?","T","M","M","R","B"],"character_chosen":"DEFECT","items_purchased":["White Noise","Ball Lightning"],"campfire_rested":1,"item_purchase_floors":[4,4],"current_hp_per_floor":[64,46,46,46,35,35,35,28,28,28,33,33,33,31,53,0],"gold":214,"neow_bonus":"THREE_ENEMY_KILL","is_prod":false,"is_daily":false,"chose_seed":false,"campfire_upgraded":1,"win_rate":0,"timestamp":1566455509,"path_taken":["M","?","M","$","?","R","E","?","T","?","?","?","?","M","R","BOSS"],"build_version":"2019-07-17","purchased_purges":0,"victory":false,"max_hp_per_floor":[71,71,71,71,71,71,71,71,71,71,76,76,76,76,76,76],"card_choices":[{"not_picked":["White Noise","Turbo"],"picked":"Genetic Algorithm","floor":1},{"not_picked":["Turbo","Loop"],"picked":"Conserve Battery","floor":3},{"not_picked":["Fusion","Leap"],"picked":"Chill","floor":7},{"not_picked":["Sweeping Beam","Ball Lightning"],"picked":"Hologram+1","floor":13},{"not_picked":["Turbo+1","Hologram+1"],"picked":"Reboot+1","floor":14}],"player_experience":221401,"relics_obtained":[{"floor":7,"key":"War Paint"},{"floor":9,"key":"Mummified Hand"},{"floor":10,"key":"Orichalcum"},{"floor":12,"key":"Toxic Egg 2"}],"event_choices":[{"damage_healed":0,"gold_gain":0,"player_choice":"Success","damage_taken":18,"relics_obtained":["Ornamental Fan"],"max_hp_gain":0,"max_hp_loss":0,"event_name":"Scrap Ooze","floor":2,"gold_loss":0},{"damage_healed":0,"gold_gain":75,"player_choice":"Gather Gold","damage_taken":11,"max_hp_gain":0,"max_hp_loss":0,"event_name":"World of Goop","floor":5,"gold_loss":0},{"cards_removed":["Strike_B"],"damage_healed":0,"gold_gain":0,"player_choice":"Card Removal","damage_taken":7,"max_hp_gain":0,"max_hp_loss":0,"event_name":"Golden Wing","floor":8,"gold_loss":0},{"damage_healed":0,"gold_gain":0,"player_choice":"Donut","damage_taken":0,"max_hp_gain":5,"max_hp_loss":0,"event_name":"Big Fish","floor":11,"gold_loss":0}],"is_beta":false,"boss_relics":[],"items_purged_floors":[],"is_endless":false,"potions_floor_spawned":[1,13,14],"killed_by":"Slime Boss","ascension_level":18}