{"gold_per_floor":[116,12,12,12,26,53,53,80,103,115,142,156,174,205,205,282,282,301,301,301,351,365,365,365,365,365,133,167,178,178,203,203,282,282,295,88,105,124,138,138,151,151,202,202,202,202,222,255,255,255,255,255,255,5,31,31],"floor_reached":57,"playtime":2593,"items_purged":["Strike_R","Strike_R"],"score":3026,"play_id":"4d15ecf0-787a-46b3-b2bd-29cf265739c6","local_time":"20190813010430","is_ascension_mode":true,"campfire_choices":[{"data":"Havoc","floor":7.0,"key":"SMITH"},{"data":"Armaments","floor":15.0,"key":"SMITH"},{"data":"Ghostly","floor":23.0,"key":"SMITH"},{"data":"Ghostly","floor":25.0,"key":"SMITH"},{"floor":32.0,"key":"REST"},{"data":"Demon Form","floor":40.0,"key":"SMITH"},{"data":"Corruption","floor":42.0,"key":"SMITH"},{"floor":45.0,"key":"RECALL"},{"floor":49.0,"key":"REST"},{"floor":53.0,"key":"REST"}],"neow_cost":"NONE","seed_source_timestamp":4619038947645,"circlet_count":0,"master_deck":["AscendersBane","Strike_R+1","Strike_R+1","Strike_R+1","Defend_R+1","Defend_R+1","Defend_R+1","Bash+1","Perfected Strike+1","Shrug It Off+1","Clothesline+1","Pommel Strike+1","Havoc+1","Disarm+1","Feel No Pain+1","Infernal Blade+1","Armaments+1","True Grit+1","Feed+1","Demon Form+1","Havoc+1","Ghostly+1","Ghostly+1","Ghostly+1","Pummel+1","Feel No Pain+1","Fiend Fire+1","Havoc+1","Havoc+1","True Grit+1","Shrug It Off+1","Entrench+1","Seeing Red+1","Corruption+1","Fire Breathing","True Grit"],"special_seed":0,"relics":["Burning Blood","NeowsBlessing","Dead Branch","Centennial Puzzle","Potion Belt","Regal Pillow","Odd Mushroom","Omamori","Sozu","Bottled Lightning","PreservedInsect","Pantograph","Self Forming Clay","Charon\u0027s Ashes","Philosopher\u0027s Stone","Mark of the Bloom","Anchor","Bag of Preparation","Bottled Flame"],"potions_floor_usage":[],"damage_taken":[{"damage":0.0,"enemies":"Jaw Worm","floor":1.0,"turns":1.0},{"damage":0.0,"enemies":"Cultist","floor":5.0,"turns":1.0},{"damage":0.0,"enemies":"Lagavulin","floor":6.0,"turns":1.0},{"damage":22.0,"enemies":"Gremlin Nob","floor":8.0,"turns":4.0},{"damage":0.0,"enemies":"Small Slimes","floor":10.0,"turns":2.0},{"damage":15.0,"enemies":"The Mushroom Lair","floor":11.0,"turns":6.0},{"damage":0.0,"enemies":"2 Fungi Beasts","floor":12.0,"turns":2.0},{"damage":10.0,"enemies":"Large Slime","floor":13.0,"turns":4.0},{"damage":26.0,"enemies":"3 Sentries","floor":14.0,"turns":7.0},{"damage":27.0,"enemies":"Hexaghost","floor":16.0,"turns":13.0},{"damage":20.0,"enemies":"2 Thieves","floor":18.0,"turns":5.0},{"damage":8.0,"enemies":"Shell Parasite","floor":22.0,"turns":5.0},{"damage":24.0,"enemies":"Gremlin Leader","floor":28.0,"turns":6.0},{"damage":0.0,"enemies":"Centurion and Healer","floor":29.0,"turns":7.0},{"damage":24.0,"enemies":"Slavers","floor":31.0,"turns":6.0},{"damage":3.0,"enemies":"Champ","floor":33.0,"turns":11.0},{"damage":7.0,"enemies":"3 Darklings","floor":35.0,"turns":6.0},{"damage":2.0,"enemies":"Orb Walker","floor":37.0,"turns":4.0},{"damage":0.0,"enemies":"3 Darklings","floor":38.0,"turns":4.0},{"damage":1.0,"enemies":"Spire Growth","floor":39.0,"turns":4.0},{"damage":3.0,"enemies":"Sphere and 2 Shapes","floor":41.0,"turns":3.0},{"damage":0.0,"enemies":"Jaw Worm Horde","floor":47.0,"turns":1.0},{"damage":0.0,"enemies":"Reptomancer","floor":48.0,"turns":2.0},{"damage":0.0,"enemies":"Donu and Deca","floor":50.0,"turns":3.0},{"damage":13.0,"enemies":"Time Eater","floor":51.0,"turns":9.0},{"damage":6.0,"enemies":"Shield and Spear","floor":55.0,"turns":2.0},{"damage":2,"enemies":"The Heart","floor":56,"turns":6}],"seed_played":"-7900178027834673446","potions_obtained":[{"floor":6.0,"key":"LiquidBronze"},{"floor":8.0,"key":"Strength Potion"},{"floor":10.0,"key":"BloodPotion"},{"floor":11.0,"key":"Regen Potion"},{"floor":12.0,"key":"SpeedPotion"}],"is_trial":false,"path_per_floor":["M","$","?","T","M","E","R","E","T","M","?","M","M","E","R","B",null,"M","?","?","?","M","R","?","R","T","$","E","M","T","E","R","B",null,"M","$","M","M","M","R","M","R","T","?","R","?","M","E","R","B","B",null,"R","$","E","B",null],"character_chosen":"IRONCLAD","items_purchased":["Shrug It Off","Clothesline","PreservedInsect","Havoc","True Grit","Bag of Preparation","Fire Breathing"],"campfire_rested":3,"item_purchase_floors":[2,2,27,36,36,54,54],"current_hp_per_floor":[74,74,67,67,73,75,75,59,59,65,56,62,58,53,53,32,64,50,37,37,37,35,35,35,35,35,35,17,26,26,18,40,40,40,39,39,40,43,43,43,43,43,43,43,43,43,43,43,43,43,30,30,30,30,24,22],"gold":31,"neow_bonus":"THREE_ENEMY_KILL","is_prod":false,"is_daily":false,"chose_seed":false,"campfire_upgraded":6,"win_rate":0,"timestamp":1565683470,"path_taken":["M","$","?","?","?","E","R","E","T","M","?","M","M","E","R","BOSS","M","?","?","?","M","R","?","R","T","$","E","?","?","E","R","BOSS","M","$","M","M","?","R","M","R","T","?","R","?","M","E","R","BOSS","BOSS","R","$","E","BOSS"],"build_version":"2019-07-18","purchased_purges":2,"victory":true,"max_hp_per_floor":[75,75,75,75,75,75,75,75,75,75,75,75,75,75,75,75,75,75,37,37,37,37,37,37,37,37,37,37,40,40,40,40,40,40,40,40,40,43,43,43,43,43,43,43,43,43,43,43,43,43,43,43,43,43,43,43],"card_choices":[{"not_picked":["Warcry","Heavy Blade"],"picked":"Perfected Strike","floor":1.0},{"not_picked":["Wild Strike","Fire Breathing"],"picked":"Pommel Strike","floor":5.0},{"not_picked":["Twin Strike","Flame Barrier"],"picked":"Havoc","floor":6.0},{"not_picked":["Twin Strike","Flex"],"picked":"Disarm","floor":8.0},{"not_picked":["Flex","Pommel Strike"],"picked":"Feel No Pain","floor":10.0},{"not_picked":["Cleave","Heavy Blade"],"picked":"Infernal Blade","floor":11.0},{"not_picked":["Anger","Twin Strike"],"picked":"Armaments","floor":12.0},{"not_picked":["Havoc","Infernal Blade"],"picked":"True Grit","floor":13.0},{"not_picked":["Rage","Iron Wave"],"picked":"Feed","floor":14.0},{"not_picked":["Double Tap","Brutality"],"picked":"Demon Form","floor":16.0},{"not_picked":["Rupture","True Grit"],"picked":"Havoc","floor":18.0},{"not_picked":["Headbutt","Blood for Blood+1","Dual Wield"],"picked":"SKIP","floor":22.0},{"not_picked":["Uppercut","Burning Pact"],"picked":"Pummel","floor":28.0},{"not_picked":["Heavy Blade","Body Slam","Sword Boomerang"],"picked":"SKIP","floor":29.0},{"not_picked":["True Grit","Wild Strike"],"picked":"Feel No Pain","floor":31.0},{"not_picked":["Double Tap","Impervious"],"picked":"Fiend Fire","floor":33.0},{"not_picked":["Burning Pact","Warcry"],"picked":"Havoc","floor":35.0},{"not_picked":["Sword Boomerang+1","Cleave"],"picked":"Shrug It Off","floor":37.0},{"not_picked":["Perfected Strike","Warcry"],"picked":"Entrench+1","floor":38.0},{"not_picked":["Berserk","Flex"],"picked":"Seeing Red","floor":39.0},{"not_picked":["Thunderclap+1","Anger"],"picked":"Corruption","floor":41.0},{"not_picked":["Pommel Strike","Cleave","Perfected Strike"],"picked":"SKIP","floor":47.0},{"not_picked":["Wild Strike","Rampage+1","Whirlwind"],"picked":"SKIP","floor":48.0},{"not_picked":["Body Slam","Power Through"],"picked":"True Grit","floor":55.0}],"player_experience":1406597,"relics_obtained":[{"floor":4.0,"key":"Dead Branch"},{"floor":6.0,"key":"Centennial Puzzle"},{"floor":8.0,"key":"Potion Belt"},{"floor":9.0,"key":"Regal Pillow"},{"floor":11.0,"key":"Odd Mushroom"},{"floor":14.0,"key":"Omamori"},{"floor":26.0,"key":"Bottled Lightning"},{"floor":28.0,"key":"Pantograph"},{"floor":30.0,"key":"Self Forming Clay"},{"floor":31.0,"key":"Charon\u0027s Ashes"},{"floor":48.0,"key":"Anchor"},{"floor":55.0,"key":"Bottled Flame"}],"event_choices":[{"cards_removed":["Defend_R"],"damage_healed":0.0,"max_hp_gain":0.0,"max_hp_loss":0.0,"gold_gain":0.0,"event_name":"Golden Wing","player_choice":"Card Removal","floor":3.0,"gold_loss":0.0,"damage_taken":7.0},{"damage_healed":0.0,"max_hp_gain":0.0,"max_hp_loss":0.0,"gold_gain":0.0,"event_name":"Mushrooms","player_choice":"Fought Mushrooms","floor":11.0,"gold_loss":0.0,"damage_taken":0.0},{"damage_healed":0.0,"max_hp_gain":0.0,"max_hp_loss":38.0,"gold_gain":0.0,"event_name":"Ghosts","player_choice":"Became a Ghost","floor":19.0,"gold_loss":0.0,"damage_taken":0.0,"cards_obtained":["Ghostly","Ghostly","Ghostly"]},{"damage_healed":0.0,"max_hp_gain":0.0,"max_hp_loss":0.0,"gold_gain":0.0,"event_name":"Forgotten Altar","player_choice":"Smashed Altar","floor":20.0,"gold_loss":0.0,"damage_taken":0.0,"cards_obtained":["Decay"]},{"damage_healed":0.0,"max_hp_gain":0.0,"max_hp_loss":0.0,"gold_gain":50.0,"event_name":"Nest","player_choice":"Stole From Cult","floor":21.0,"gold_loss":0.0,"damage_taken":0.0},{"damage_healed":0.0,"max_hp_gain":0.0,"max_hp_loss":0.0,"gold_gain":0.0,"event_name":"Upgrade Shrine","player_choice":"Upgraded","floor":24.0,"gold_loss":0.0,"damage_taken":0.0,"cards_upgraded":["Ghostly"]},{"damage_healed":0.0,"max_hp_gain":0.0,"max_hp_loss":0.0,"gold_gain":0.0,"event_name":"Tomb of Lord Red Mask","player_choice":"Ignored","floor":44.0,"gold_loss":0.0,"damage_taken":0.0},{"damage_healed":0.0,"max_hp_gain":0.0,"max_hp_loss":0.0,"gold_gain":0.0,"event_name":"MindBloom","player_choice":"Upgrade","floor":46.0,"gold_loss":0.0,"damage_taken":0.0,"cards_upgraded":["Strike_R","Strike_R","Strike_R","Defend_R","Defend_R","Defend_R","Bash","Perfected Strike","Shrug It Off","Clothesline","Pommel Strike","Disarm","Feel No Pain","Infernal Blade","True Grit","Feed","Havoc","Pummel","Feel No Pain","Fiend Fire","Havoc","Havoc","True Grit","Shrug It Off","Seeing Red"],"relics_obtained":["Mark of the Bloom"]}],"is_beta":true,"boss_relics":[{"not_picked":["Black Star","Coffee Dripper"],"picked":"Sozu"},{"not_picked":["White Beast Statue","Pandora\u0027s Box"],"picked":"Philosopher\u0027s Stone"}],"items_purged_floors":[27,36],"is_endless":false,"potions_floor_spawned":[6,8,10,11,12,18,31,33,38,47,48],"ascension_level":20}