{"gold_per_floor":[116,130,130,17,43,43,54,74,74,91,56,74,91,109,109,212,212,227,227,245,255,255,255,155,186,232,251,126,126,140,150,150,150],"floor_reached":33,"playtime":1303,"items_purged":["Strike_G","Defend_G","Strike_G"],"score":263,"play_id":"e3747e96-0636-42e7-aa82-a27c89220b63","local_time":"20190106224129","is_ascension_mode":false,"campfire_choices":[{"data":"Noxious Fumes","floor":6,"key":"SMITH"},{"floor":15,"key":"REST"},{"floor":23,"key":"REST"},{"floor":29,"key":"REST"},{"floor":32,"key":"REST"}],"neow_cost":"NONE","seed_source_timestamp":83885181469795,"circlet_count":0,"master_deck":["Defend_G","Defend_G","Defend_G","Defend_G","Strike_G","Strike_G","Strike_G","Survivor","Neutralize","Quick Slash","Poisoned Stab","Noxious Fumes+1","Deadly Poison","Footwork","Dash","Deflect","Poisoned Stab","Tools of the Trade","Flying Knee","Noxious Fumes","Deflect+1"],"relics":["Ring of the Snake","NeowsBlessing","Ornamental Fan","Pen Nib","Bottled Tornado","Sozu","Darkstone Periapt","Molten Egg 2","Happy Flower"],"potions_floor_usage":[31],"damage_taken":[{"damage":0,"enemies":"Cultist","floor":1,"turns":1},{"damage":0,"enemies":"2 Louse","floor":2,"turns":1},{"damage":0,"enemies":"Jaw Worm","floor":7,"turns":1},{"damage":15,"enemies":"Exordium Wildlife","floor":8,"turns":4},{"damage":7,"enemies":"Looter","floor":10,"turns":4},{"damage":4,"enemies":"Large Slime","floor":12,"turns":8},{"damage":5,"enemies":"Gremlin Gang","floor":13,"turns":4},{"damage":2,"enemies":"Exordium Wildlife","floor":14,"turns":4},{"damage":23,"enemies":"Slime Boss","floor":16,"turns":8},{"damage":8,"enemies":"Spheric Guardian","floor":18,"turns":4},{"damage":4,"enemies":"3 Byrds","floor":20,"turns":4},{"damage":23,"enemies":"Snake Plant","floor":21,"turns":4},{"damage":32,"enemies":"Gremlin Leader","floor":25,"turns":6},{"damage":11,"enemies":"Sentry and Sphere","floor":27,"turns":5},{"damage":18,"enemies":"Centurion and Healer","floor":30,"turns":6},{"damage":8,"enemies":"Snecko","floor":31,"turns":5},{"damage":36,"enemies":"Automaton","floor":33,"turns":4}],"seed_played":"-1912199403899062665","potions_obtained":[{"floor":2,"key":"Explosive Potion"},{"floor":7,"key":"SneckoOil"},{"floor":10,"key":"GhostInAJar"},{"floor":13,"key":"FairyPotion"}],"is_trial":false,"path_per_floor":["M","M","?","$","T","R","M","M","T","M","?","M","M","M","R","B",null,"M","?","M","M","?","R","$","E","T","M","$","R","M","M","R","B"],"character_chosen":"THE_SILENT","items_purchased":["Noxious Fumes"],"campfire_rested":4,"item_purchase_floors":[4],"current_hp_per_floor":[70,70,58,58,58,58,58,43,43,36,53,49,44,42,63,40,70,62,49,45,22,22,44,44,12,12,1,1,23,5,7,29,0],"gold":150,"neow_bonus":"THREE_ENEMY_KILL","is_prod":false,"is_daily":false,"chose_seed":false,"campfire_upgraded":1,"win_rate":0.0,"timestamp":1546832489,"path_taken":["M","?","?","?","?","R","M","M","T","M","?","M","M","M","R","BOSS","M","?","M","M","?","R","$","E","T","M","$","R","?","M","R","BOSS"],"build_version":"2019-01-03v4","purchased_purges":3,"victory":false,"max_hp_per_floor":[70,70,70,70,70,70,70,70,70,70,70,70,70,70,70,70,70,70,75,75,75,75,75,75,75,75,75,75,75,75,75,75,75],"card_choices":[{"not_picked":["Slice","All Out Attack"],"picked":"Quick Slash","floor":1},{"not_picked":["Backflip","All Out Attack"],"picked":"Poisoned Stab","floor":2},{"not_picked":["Crippling Poison","Expertise"],"picked":"Deadly Poison","floor":7},{"not_picked":["Eviscerate","Noxious Fumes"],"picked":"Footwork","floor":8},{"not_picked":["Prepared","Predator","Choke"],"picked":"SKIP","floor":10},{"not_picked":["Choke","Glass Knife"],"picked":"Dash","floor":12},{"not_picked":["Blade Dance","Deadly Poison"],"picked":"Deflect","floor":13},{"not_picked":["Caltrops","Tactician"],"picked":"Poisoned Stab","floor":14},{"not_picked":["Phantasmal Killer","Adrenaline"],"picked":"Tools of the Trade","floor":16},{"not_picked":["Noxious Fumes","Dagger Spray"],"picked":"Flying Knee","floor":18},{"not_picked":["Masterful Stab+1","Choke","Backflip"],"picked":"SKIP","floor":20},{"not_picked":["Slice","Acrobatics","Poisoned Stab"],"picked":"SKIP","floor":21},{"not_picked":["Footwork","Underhanded Strike"],"picked":"Noxious Fumes","floor":25},{"not_picked":["Wraith Form v2","Infinite Blades+1"],"picked":"Deflect+1","floor":27},{"not_picked":["PiercingWail","Caltrops","Deadly Poison"],"picked":"SKIP","floor":30},{"not_picked":["Poisoned Stab+1","Flying Knee+1","Dagger Spray+1"],"picked":"SKIP","floor":31}],"player_experience":5669,"relics_obtained":[{"floor":5,"key":"Pen Nib"},{"floor":9,"key":"Bottled Tornado"},{"floor":25,"key":"Molten Egg 2"},{"floor":26,"key":"Happy Flower"}],"event_choices":[{"damage_healed":0,"gold_gain":0,"player_choice":"Success","damage_taken":12,"relics_obtained":["Ornamental Fan"],"max_hp_gain":0,"max_hp_loss":0,"event_name":"Scrap Ooze","floor":3,"gold_loss":0},{"damage_healed":17,"gold_gain":0,"player_choice":"Healed","damage_taken":0,"max_hp_gain":0,"max_hp_loss":0,"event_name":"The Cleric","floor":11,"gold_loss":35},{"damage_healed":0,"gold_gain":0,"player_choice":"Shed Blood","damage_taken":18,"max_hp_gain":5,"max_hp_loss":0,"event_name":"Forgotten Altar","floor":19,"gold_loss":0},{"damage_healed":0,"gold_gain":0,"player_choice":"Gave Potion","damage_taken":0,"relics_obtained":["Darkstone Periapt"],"max_hp_gain":0,"max_hp_loss":0,"event_name":"WeMeetAgain","floor":22,"gold_loss":0}],"is_beta":false,"boss_relics":[{"not_picked":["Calling Bell","Velvet Choker"],"picked":"Sozu"}],"items_purged_floors":[4,24,28],"is_endless":false,"potions_floor_spawned":[2,7,10,13,14,18,20,21,30],"killed_by":"Automaton","ascension_level":0}