{"gold_per_floor":[109,120,120,36,36,36,67,82,82,102,128,108,108,148,148,239,239,260,60,76,76],"floor_reached":21,"playtime":539,"items_purged":["Strike_R"],"score":424,"play_id":"ae1a295f-c969-4e25-9883-a69498fd30cc","local_time":"20190228222137","is_ascension_mode":true,"campfire_choices":[{"data":"Clothesline","floor":6,"key":"SMITH"},{"data":"Armaments","floor":13,"key":"SMITH"},{"data":"Disarm","floor":15,"key":"SMITH"}],"neow_cost":"NONE","seed_source_timestamp":18474542734703,"circlet_count":0,"master_deck":["AscendersBane","Strike_R","Strike_R","Strike_R","Strike_R","Defend_R","Defend_R","Defend_R","Defend_R","Bash","Heavy Blade","Clothesline+1","Disarm+1","Armaments+1","Wild Strike","Ghostly Armor","Spot Weakness","Heavy Blade","Exhume","Flex","True Grit","Feel No Pain","Inflame"],"relics":["Velvet Choker","Golden Idol","Gremlin Horn","Bird Faced Urn","Pear","Odd Mushroom","Lantern","Runic Pyramid"],"potions_floor_usage":[8,14,14,20],"damage_taken":[{"damage":0,"enemies":"2 Louse","floor":1,"turns":4},{"damage":4,"enemies":"Jaw Worm","floor":2,"turns":4},{"damage":6,"enemies":"Gremlin Nob","floor":7,"turns":3},{"damage":5,"enemies":"Small Slimes","floor":8,"turns":3},{"damage":0,"enemies":"Gremlin Gang","floor":10,"turns":3},{"damage":11,"enemies":"The Mushroom Lair","floor":11,"turns":4},{"damage":0,"enemies":"Lagavulin","floor":14,"turns":3},{"damage":29,"enemies":"The Guardian","floor":16,"turns":12},{"damage":12,"enemies":"Spheric Guardian","floor":18,"turns":4},{"damage":21,"enemies":"2 Thieves","floor":20,"turns":4},{"damage":13,"enemies":"Centurion and Healer","floor":21,"turns":5}],"seed_played":"2532336572649502228","potions_obtained":[{"floor":7,"key":"Swift Potion"},{"floor":11,"key":"SteroidPotion"},{"floor":12,"key":"Explosive Potion"},{"floor":16,"key":"Poison Potion"},{"floor":20,"key":"Ancient Potion"}],"is_trial":false,"path_per_floor":["M","M","?","$","?","R","E","M","T","M","?","?","R","E","R","B",null,"M","$","M","M"],"character_chosen":"IRONCLAD","items_purchased":["Disarm","True Grit","Feel No Pain"],"campfire_rested":0,"item_purchase_floors":[4,19,19],"current_hp_per_floor":[68,64,64,64,53,53,47,42,52,52,41,41,41,41,41,12,62,50,50,31,20],"gold":76,"neow_bonus":"BOSS_RELIC","is_prod":false,"is_daily":false,"chose_seed":false,"campfire_upgraded":3,"win_rate":0,"timestamp":1551421297,"path_taken":["M","M","?","$","?","R","E","M","T","?","?","?","R","E","R","BOSS","M","$","M","?"],"build_version":"2019-02-06","purchased_purges":1,"victory":false,"max_hp_per_floor":[75,75,68,68,68,68,68,68,78,78,78,78,78,78,78,78,78,78,78,78,78],"card_choices":[{"not_picked":["Cleave","Pummel"],"picked":"Heavy Blade","floor":1},{"not_picked":["Body Slam","Cleave"],"picked":"Clothesline","floor":2},{"not_picked":["Perfected Strike","Clash"],"picked":"Armaments","floor":7},{"not_picked":["Infernal Blade","Rage"],"picked":"Wild Strike","floor":8},{"not_picked":["Battle Trance","Flex"],"picked":"Ghostly Armor","floor":10},{"not_picked":["Shrug It Off","Entrench"],"picked":"Spot Weakness","floor":11},{"not_picked":["Perfected Strike","Anger"],"picked":"Heavy Blade","floor":14},{"not_picked":["Juggernaut","Barricade"],"picked":"Exhume","floor":16},{"not_picked":["Dual Wield+1","True Grit"],"picked":"Flex","floor":18},{"not_picked":["Thunderclap","Pommel Strike+1"],"picked":"Inflame","floor":20}],"player_experience":1240991,"relics_obtained":[{"floor":7,"key":"Bird Faced Urn"},{"floor":9,"key":"Pear"},{"floor":11,"key":"Odd Mushroom"},{"floor":14,"key":"Lantern"}],"event_choices":[{"damage_healed":0,"gold_gain":0,"player_choice":"Lose Max HP","damage_taken":0,"relics_obtained":["Golden Idol"],"max_hp_gain":0,"max_hp_loss":7,"event_name":"Golden Idol","floor":3,"gold_loss":0},{"damage_healed":0,"gold_gain":0,"player_choice":"Success","damage_taken":11,"relics_obtained":["Gremlin Horn"],"max_hp_gain":0,"max_hp_loss":0,"event_name":"Scrap Ooze","floor":5,"gold_loss":0},{"damage_healed":0,"gold_gain":0,"player_choice":"Fought Mushrooms","damage_taken":0,"max_hp_gain":0,"max_hp_loss":0,"event_name":"Mushrooms","floor":11,"gold_loss":0},{"damage_healed":0,"gold_gain":0,"player_choice":"Bought 1 Potion","damage_taken":0,"max_hp_gain":0,"max_hp_loss":0,"event_name":"The Woman in Blue","floor":12,"gold_loss":0}],"is_beta":true,"boss_relics":[{"not_picked":["Lizard Tail","Runic Dome"],"picked":"Runic Pyramid"}],"items_purged_floors":[19],"is_endless":false,"potions_floor_spawned":[7,11,16,20],"killed_by":"Centurion and Healer","ascension_level":20}