{"gold_per_floor":[109,34,50,50,50,50,80,80,152,166,166,166,166,184,184,281,281,298,198,198,198,297,323,323,343,369,369,369,244,269,282,282,282],"floor_reached":33,"playtime":825,"items_purged":["Defend_G","Defend_G","Strike_G"],"score":331,"play_id":"57de9c30-d0f3-4f43-8b03-00b7cdd16552","local_time":"20190808231836","is_ascension_mode":false,"campfire_choices":[{"data":"Neutralize","floor":6.0,"key":"SMITH"},{"data":"Strike_G","floor":8.0,"key":"SMITH"},{"data":"Strike_G","floor":11.0,"key":"SMITH"},{"data":"Strike_G","floor":13.0,"key":"SMITH"},{"data":"Survivor","floor":15.0,"key":"SMITH"},{"data":"Defend_G","floor":24.0,"key":"SMITH"},{"floor":32.0,"key":"REST"}],"neow_cost":"NONE","seed_source_timestamp":911022657366,"circlet_count":0,"master_deck":["Strike_G+1","Strike_G+1","Strike_G+1","Defend_G","Defend_G+1","Survivor+1","Neutralize+1","Storm of Steel"],"special_seed":0,"relics":["Ring of the Snake","NeowsBlessing","Strawberry","Shuriken","Philosopher\u0027s Stone","Letter Opener","Mummified Hand","Vajra","Darkstone Periapt"],"potions_floor_usage":[33,33],"damage_taken":[{"damage":0.0,"enemies":"Small Slimes","floor":1.0,"turns":1.0},{"damage":0.0,"enemies":"Jaw Worm","floor":3.0,"turns":1.0},{"damage":0.0,"enemies":"Lagavulin","floor":7.0,"turns":1.0},{"damage":0.0,"enemies":"2 Louse","floor":10.0,"turns":1.0},{"damage":1.0,"enemies":"Red Slaver","floor":14.0,"turns":3.0},{"damage":8.0,"enemies":"Slime Boss","floor":16.0,"turns":12.0},{"damage":7.0,"enemies":"Chosen","floor":18.0,"turns":4.0},{"damage":5.0,"enemies":"Gremlin Leader","floor":23.0,"turns":7.0},{"damage":0.0,"enemies":"Shell Parasite","floor":25.0,"turns":5.0},{"damage":0.0,"enemies":"Sentry and Sphere","floor":27.0,"turns":3.0},{"damage":41.0,"enemies":"Book of Stabbing","floor":30.0,"turns":6.0},{"damage":13.0,"enemies":"Snake Plant","floor":31.0,"turns":4.0},{"damage":53,"enemies":"Champ","floor":33,"turns":14}],"seed_played":"-1198309960392108227","potions_obtained":[{"floor":1.0,"key":"Swift Potion"},{"floor":10.0,"key":"GamblersBrew"},{"floor":14.0,"key":"Dexterity Potion"},{"floor":16.0,"key":"SmokeBomb"},{"floor":23.0,"key":"Fruit Juice"},{"floor":25.0,"key":"Dexterity Potion"},{"floor":30.0,"key":"Strength Potion"}],"is_trial":false,"path_per_floor":["M","$","M","?","?","R","E","R","T","M","R","?","R","M","R","B",null,"M","$","?","T","?","E","R","M","T","M","?","$","E","M","R","B"],"character_chosen":"THE_SILENT","items_purchased":[],"campfire_rested":1,"item_purchase_floors":[],"current_hp_per_floor":[70,70,70,75,68,68,75,75,75,75,75,75,75,74,74,66,82,75,75,75,75,75,70,70,75,75,75,75,75,34,21,47,0],"gold":282,"neow_bonus":"THREE_ENEMY_KILL","is_prod":false,"is_daily":false,"chose_seed":false,"campfire_upgraded":6,"win_rate":0,"timestamp":1565331516,"path_taken":["M","$","M","?","?","R","E","R","T","M","R","?","R","?","R","BOSS","M","$","?","?","?","E","R","M","T","M","?","$","E","M","R","BOSS"],"build_version":"2019-07-18","purchased_purges":3,"victory":false,"max_hp_per_floor":[70,70,70,75,75,75,82,82,82,82,82,82,82,82,82,82,82,82,82,82,82,82,82,82,87,87,87,87,87,87,87,87,87],"card_choices":[{"not_picked":["Caltrops","Cloak And Dagger","Accuracy"],"picked":"SKIP","floor":1.0},{"not_picked":["Quick Slash","Poisoned Stab","Bane"],"picked":"SKIP","floor":7.0},{"not_picked":["Deflect","Cloak And Dagger","Infinite Blades"],"picked":"SKIP","floor":14.0},{"not_picked":["Glass Knife","Die Die Die"],"picked":"Storm of Steel","floor":16.0},{"not_picked":["Bane+1","Deflect+1","All Out Attack"],"picked":"SKIP","floor":18.0},{"not_picked":["Outmaneuver","Prepared","Flechettes"],"picked":"SKIP","floor":23.0},{"not_picked":["Accuracy","Night Terror","Backflip"],"picked":"SKIP","floor":25.0},{"not_picked":["Deflect","Cloak And Dagger","Expertise"],"picked":"SKIP","floor":30.0},{"not_picked":["Caltrops","Quick Slash","Flechettes"],"picked":"SKIP","floor":31.0}],"player_experience":1390568,"relics_obtained":[{"floor":7.0,"key":"Strawberry"},{"floor":9.0,"key":"Shuriken"},{"floor":21.0,"key":"Letter Opener"},{"floor":23.0,"key":"Mummified Hand"},{"floor":26.0,"key":"Vajra"},{"floor":30.0,"key":"Darkstone Periapt"}],"event_choices":[{"damage_healed":0.0,"max_hp_gain":5.0,"max_hp_loss":0.0,"gold_gain":0.0,"event_name":"Big Fish","player_choice":"Donut","floor":4.0,"gold_loss":0.0,"damage_taken":0.0},{"cards_removed":["Strike_G"],"damage_healed":0.0,"max_hp_gain":0.0,"max_hp_loss":0.0,"gold_gain":0.0,"event_name":"Golden Wing","player_choice":"Card Removal","floor":5.0,"gold_loss":0.0,"damage_taken":7.0},{"cards_removed":["Strike_G"],"damage_healed":0.0,"max_hp_gain":0.0,"max_hp_loss":0.0,"gold_gain":0.0,"event_name":"NoteForYourself","player_choice":"Took Card","floor":12.0,"gold_loss":0.0,"damage_taken":0.0,"cards_obtained":["Strike_G"]},{"cards_removed":["Defend_G"],"damage_healed":0.0,"max_hp_gain":0.0,"max_hp_loss":0.0,"gold_gain":0.0,"event_name":"Back to Basics","player_choice":"Elegance","floor":20.0,"gold_loss":0.0,"damage_taken":0.0},{"damage_healed":0.0,"max_hp_gain":0.0,"max_hp_loss":0.0,"gold_gain":99.0,"event_name":"Nest","player_choice":"Stole From Cult","floor":22.0,"gold_loss":0.0,"damage_taken":0.0},{"damage_healed":0.0,"max_hp_gain":0.0,"max_hp_loss":0.0,"gold_gain":0.0,"event_name":"N\u0027loth","player_choice":"Ignored","floor":28.0,"gold_loss":0.0,"damage_taken":0.0}],"is_beta":true,"boss_relics":[{"not_picked":["WristBlade","Runic Dome"],"picked":"Philosopher\u0027s Stone"}],"items_purged_floors":[2,19,29],"is_endless":false,"potions_floor_spawned":[1,10,14,16,23,25,30],"killed_by":"Champ","ascension_level":0}