{"gold_per_floor":[109,109,125,200,200,200,211,4,4,4,15,15,15,46,46,120,120,120,37,37,0,0,0,0,0,0,0,0,0,0,0,0,0,0,0,0,0,0,0,0,0,0,0,0,0,0,0,0,0,0,0],"floor_reached":52,"playtime":2218,"items_purged":["Strike_B"],"score":2167,"play_id":"fdae28a4-0d8b-424d-b6f8-af75d5d5c219","local_time":"20190314110651","is_ascension_mode":true,"campfire_choices":[{"data":"Dualcast","floor":6.0,"key":"SMITH"},{"data":"Defragment","floor":10.0,"key":"SMITH"},{"data":"Go for the Eyes","floor":13.0,"key":"SMITH"},{"data":"Beam Cell","floor":15.0,"key":"SMITH"},{"floor":23,"key":"REST"},{"data":"Defragment","floor":25,"key":"SMITH"},{"data":"Coolheaded","floor":27,"key":"SMITH"},{"floor":32,"key":"REST"},{"data":"Coolheaded","floor":40,"key":"SMITH"},{"data":"Coolheaded","floor":42,"key":"SMITH"},{"data":"Echo Form","floor":47,"key":"SMITH"},{"data":"Defend_B","floor":49,"key":"SMITH"}],"neow_cost":"NONE","seed_source_timestamp":3974956623265,"circlet_count":0,"master_deck":["AscendersBane","Strike_B","Defend_B+1","Defend_B+1","Defend_B+1","Zap+1","Dualcast+1","Gash+1","Coolheaded+1","Gash+1","Go for the Eyes+1","Defragment+1","Coolheaded+1","Beam Cell+1","All For One","Cold Snap+1","Defragment+1","Defragment+1","Coolheaded+1","Gash","Gash","Coolheaded+1","Fission+1","Force Field+1","Echo Form+1","Redo+1","Glacier+1","Defragment+1","Coolheaded+1"],"special_seed":0,"relics":["Empty Cage","Lantern","Singing Bowl","Bag of Preparation","Ectoplasm","Matryoshka","Whetstone","Bottled Tornado","Orichalcum","Question Card","Incense Burner","Symbiotic Virus","Toxic Egg 2","Eternal Feather","War Paint","Blood Vial","Shuriken","The Courier"],"potions_floor_usage":[29,33,44,51,51],"damage_taken":[{"damage":4.0,"enemies":"Small Slimes","floor":1.0,"turns":4.0},{"damage":2.0,"enemies":"Cultist","floor":3.0,"turns":4.0},{"damage":2.0,"enemies":"Jaw Worm","floor":7.0,"turns":3.0},{"damage":14.0,"enemies":"3 Louse","floor":11.0,"turns":4.0},{"damage":2.0,"enemies":"Lagavulin","floor":14.0,"turns":6.0},{"damage":23.0,"enemies":"Hexaghost","floor":16.0,"turns":10.0},{"damage":22.0,"enemies":"Chosen","floor":18.0,"turns":4.0},{"damage":6,"enemies":"2 Thieves","floor":21,"turns":4},{"damage":15,"enemies":"Snake Plant","floor":22,"turns":4},{"damage":0,"enemies":"Book of Stabbing","floor":24,"turns":5},{"damage":22,"enemies":"Colosseum Slavers","floor":29,"turns":5},{"damage":0,"enemies":"Colosseum Nobs","floor":29,"turns":4},{"damage":0,"enemies":"Centurion and Healer","floor":30,"turns":11},{"damage":0,"enemies":"Gremlin Leader","floor":31,"turns":3},{"damage":3,"enemies":"Collector","floor":33,"turns":8},{"damage":0,"enemies":"Orb Walker","floor":35,"turns":3},{"damage":3,"enemies":"3 Darklings","floor":37,"turns":3},{"damage":1,"enemies":"4 Shapes","floor":38,"turns":4},{"damage":0,"enemies":"Nemesis","floor":41,"turns":7},{"damage":30,"enemies":"Reptomancer","floor":44,"turns":5},{"damage":1,"enemies":"Transient","floor":45,"turns":6},{"damage":0,"enemies":"Jaw Worm Horde","floor":46,"turns":3},{"damage":0,"enemies":"Time Eater","floor":50,"turns":13},{"damage":39,"enemies":"Awakened One","floor":51,"turns":7}],"seed_played":"-5154201806774270596","potions_obtained":[{"floor":3.0,"key":"SteroidPotion"},{"floor":22,"key":"Weak Potion"},{"floor":24,"key":"Energy Potion"},{"floor":37,"key":"PowerPotion"},{"floor":44,"key":"FocusPotion"},{"floor":45,"key":"Explosive Potion"}],"is_trial":false,"path_per_floor":["M","?","M","?","?","R","M","$","T","R","M","T","R","E","R","B",null,"M","$","?","M","M","R","E","R","T","R","T","?","M","E","R","B",null,"M","?","M","M","?","R","E","R","T","E","M","M","R","T","R","B","B",null],"character_chosen":"DEFECT","items_purchased":["Go for the Eyes","Defragment","Defragment"],"campfire_rested":2,"item_purchase_floors":[8,8,19],"current_hp_per_floor":[60,56,54,43,43,43,41,41,41,41,27,27,27,25,25,2,54,32,32,46,40,25,46,48,48,48,48,48,26,26,26,47,44,66,66,66,63,64,64,75,75,75,75,45,46,48,63,63,75,75,36],"gold":0,"neow_bonus":"BOSS_RELIC","is_prod":false,"is_daily":false,"chose_seed":false,"campfire_upgraded":10,"win_rate":0,"timestamp":1552586811,"path_taken":["M","?","?","?","?","R","M","$","T","R","M","?","R","E","R","BOSS","M","$","?","M","M","R","E","R","T","R","?","?","M","E","R","BOSS","M","?","M","M","?","R","E","R","T","E","M","?","R","?","R","BOSS","BOSS"],"build_version":"2019-02-06","purchased_purges":1,"victory":true,"max_hp_per_floor":[71,71,71,71,71,71,71,71,71,71,71,71,71,71,71,71,71,71,71,71,71,71,71,73,73,73,73,73,73,73,73,73,73,73,73,73,73,75,75,75,75,75,75,75,75,75,75,75,75,75,75],"card_choices":[{"not_picked":["Turbo","Rebound"],"picked":"Gash","floor":1.0},{"not_picked":["Streamline","Steam"],"picked":"Coolheaded","floor":3.0},{"not_picked":["Rebound","Fusion"],"picked":"Gash","floor":7.0},{"not_picked":["Undo","Static Discharge"],"picked":"Coolheaded","floor":11.0},{"not_picked":["Steam","Redo"],"picked":"Beam Cell","floor":14.0},{"not_picked":["Electrodynamics","Seek"],"picked":"All For One","floor":16.0},{"not_picked":["Beam Cell","Steam"],"picked":"Cold Snap+1","floor":18.0},{"not_picked":["Self Repair","Compile Driver"],"picked":"Defragment+1","floor":21},{"not_picked":["Storm","Leap"],"picked":"Coolheaded","floor":22},{"not_picked":["Darkness","Thunder Strike","Compile Driver"],"picked":"Singing Bowl","floor":24},{"not_picked":["Leap","Aggregate","Conserve Battery"],"picked":"Gash","floor":29},{"not_picked":["Go for the Eyes","Turbo","Melter"],"picked":"Gash","floor":30},{"not_picked":["Barrage","Rainbow","Stack"],"picked":"Coolheaded","floor":31},{"not_picked":["Thunder Strike","Amplify+1","Seek+1"],"picked":"Fission+1","floor":33},{"not_picked":["Beam Cell","Steam+1","Leap+1"],"picked":"Force Field+1","floor":35},{"not_picked":["Stack+1","Coolheaded+1","Barrage"],"picked":"Echo Form","floor":37},{"not_picked":["Streamline","Sweeping Beam","Compile Driver","Barrage"],"picked":"Singing Bowl","floor":38},{"not_picked":["Core Surge","Conserve Battery+1","Consume+1"],"picked":"Redo+1","floor":41},{"not_picked":["Auto Shields+1","Gash","Barrage"],"picked":"Glacier+1","floor":44},{"not_picked":["Sweeping Beam+1","Conserve Battery+1","Gash"],"picked":"Defragment+1","floor":45},{"not_picked":["Ball Lightning","Sweeping Beam","Turbo+1"],"picked":"Coolheaded+1","floor":46}],"player_experience":1288071,"relics_obtained":[{"floor":9.0,"key":"Lantern"},{"floor":12.0,"key":"Singing Bowl"},{"floor":14.0,"key":"Bag of Preparation"},{"floor":24,"key":"Matryoshka"},{"floor":26,"key":"Whetstone"},{"floor":26,"key":"Bottled Tornado"},{"floor":28,"key":"Orichalcum"},{"floor":28,"key":"Question Card"},{"floor":29,"key":"Incense Burner"},{"floor":29,"key":"Symbiotic Virus"},{"floor":31,"key":"Toxic Egg 2"},{"floor":41,"key":"War Paint"},{"floor":43,"key":"Blood Vial"},{"floor":44,"key":"Shuriken"},{"floor":48,"key":"The Courier"}],"event_choices":[{"damage_healed":0.0,"max_hp_gain":0.0,"max_hp_loss":0.0,"gold_gain":0.0,"event_name":"The Woman in Blue","player_choice":"Bought 0 Potions","floor":2.0,"gold_loss":0.0,"damage_taken":0.0},{"damage_healed":0.0,"max_hp_gain":0.0,"max_hp_loss":0.0,"gold_gain":75.0,"event_name":"World of Goop","player_choice":"Gather Gold","floor":4.0,"gold_loss":0.0,"damage_taken":11.0},{"damage_healed":0.0,"max_hp_gain":0.0,"max_hp_loss":0.0,"gold_gain":0.0,"event_name":"Living Wall","player_choice":"Grow","floor":5.0,"gold_loss":0.0,"damage_taken":0.0,"cards_upgraded":["Zap"]},{"damage_healed":14,"gold_gain":0,"player_choice":"Heal","damage_taken":0,"max_hp_gain":0,"max_hp_loss":0,"event_name":"The Library","floor":20,"gold_loss":0},{"damage_healed":0,"gold_gain":0,"player_choice":"Fight","damage_taken":0,"max_hp_gain":0,"max_hp_loss":0,"event_name":"Colosseum","floor":29,"gold_loss":0},{"damage_healed":0,"gold_gain":0,"player_choice":"Fought Nobs","damage_taken":0,"max_hp_gain":0,"max_hp_loss":0,"event_name":"Colosseum","floor":29,"gold_loss":0},{"damage_healed":0,"gold_gain":0,"player_choice":"Ignored","damage_taken":0,"max_hp_gain":0,"max_hp_loss":0,"event_name":"Mysterious Sphere","floor":36,"gold_loss":0},{"cards_removed":["Strike_B"],"damage_healed":0,"gold_gain":0,"player_choice":"Purged","damage_taken":0,"max_hp_gain":0,"max_hp_loss":0,"event_name":"Purifier","floor":39,"gold_loss":0}],"is_beta":true,"boss_relics":[{"not_picked":["White Beast Statue","Snecko Eye"],"picked":"Ectoplasm"},{"not_picked":["Coffee Dripper","Nuclear Battery"],"picked":"Eternal Feather"}],"items_purged_floors":[8],"is_endless":false,"potions_floor_spawned":[3,22,24,29,37,44,45],"ascension_level":20}