{"gold_per_floor":[119,119,133,408,418,418,435,470,470,483,483,514,514],"floor_reached":13,"playtime":307,"items_purged":[],"score":100,"play_id":"b4559887-9f8c-4f71-8392-12bec0a8505f","local_time":"20190225114441","is_ascension_mode":true,"campfire_choices":[{"data":"Neutralize","floor":6,"key":"SMITH"}],"neow_cost":"NONE","seed_source_timestamp":965156285123,"circlet_count":0,"master_deck":["Survivor","Neutralize+1","Riddle With Holes","Eviscerate","Die Die Die","Blade Dance","Bane","Dagger Spray","Deadly Poison","Bullet Time","Dodge and Roll","Backflip","Flechettes","Regret","Poisoned Stab","Escape Plan","Bane","After Image+1"],"relics":["Pandora\u0027s Box","Frozen Egg 2","Bottled Lightning","Bronze Scales","Paper Crane"],"potions_floor_usage":[12],"damage_taken":[{"damage":7,"enemies":"Jaw Worm","floor":1,"turns":2},{"damage":0,"enemies":"Cultist","floor":3,"turns":2},{"damage":0,"enemies":"2 Louse","floor":5,"turns":2},{"damage":9,"enemies":"Looter","floor":7,"turns":2},{"damage":22,"enemies":"Gremlin Nob","floor":8,"turns":4},{"damage":5,"enemies":"Blue Slaver","floor":10,"turns":2},{"damage":13,"enemies":"3 Sentries","floor":12,"turns":4},{"damage":4,"enemies":"Large Slime","floor":13,"turns":1}],"seed_played":"8737667940541888404","potions_obtained":[{"floor":5,"key":"Energy Potion"},{"floor":8,"key":"Ancient Potion"},{"floor":10,"key":"Dexterity Potion"}],"is_trial":false,"path_per_floor":["M","?","M","?","M","R","M","E","T","M","?","E","M"],"character_chosen":"THE_SILENT","items_purchased":[],"campfire_rested":0,"item_purchase_floors":[],"current_hp_per_floor":[63,63,63,63,63,63,54,32,32,27,15,2,0],"gold":514,"neow_bonus":"BOSS_RELIC","is_prod":false,"is_daily":false,"chose_seed":false,"campfire_upgraded":1,"win_rate":0,"timestamp":1551123881,"path_taken":["M","?","?","?","?","R","M","E","T","M","?","E","M"],"build_version":"2019-02-06","purchased_purges":0,"victory":false,"max_hp_per_floor":[70,70,70,70,70,70,70,70,70,70,70,70,70],"card_choices":[{"not_picked":["Quick Slash","Acrobatics"],"picked":"Backflip","floor":1},{"not_picked":["Cloak And Dagger","Bouncing Flask"],"picked":"Poisoned Stab","floor":5},{"not_picked":["Slice","Setup","Blade Dance"],"picked":"SKIP","floor":7},{"not_picked":["Dodge and Roll","Sucker Punch"],"picked":"Escape Plan","floor":8},{"not_picked":["Heel Hook","Night Terror"],"picked":"Bane","floor":10},{"not_picked":["PiercingWail","Leg Sweep"],"picked":"After Image+1","floor":12}],"player_experience":1222710,"relics_obtained":[{"floor":8,"key":"Frozen Egg 2"},{"floor":9,"key":"Bottled Lightning"},{"floor":12,"key":"Paper Crane"}],"event_choices":[{"damage_healed":0,"gold_gain":0,"cards_transformed":["Underhanded Strike"],"player_choice":"Transformed","damage_taken":0,"max_hp_gain":0,"max_hp_loss":0,"event_name":"Transmorgrifier","floor":2,"gold_loss":0,"cards_obtained":["Flechettes"]},{"damage_healed":0,"gold_gain":275,"player_choice":"Desecrate","damage_taken":0,"max_hp_gain":0,"max_hp_loss":0,"event_name":"Golden Shrine","floor":4,"gold_loss":0,"cards_obtained":["Regret"]},{"damage_healed":0,"gold_gain":0,"player_choice":"Success","damage_taken":12,"relics_obtained":["Bronze Scales"],"max_hp_gain":0,"max_hp_loss":0,"event_name":"Scrap Ooze","floor":11,"gold_loss":0}],"is_beta":true,"boss_relics":[],"items_purged_floors":[],"is_endless":false,"potions_floor_spawned":[5,8,10],"killed_by":"Large Slime","ascension_level":1}