{"gold_per_floor":[115,22,35,54,54,85,10,10,88,88,88,88,120,120,120,197,197],"floor_reached":17,"playtime":343,"items_purged":[],"score":282,"play_id":"e70f95e5-4a8e-4f54-9723-3d1e21fb9056","local_time":"20180714230502","daily_mods":["Binary"],"is_ascension_mode":true,"campfire_choices":[{"data":"Hologram","floor":8,"key":"SMITH"},{"data":"Defragment","floor":10,"key":"SMITH"},{"data":"Go for the Eyes","floor":12,"key":"SMITH"},{"data":"1","floor":15,"key":"LIFT"}],"neow_cost":"","seed_source_timestamp":0,"circlet_count":0,"master_deck":["Strike_B","Strike_B","Strike_B","Strike_B","Defend_B","Defend_B","Defend_B","Defend_B","Zap","Dualcast","AscendersBane","Defragment+1","Leap","Hologram+1","Go for the Eyes+1"],"relics":["Cracked Core","Busted Crown","Happy Flower","Pantograph","GremlinMask","Bronze Scales","Girya","Lizard Tail"],"potions_floor_usage":[],"damage_taken":[{"damage":8,"enemies":"Small Slimes","floor":1,"turns":3},{"damage":0,"enemies":"2 Louse","floor":3,"turns":1},{"damage":1,"enemies":"Cultist","floor":4,"turns":3},{"damage":30,"enemies":"Gremlin Nob","floor":6,"turns":5},{"damage":8,"enemies":"3 Sentries","floor":13,"turns":8},{"damage":26,"enemies":"Hexaghost","floor":16,"turns":11}],"seed_played":"2415653132495628964","potions_obtained":[{"floor":4,"key":"GamblersBrew"},{"floor":13,"key":"Dexterity Potion"}],"is_trial":true,"path_per_floor":["M","$","M","M","?","E","$","R","T","R","?","R","E","?","R","B"],"character_chosen":"DEFECT","items_purchased":["Defragment","Leap","Hologram","Go for the Eyes"],"campfire_rested":0,"item_purchase_floors":[2,2,7,7],"current_hp_per_floor":[56,56,56,55,60,30,30,30,30,30,30,30,22,4,4,3,3],"gold":197,"neow_bonus":"","is_prod":false,"is_daily":false,"chose_seed":false,"campfire_upgraded":3,"win_rate":0,"timestamp":1531634702,"path_taken":["M","$","M","M","?","E","$","R","T","R","?","R","E","?","R","BOSS"],"build_version":"2018-07-13","purchased_purges":0,"victory":false,"max_hp_per_floor":[71,71,71,71,76,76,76,76,76,76,76,76,76,76,76,76,76],"card_choices":[],"player_experience":649531,"relics_obtained":[{"floor":6,"key":"Happy Flower"},{"floor":9,"key":"Pantograph"},{"floor":13,"key":"Bronze Scales"}],"event_choices":[{"event_name":"Big Fish","player_choice":"Donut","floor":5,"damage_taken":0},{"event_name":"FaceTrader","player_choice":"Trade","floor":11,"damage_taken":0},{"event_name":"Scrap Ooze","player_choice":"success","floor":14,"damage_taken":18}],"boss_relics":[{"not_picked":["Coffee Dripper","Eternal Feather"],"picked":"Lizard Tail"}],"items_purged_floors":[],"is_endless":false,"potions_floor_spawned":[4,13],"ascension_level":15}