{"gold_per_floor":[111,71,84,99,116,116,128,154,204,10,85,7,7,32,32,106,106,119,119,43,43,56,56],"floor_reached":23,"playtime":698,"items_purged":[],"score":448,"play_id":"bff8ac2f-cbf6-4b93-939b-918523fb3e86","local_time":"20190330005312","is_ascension_mode":true,"campfire_choices":[{"floor":6.0,"key":"REST"},{"floor":13,"key":"REST"},{"data":"Hologram","floor":15,"key":"SMITH"}],"neow_cost":"NONE","seed_source_timestamp":23831606358103,"circlet_count":0,"master_deck":["AscendersBane","Strike_B","Strike_B","Strike_B","Strike_B","Defend_B","Defend_B","Defend_B","Defend_B","Zap","Dualcast","Genetic Algorithm","White Noise","Ball Lightning","Hologram+1","Streamline","Streamline","Fusion","All For One","Doom and Gloom","Doom and Gloom","White Noise","Fission","Leap","Capacitor","Recycle+1"],"special_seed":0,"relics":["Snecko Eye","Blood Vial","Vajra","Bottled Lightning","Cursed Key"],"potions_floor_usage":[23],"damage_taken":[{"damage":0.0,"enemies":"2 Louse","floor":1.0,"turns":3.0},{"damage":15.0,"enemies":"Small Slimes","floor":3.0,"turns":3.0},{"damage":20.0,"enemies":"Cultist","floor":4.0,"turns":5.0},{"damage":5.0,"enemies":"Blue Slaver","floor":5.0,"turns":3.0},{"damage":18.0,"enemies":"Exordium Wildlife","floor":7.0,"turns":7.0},{"damage":9.0,"enemies":"Lagavulin","floor":8.0,"turns":7.0},{"damage":0,"enemies":"Gremlin Nob","floor":14,"turns":2},{"damage":7,"enemies":"Hexaghost","floor":16,"turns":7},{"damage":15,"enemies":"3 Byrds","floor":18,"turns":4},{"damage":29,"enemies":"2 Thieves","floor":22,"turns":4},{"damage":30,"enemies":"Gremlin Leader","floor":23,"turns":2}],"seed_played":"-3057273691262469875","potions_obtained":[{"floor":1.0,"key":"Dexterity Potion"},{"floor":4.0,"key":"PowerPotion"},{"floor":7.0,"key":"Regen Potion"},{"floor":16,"key":"Dexterity Potion"},{"floor":22,"key":"FearPotion"}],"is_trial":false,"path_per_floor":["M","$","M","M","M","R","M","E","T","$","?","$","R","E","R","B",null,"M","?","$","?","M","E"],"character_chosen":"DEFECT","items_purchased":["White Noise","All For One","Doom and Gloom","Doom and Gloom","Capacitor"],"campfire_rested":2,"item_purchase_floors":[2,10,10,12,20],"current_hp_per_floor":[64,64,49,29,24,45,27,33,33,33,22,22,43,45,45,40,63,50,50,50,50,23,0],"gold":56,"neow_bonus":"BOSS_RELIC","is_prod":false,"is_daily":false,"chose_seed":false,"campfire_upgraded":1,"win_rate":0,"timestamp":1553932392,"path_taken":["M","$","M","M","M","R","M","E","T","$","?","$","R","E","R","BOSS","M","?","?","?","?","E"],"build_version":"2019-03-15","purchased_purges":0,"victory":false,"max_hp_per_floor":[71,71,71,71,71,71,71,71,71,71,71,71,71,71,71,71,71,71,71,71,71,71,71],"card_choices":[{"not_picked":["Redo","Aggregate"],"picked":"Genetic Algorithm","floor":1.0},{"not_picked":["Coolheaded","Compile Driver"],"picked":"Ball Lightning","floor":3.0},{"not_picked":["Lockon","Rebound"],"picked":"Hologram","floor":4.0},{"not_picked":["Reinforced Body","FTL"],"picked":"Streamline","floor":5.0},{"not_picked":["Coolheaded","Barrage"],"picked":"Streamline","floor":7.0},{"not_picked":["Skim","Heatsinks"],"picked":"Fusion","floor":8.0},{"not_picked":["Ball Lightning","Steam"],"picked":"White Noise","floor":14},{"not_picked":["Machine Learning","Seek"],"picked":"Fission","floor":16},{"not_picked":["Blizzard","Beam Cell"],"picked":"Leap","floor":18},{"not_picked":["Static Discharge+1","Beam Cell"],"picked":"Recycle+1","floor":22}],"player_experience":1387968,"relics_obtained":[{"floor":8.0,"key":"Blood Vial"},{"floor":9.0,"key":"Vajra"},{"floor":14,"key":"Bottled Lightning"}],"event_choices":[{"damage_healed":0,"gold_gain":75,"player_choice":"Gather Gold","damage_taken":11,"max_hp_gain":0,"max_hp_loss":0,"event_name":"World of Goop","floor":11,"gold_loss":0},{"damage_healed":0,"gold_gain":0,"player_choice":"0 cards matched","damage_taken":0,"max_hp_gain":0,"max_hp_loss":0,"event_name":"Match and Keep!","floor":19,"gold_loss":0,"cards_obtained":[]},{"damage_healed":0,"gold_gain":0,"player_choice":"Ignored","damage_taken":0,"max_hp_gain":0,"max_hp_loss":0,"event_name":"Beggar","floor":21,"gold_loss":0}],"is_beta":true,"boss_relics":[{"not_picked":["Orrery","Runic Pyramid"],"picked":"Cursed Key"}],"items_purged_floors":[],"is_endless":false,"potions_floor_spawned":[1,4,7,16,22],"killed_by":"Gremlin Leader","ascension_level":20}