{"path_per_floor":["M","?","?","?","M","E","M","M","T","$","M"],"character_chosen":"IRONCLAD","items_purchased":["Inflame"],"gold_per_floor":[115,115,115,115,128,153,169,188,188,73,83,83],"floor_reached":12,"campfire_rested":0,"playtime":754,"item_purchase_floors":[10],"current_hp_per_floor":[76,69,69,80,73,49,32,27,27,27,9,0],"items_purged":["Strike_R"],"gold":83,"score":80,"play_id":"6542efa0-1bec-4730-8f14-dc59ebe2b6ba","local_time":"20180604182022","is_prod":false,"is_daily":false,"chose_seed":false,"is_ascension_mode":false,"campfire_upgraded":0,"win_rate":0,"timestamp":1528150822,"campfire_choices":[],"path_taken":["M","?","?","?","M","E","M","M","T","$","M","E"],"build_version":"2018-05-31","seed_source_timestamp":34059270186623,"purchased_purges":1,"victory":false,"master_deck":["Strike_R","Strike_R","Strike_R","Defend_R","Defend_R","Defend_R","Defend_R","Bash","Twin Strike","Decay","Clash","Flex","Sever Soul","Battle Trance","Inflame","Anger"],"max_hp_per_floor":[80,80,80,80,80,80,80,80,80,80,80,80],"relics":["Runic Cube","Omamori","Dodecahedron"],"card_choices":[{"not_picked":["Heavy Blade","Bloodletting"],"picked":"Twin Strike","floor":1},{"not_picked":["Twin Strike","Anger"],"picked":"Clash","floor":5},{"not_picked":["Juggernaut","Sword Boomerang"],"picked":"Flex","floor":6},{"not_picked":["Anger","Body Slam"],"picked":"Sever Soul","floor":7},{"not_picked":["Barricade","Entrench"],"picked":"Battle Trance","floor":8},{"not_picked":["Sword Boomerang","Twin Strike"],"picked":"Anger","floor":11}],"player_experience":37703,"potions_floor_usage":[12,12],"damage_taken":[{"damage":4,"enemies":"2 Louse","floor":1,"turns":3},{"damage":7,"enemies":"Small Slimes","floor":5,"turns":3},{"damage":24,"enemies":"Gremlin Nob","floor":6,"turns":4},{"damage":17,"enemies":"Cultist","floor":7,"turns":4},{"damage":5,"enemies":"Large Slime","floor":8,"turns":4},{"damage":18,"enemies":"Lots of Slimes","floor":11,"turns":4},{"damage":11,"enemies":"3 Sentries","floor":12,"turns":2}],"relics_obtained":[{"floor":6,"key":"Omamori"},{"floor":9,"key":"Dodecahedron"}],"event_choices":[{"event_name":"Golden Wing","player_choice":"Card Removal","floor":2,"damage_taken":0},{"event_name":"Wheel of Change","player_choice":"Curse","floor":3,"damage_taken":0},{"event_name":"Big Fish","player_choice":"Banana","floor":4,"damage_taken":0}],"boss_relics":[],"items_purged_floors":[10],"potions_floor_spawned":[7,11],"seed_played":"2679332062415493402","killed_by":"3 Sentries","ascension_level":0,"potions_obtained":[{"floor":7,"key":"PowerPotion"},{"floor":11,"key":"Weak Potion"}],"is_trial":false}