{"gold_per_floor":[115,115,115,56,70,70,18,37,86,86,117,117,131,158,158,232,232,249,299,299,299,310,310,235,263,309,37,47,47,75,0,0,72,72,84,0,15,15,15,15,49,49,49,67,67,82,95,114,114,114,114],"floor_reached":52,"playtime":1959,"items_purged":["Strike_B"],"score":1952,"play_id":"f20055f8-86e6-4124-a3cb-05662035f891","local_time":"20190126010633","is_ascension_mode":true,"campfire_choices":[{"data":"Defragment","floor":6.0,"key":"SMITH"},{"data":"Defragment","floor":10.0,"key":"SMITH"},{"data":"Dualcast","floor":12.0,"key":"SMITH"},{"data":"Zap","floor":15.0,"key":"SMITH"},{"floor":23.0,"key":"REST"},{"floor":29.0,"key":"REST"},{"floor":32.0,"key":"REST"},{"data":"Fission","floor":40.0,"key":"SMITH"},{"data":"Rainbow","floor":42.0,"key":"SMITH"},{"data":"Buffer","floor":45.0,"key":"SMITH"},{"data":"Buffer","floor":49.0,"key":"SMITH"}],"neow_cost":"NONE","seed_source_timestamp":276466004412014,"circlet_count":0,"master_deck":["AscendersBane","Zap+1","Dualcast+1","Defragment+1","Streamline","Ball Lightning","Ball Lightning","Defragment+1","Reinforced Body","White Noise","Cold Snap+1","Echo Form","Leap+1","Conserve Battery","Leap","Doom and Gloom+1","Cold Snap","Rainbow+1","Chill","Buffer+1","Leap","All For One","Fission+1","Buffer+1","Sunder","Hello World","Undo","Capacitor"],"special_seed":0,"relics":["Runic Dome","Strawberry","Boot","Pantograph","Kunai","Snecko Eye","DataDisk","Happy Flower","Chemical X","Vajra","Pandora\u0027s Box","Red Mask","Whetstone","Blue Candle"],"potions_floor_usage":[51,51],"damage_taken":[{"damage":4.0,"enemies":"Jaw Worm","floor":1.0,"turns":3.0},{"damage":10.0,"enemies":"Small Slimes","floor":5.0,"turns":3.0},{"damage":0.0,"enemies":"2 Louse","floor":8.0,"turns":1.0},{"damage":11.0,"enemies":"Gremlin Nob","floor":11.0,"turns":3.0},{"damage":7.0,"enemies":"Large Slime","floor":13.0,"turns":4.0},{"damage":14.0,"enemies":"Lagavulin","floor":14.0,"turns":6.0},{"damage":19.0,"enemies":"The Guardian","floor":16.0,"turns":8.0},{"damage":15.0,"enemies":"Shell Parasite","floor":18.0,"turns":4.0},{"damage":35.0,"enemies":"3 Byrds","floor":22.0,"turns":5.0},{"damage":37.0,"enemies":"Slavers","floor":25.0,"turns":4.0},{"damage":0.0,"enemies":"Centurion and Healer","floor":28.0,"turns":6.0},{"damage":20.0,"enemies":"Book of Stabbing","floor":30.0,"turns":5.0},{"damage":10.0,"enemies":"Automaton","floor":33.0,"turns":7.0},{"damage":4.0,"enemies":"3 Darklings","floor":35.0,"turns":4.0},{"damage":0.0,"enemies":"Orb Walker","floor":37.0,"turns":3.0},{"damage":0.0,"enemies":"Giant Head","floor":41.0,"turns":6.0},{"damage":0.0,"enemies":"4 Shapes","floor":44.0,"turns":3.0},{"damage":0.0,"enemies":"Writhing Mass","floor":46.0,"turns":6.0},{"damage":0.0,"enemies":"Maw","floor":47.0,"turns":6.0},{"damage":0.0,"enemies":"3 Darklings","floor":48.0,"turns":3.0},{"damage":1.0,"enemies":"Awakened One","floor":50.0,"turns":14.0},{"damage":0,"enemies":"Donu and Deca","floor":51,"turns":6}],"seed_played":"9160674006442566790","potions_obtained":[{"floor":8.0,"key":"Poison Potion"},{"floor":13.0,"key":"SkillPotion"},{"floor":16.0,"key":"Regen Potion"},{"floor":25.0,"key":"PowerPotion"},{"floor":30.0,"key":"Energy Potion"},{"floor":37.0,"key":"PowerPotion"},{"floor":44.0,"key":"Ancient Potion"}],"is_trial":false,"path_per_floor":["M","?","?","$","M","R","$","M","T","R","E","R","M","E","R","B",null,"M","?","?","T","M","R","?","E","T","$","M","R","E","$","R","B",null,"M","?","M","?","$","R","E","R","T","M","R","M","M","M","R","B","B",null],"character_chosen":"DEFECT","items_purchased":["Streamline","Ball Lightning","Chemical X","Leap"],"campfire_rested":3,"item_purchase_floors":[4,7,27,27],"current_hp_per_floor":[60,65,67,67,57,57,57,57,57,57,46,46,39,25,25,31,70,55,55,55,55,20,44,44,19,19,19,19,43,23,23,47,62,78,74,74,74,74,74,74,74,74,74,74,74,74,74,74,74,78,79],"gold":114,"neow_bonus":"BOSS_RELIC","is_prod":false,"is_daily":false,"chose_seed":false,"campfire_upgraded":8,"win_rate":0,"timestamp":1548493593,"path_taken":["M","?","?","$","M","R","?","M","T","R","E","R","M","E","R","BOSS","M","?","?","?","M","R","?","E","T","?","M","R","E","$","R","BOSS","M","?","M","?","?","R","E","R","T","?","R","M","?","M","R","BOSS","BOSS"],"build_version":"2019-01-23","purchased_purges":1,"victory":true,"max_hp_per_floor":[71,76,83,83,83,83,83,83,83,83,83,83,83,83,83,83,83,83,83,83,83,83,83,83,83,83,83,83,83,83,83,83,83,83,83,83,83,79,79,79,79,79,79,79,79,79,79,79,79,79,79],"card_choices":[{"not_picked":["Conserve Battery","Go for the Eyes"],"picked":"Defragment","floor":1.0},{"not_picked":["Compile Driver","Redo"],"picked":"Ball Lightning","floor":5.0},{"not_picked":["Sweeping Beam","Barrage"],"picked":"Defragment","floor":8.0},{"not_picked":["Gash","Sweeping Beam"],"picked":"Reinforced Body","floor":11.0},{"not_picked":["Sunder","Streamline"],"picked":"White Noise","floor":13.0},{"not_picked":["Tempest","Coolheaded"],"picked":"Cold Snap","floor":14.0},{"not_picked":["Reboot","Amplify"],"picked":"Echo Form","floor":16.0},{"not_picked":["Compile Driver","Steam"],"picked":"Leap+1","floor":22.0},{"not_picked":["Barrage+1","Blizzard"],"picked":"Conserve Battery","floor":25.0},{"not_picked":["Redo","Beam Cell"],"picked":"Doom and Gloom","floor":28.0},{"not_picked":["Heatsinks","Coolheaded"],"picked":"Cold Snap","floor":30.0},{"not_picked":["Fission","Machine Learning"],"picked":"Rainbow","floor":33.0},{"not_picked":["Leap","Doom and Gloom+1"],"picked":"Sunder","floor":37.0},{"not_picked":["Rebound","Steam","Beam Cell"],"picked":"SKIP","floor":41.0},{"not_picked":["Stack","Ball Lightning"],"picked":"Hello World","floor":44.0},{"not_picked":["Compile Driver","Beam Cell"],"picked":"Undo","floor":46.0},{"not_picked":["Self Repair","Static Discharge"],"picked":"Capacitor","floor":47.0}],"player_experience":1052935,"relics_obtained":[{"floor":9.0,"key":"Boot"},{"floor":11.0,"key":"Pantograph"},{"floor":14.0,"key":"Kunai"},{"floor":25.0,"key":"DataDisk"},{"floor":26.0,"key":"Happy Flower"},{"floor":30.0,"key":"Vajra"},{"floor":41.0,"key":"Whetstone"},{"floor":43.0,"key":"Blue Candle"}],"event_choices":[{"damage_healed":0.0,"max_hp_gain":5.0,"max_hp_loss":0.0,"gold_gain":0.0,"event_name":"Big Fish","player_choice":"Donut","floor":2.0,"gold_loss":0.0,"damage_taken":0.0},{"damage_healed":0.0,"max_hp_gain":0.0,"max_hp_loss":0.0,"gold_gain":0.0,"event_name":"Scrap Ooze","player_choice":"Success","floor":3.0,"gold_loss":0.0,"damage_taken":5.0,"relics_obtained":["Strawberry"]},{"damage_healed":0.0,"max_hp_gain":0.0,"max_hp_loss":0.0,"gold_gain":50.0,"event_name":"Nest","player_choice":"Stole From Cult","floor":19.0,"gold_loss":0.0,"damage_taken":0.0},{"damage_healed":0.0,"max_hp_gain":0.0,"max_hp_loss":0.0,"gold_gain":0.0,"event_name":"Ghosts","player_choice":"Ignored","floor":20.0,"gold_loss":0.0,"damage_taken":0.0},{"cards_removed":["Strike_B"],"damage_healed":0.0,"max_hp_gain":0.0,"max_hp_loss":0.0,"gold_gain":0.0,"event_name":"Beggar","player_choice":"Gave Gold","floor":24.0,"gold_loss":75.0,"damage_taken":0.0},{"damage_healed":0.0,"max_hp_gain":0.0,"max_hp_loss":0.0,"gold_gain":0.0,"event_name":"Tomb of Lord Red Mask","player_choice":"Paid","floor":36.0,"gold_loss":84.0,"damage_taken":0.0,"relics_obtained":["Red Mask"]},{"damage_healed":0.0,"max_hp_gain":0.0,"max_hp_loss":4.0,"gold_gain":0.0,"event_name":"Winding Halls","player_choice":"Max HP","floor":38.0,"gold_loss":0.0,"damage_taken":0.0}],"is_beta":true,"boss_relics":[{"not_picked":["Ectoplasm","Sozu"],"picked":"Snecko Eye"},{"not_picked":["Busted Crown","Calling Bell"],"picked":"Pandora\u0027s Box"}],"items_purged_floors":[31],"is_endless":false,"potions_floor_spawned":[8,13,16,25,30,37,44],"ascension_level":20}