{"gold_per_floor":[111,111,127,141,151,151,180,180,229,241,6,6,6],"floor_reached":13,"playtime":377,"items_purged":["Decay"],"score":149,"play_id":"5acc433a-07b5-4258-8b14-0b97c7a8415c","local_time":"20180808133649","is_ascension_mode":true,"campfire_choices":[{"data":"Go for the Eyes","floor":6,"key":"SMITH"},{"data":"Zap","floor":8,"key":"SMITH"}],"neow_cost":"NONE","seed_source_timestamp":786256013034023,"circlet_count":0,"master_deck":["Strike_B","Strike_B","Strike_B","Strike_B","Defend_B","Defend_B","Defend_B","Defend_B","Zap+1","Dualcast","AscendersBane","Sweeping Beam","Auto Shields","Go for the Eyes+1","Leap","Glacier","Cold Snap","Loop"],"special_seed":0,"relics":["Cursed Key","The Courier","Art of War","Juzu Bracelet","Vajra"],"potions_floor_usage":[13],"damage_taken":[{"damage":1,"enemies":"2 Louse","floor":1,"turns":3},{"damage":4,"enemies":"Jaw Worm","floor":3,"turns":4},{"damage":0,"enemies":"Cultist","floor":4,"turns":3},{"damage":0,"enemies":"2 Fungi Beasts","floor":5,"turns":3},{"damage":31,"enemies":"3 Sentries","floor":7,"turns":12},{"damage":6,"enemies":"Looter","floor":10,"turns":4},{"damage":47,"enemies":"Gremlin Nob","floor":13,"turns":4}],"seed_played":"1836883435162318074","potions_obtained":[{"floor":3,"key":"FearPotion"},{"floor":7,"key":"SneckoOil"}],"is_trial":false,"path_per_floor":["M","?","M","M","M","R","E","R","T","M","$","?"],"character_chosen":"DEFECT","items_purchased":["Juzu Bracelet","Loop"],"campfire_rested":0,"item_purchase_floors":[11,11],"current_hp_per_floor":[63,68,64,64,64,64,33,33,33,27,27,27,0],"gold":6,"neow_bonus":"BOSS_RELIC","is_prod":false,"is_daily":false,"chose_seed":false,"campfire_upgraded":2,"win_rate":0,"timestamp":1533760609,"path_taken":["M","?","M","M","M","R","E","R","T","M","$","?","E"],"build_version":"2018-08-07v3","purchased_purges":1,"victory":false,"max_hp_per_floor":[71,76,76,76,76,76,76,76,76,76,76,76,76],"card_choices":[{"not_picked":["Steam Power","Compile Driver"],"picked":"Sweeping Beam","floor":1},{"not_picked":["Turbo","Barrage"],"picked":"Auto Shields","floor":3},{"not_picked":["Rebound","Scrape"],"picked":"Go for the Eyes","floor":4},{"not_picked":["Stack","Barrage"],"picked":"Leap","floor":5},{"not_picked":["BootSequence","Self Repair"],"picked":"Glacier","floor":7},{"not_picked":["Compile Driver","Hologram"],"picked":"Cold Snap","floor":10}],"player_experience":762238,"relics_obtained":[{"floor":7,"key":"The Courier"},{"floor":9,"key":"Art of War"}],"event_choices":[{"event_name":"Big Fish","player_choice":"Donut","floor":2,"damage_taken":0},{"event_name":"WeMeetAgain","player_choice":"Potion","floor":12,"damage_taken":0}],"is_beta":true,"boss_relics":[],"items_purged_floors":[11],"is_endless":false,"potions_floor_spawned":[3,7,10],"killed_by":"Gremlin Nob","ascension_level":15}