{"gold_per_floor":[213,223,239,239,116,116,142,142,142,177,127,127,154,169,169,265,265,276,303,303,69,69,99,99,99,99,99,124,142,92,106,106,204,204,221,13,13,26,43,43,55,55,55,55,137,157,185,196,196,196],"floor_reached":51,"playtime":4584,"items_purged":["Strike_R","Strike_R","Strike_R","Strike_R"],"score":908,"play_id":"bbdb0e84-074f-4e76-832b-c05dbe0d7ed2","local_time":"20181130000915","is_ascension_mode":true,"campfire_choices":[{"data":"Armaments","floor":6,"key":"SMITH"},{"data":"Whirlwind","floor":12,"key":"SMITH"},{"data":"Spot Weakness","floor":15,"key":"SMITH"},{"data":"Barricade","floor":25,"key":"SMITH"},{"data":"Pommel Strike","floor":27,"key":"SMITH"},{"data":"Shrug It Off","floor":32,"key":"SMITH"},{"data":"Demon Form","floor":40,"key":"SMITH"},{"data":"Heavy Blade","floor":42,"key":"SMITH"},{"data":"Twin Strike","floor":44,"key":"SMITH"},{"data":"Defend_R","floor":49,"key":"SMITH"}],"neow_cost":"NONE","seed_source_timestamp":92811062470975,"circlet_count":0,"master_deck":["Defend_R","Defend_R","Defend_R+1","Thunderclap","Twin Strike+1","Flex+1","Armaments+1","Whirlwind+1","Headbutt","Spot Weakness+1","Barricade+1","Headbutt","Pommel Strike+1","Shrug It Off+1","Infernal Blade+1","Demon Form+1","Inflame+1","Heavy Blade+1","Iron Wave+1"],"relics":["Burning Blood","Mummified Hand","Oddly Smooth Stone","The Courier","Boot","Bag of Marbles","Coffee Dripper","Red Mask","Smiling Mask","Chemical X","Dodecahedron","Pantograph","Champion Belt","Sundial","Busted Crown","Strawberry","Shuriken","Pear","Regal Pillow"],"potions_floor_usage":[10,16,16,16,33,33,38,46,50,50],"damage_taken":[{"damage":10,"enemies":"Cultist","floor":1,"turns":5},{"damage":4,"enemies":"Jaw Worm","floor":2,"turns":4},{"damage":2,"enemies":"Small Slimes","floor":3,"turns":5},{"damage":8,"enemies":"Gremlin Nob","floor":7,"turns":3},{"damage":16,"enemies":"3 Sentries","floor":10,"turns":6},{"damage":12,"enemies":"Lagavulin","floor":13,"turns":6},{"damage":0,"enemies":"2 Fungi Beasts","floor":14,"turns":1},{"damage":32,"enemies":"The Guardian","floor":16,"turns":8},{"damage":0,"enemies":"Shell Parasite","floor":18,"turns":3},{"damage":0,"enemies":"Masked Bandits","floor":19,"turns":1},{"damage":18,"enemies":"Slavers","floor":23,"turns":2},{"damage":15,"enemies":"Gremlin Leader","floor":28,"turns":4},{"damage":2,"enemies":"2 Thieves","floor":29,"turns":3},{"damage":0,"enemies":"Shelled Parasite and Fungi","floor":31,"turns":1},{"damage":76,"enemies":"Champ","floor":33,"turns":8},{"damage":2,"enemies":"3 Shapes","floor":35,"turns":2},{"damage":0,"enemies":"3 Darklings","floor":38,"turns":2},{"damage":21,"enemies":"Spire Growth","floor":39,"turns":4},{"damage":0,"enemies":"4 Shapes","floor":41,"turns":3},{"damage":4,"enemies":"Maw","floor":46,"turns":4},{"damage":57,"enemies":"Reptomancer","floor":47,"turns":5},{"damage":0,"enemies":"Transient","floor":48,"turns":5},{"damage":39,"enemies":"Awakened One","floor":50,"turns":7}],"seed_played":"1019433350494919793","potions_obtained":[{"floor":2,"key":"Energy Potion"},{"floor":7,"key":"EntropicBrew"},{"floor":23,"key":"Regen Potion"},{"floor":29,"key":"Regen Potion"},{"floor":33,"key":"PowerPotion"},{"floor":35,"key":"EssenceOfSteel"},{"floor":47,"key":"SpeedPotion"},{"floor":48,"key":"Dexterity Potion"}],"is_trial":false,"path_per_floor":["M","M","M","?","$","R","E","?","T","E","?","R","E","M","R","B",null,"M","?","?","$","T","E","?","R","T","R","E","M","$","M","R","B",null,"M","$","?","M","M","R","M","R","T","R","T","M","E","M","R","B",null],"character_chosen":"IRONCLAD","items_purchased":["Armaments","Chemical X","Pommel Strike","Heavy Blade","Strawberry"],"campfire_rested":0,"item_purchase_floors":[5,21,21,36,36],"current_hp_per_floor":[76,78,80,80,80,80,78,71,71,61,61,61,55,61,61,35,69,75,80,80,80,80,68,68,68,68,68,59,63,63,69,69,20,65,69,76,76,82,67,67,73,73,73,73,83,85,34,40,40,32],"gold":196,"neow_bonus":"HUNDRED_GOLD","is_prod":false,"is_daily":false,"chose_seed":false,"campfire_upgraded":10,"win_rate":0,"timestamp":1543532955,"path_taken":["M","?","?","?","$","R","E","?","T","E","?","R","E","M","R","BOSS","M","?","?","$","?","E","?","R","T","R","E","M","$","M","R","BOSS","M","$","?","M","?","R","M","R","T","R","?","M","E","M","R","BOSS"],"build_version":"2018-11-15","purchased_purges":4,"victory":true,"max_hp_per_floor":[80,80,80,80,80,80,80,80,80,80,80,80,80,80,80,80,80,80,80,80,80,80,80,80,80,80,80,80,80,80,80,80,80,80,80,87,87,87,87,87,87,87,87,87,97,97,97,97,97,97],"card_choices":[{"not_picked":["Rupture","Perfected Strike"],"picked":"Thunderclap","floor":1},{"not_picked":["Combust","Havoc"],"picked":"Twin Strike","floor":2},{"not_picked":["Sword Boomerang","Bloodletting"],"picked":"Flex","floor":3},{"not_picked":["Evolve","Anger"],"picked":"Whirlwind","floor":7},{"not_picked":["Perfected Strike","Thunderclap"],"picked":"Headbutt","floor":10},{"not_picked":["Whirlwind","Bludgeon","Iron Wave"],"picked":"SKIP","floor":13},{"not_picked":["Corruption","Disarm"],"picked":"Spot Weakness","floor":14},{"not_picked":["Impervious","Juggernaut"],"picked":"Barricade","floor":16},{"not_picked":["Clash+1","Shockwave","Armaments"],"picked":"SKIP","floor":18},{"not_picked":["Pommel Strike","Body Slam"],"picked":"Headbutt","floor":19},{"not_picked":["Anger","Wild Strike","True Grit"],"picked":"SKIP","floor":23},{"not_picked":["Inflame","Cleave"],"picked":"Shrug It Off","floor":28},{"not_picked":["Anger+1","Shrug It Off"],"picked":"Infernal Blade+1","floor":29},{"not_picked":["Infernal Blade","Thunderclap","Second Wind"],"picked":"SKIP","floor":31},{"not_picked":["Juggernaut","Bludgeon"],"picked":"Demon Form","floor":33},{"not_picked":[],"picked":"Inflame+1","floor":35},{"not_picked":["Anger+1"],"picked":"SKIP","floor":38},{"not_picked":[],"picked":"Iron Wave+1","floor":39},{"not_picked":["Flame Barrier"],"picked":"SKIP","floor":41},{"not_picked":["Rupture"],"picked":"SKIP","floor":46},{"not_picked":["Rampage"],"picked":"SKIP","floor":47},{"not_picked":["Carnage+1"],"picked":"SKIP","floor":48}],"player_experience":331688,"relics_obtained":[{"floor":7,"key":"Mummified Hand"},{"floor":9,"key":"The Courier"},{"floor":10,"key":"Boot"},{"floor":13,"key":"Bag of Marbles"},{"floor":19,"key":"Red Mask"},{"floor":22,"key":"Dodecahedron"},{"floor":23,"key":"Pantograph"},{"floor":26,"key":"Champion Belt"},{"floor":28,"key":"Sundial"},{"floor":43,"key":"Shuriken"},{"floor":45,"key":"Pear"},{"floor":47,"key":"Regal Pillow"}],"event_choices":[{"damage_healed":0,"gold_gain":0,"player_choice":"Grow","damage_taken":0,"max_hp_gain":0,"max_hp_loss":0,"event_name":"Living Wall","floor":4,"gold_loss":0,"cards_upgraded":["Flex"]},{"damage_healed":0,"gold_gain":0,"player_choice":"Success","damage_taken":7,"relics_obtained":["Oddly Smooth Stone"],"max_hp_gain":0,"max_hp_loss":0,"event_name":"Scrap Ooze","floor":8,"gold_loss":0},{"cards_removed":["Strike_R"],"damage_healed":0,"gold_gain":0,"player_choice":"Card Removal","damage_taken":0,"max_hp_gain":0,"max_hp_loss":0,"event_name":"The Cleric","floor":11,"gold_loss":50},{"damage_healed":0,"gold_gain":0,"player_choice":"Fought Bandits","damage_taken":0,"max_hp_gain":0,"max_hp_loss":0,"event_name":"Masked Bandits","floor":19,"gold_loss":0},{"damage_healed":0,"gold_gain":0,"player_choice":"Opened","damage_taken":0,"relics_obtained":["Smiling Mask"],"max_hp_gain":0,"max_hp_loss":0,"event_name":"The Mausoleum","floor":20,"gold_loss":0},{"cards_removed":["Defend_R"],"damage_healed":0,"gold_gain":0,"player_choice":"Elegance","damage_taken":0,"max_hp_gain":0,"max_hp_loss":0,"event_name":"Back to Basics","floor":24,"gold_loss":0},{"cards_removed":["Bash"],"damage_healed":0,"gold_gain":0,"player_choice":"Offered Basic","damage_taken":0,"max_hp_gain":0,"max_hp_loss":0,"event_name":"Bonfire Elementals","floor":37,"gold_loss":0}],"is_beta":false,"boss_relics":[{"not_picked":["White Beast Statue","Pandora\u0027s Box"],"picked":"Coffee Dripper"},{"not_picked":["Cursed Key","Astrolabe"],"picked":"Busted Crown"}],"items_purged_floors":[5,21,30,36],"is_endless":false,"potions_floor_spawned":[2,7,23,29,33,35,47,48],"ascension_level":5}