{"gold_per_floor":[113,131,150,163,183,183,209,209,209,309,234,262,273,291,291,388,388,408,508,526,426,446,446,471,471,471,503,519,519,536,316,316,419,419,430,280,280,292,292,325,325,355,380,395,2,15,40,53,53,53],"floor_reached":51,"playtime":1978,"items_purged":["Accuracy","Quick Slash","Outmaneuver","Masterful Stab","Phantasmal Killer+1"],"score":852,"play_id":"0db367b6-62eb-45c2-9747-b5aead9d954b","local_time":"20190825022046","is_ascension_mode":true,"campfire_choices":[{"data":"Neutralize","floor":6.0,"key":"SMITH"},{"data":"Phantasmal Killer","floor":8.0,"key":"SMITH"},{"data":"Glass Knife","floor":15.0,"key":"SMITH"},{"data":"Tactician","floor":23.0,"key":"SMITH"},{"data":"Reflex","floor":29.0,"key":"SMITH"},{"floor":32.0,"key":"REST"},{"floor":41.0,"key":"REST"},{"floor":49.0,"key":"REST"}],"neow_cost":"NONE","seed_source_timestamp":19271879707941,"circlet_count":0,"master_deck":["Survivor","Neutralize+1","Glass Knife+1","Leg Sweep","Reflex+1","Bouncing Flask+1","Finisher+1","Tactician+1","Reflex+1"],"special_seed":0,"relics":["Pandora\u0027s Box","Paper Crane","Ninja Scroll","PreservedInsect","Astrolabe","Mercury Hourglass","Dream Catcher","Torii","Fusion Hammer","Oddly Smooth Stone","Lantern","Blood Vial","Pen Nib","Ancient Tea Set","Blue Candle"],"potions_floor_usage":[50,50],"damage_taken":[{"damage":0.0,"enemies":"Cultist","floor":1.0,"turns":2.0},{"damage":0.0,"enemies":"2 Louse","floor":2.0,"turns":2.0},{"damage":0.0,"enemies":"Jaw Worm","floor":3.0,"turns":2.0},{"damage":2.0,"enemies":"Lots of Slimes","floor":4.0,"turns":3.0},{"damage":0.0,"enemies":"Red Slaver","floor":5.0,"turns":2.0},{"damage":5.0,"enemies":"Lagavulin","floor":7.0,"turns":7.0},{"damage":0.0,"enemies":"Gremlin Nob","floor":12.0,"turns":2.0},{"damage":0.0,"enemies":"2 Fungi Beasts","floor":13.0,"turns":2.0},{"damage":0.0,"enemies":"Large Slime","floor":14.0,"turns":3.0},{"damage":13.0,"enemies":"The Guardian","floor":16.0,"turns":8.0},{"damage":0.0,"enemies":"Chosen","floor":18.0,"turns":1.0},{"damage":0.0,"enemies":"Spheric Guardian","floor":20.0,"turns":2.0},{"damage":14.0,"enemies":"Snake Plant","floor":22.0,"turns":3.0},{"damage":13.0,"enemies":"Slavers","floor":24.0,"turns":4.0},{"damage":3.0,"enemies":"Book of Stabbing","floor":27.0,"turns":1.0},{"damage":1.0,"enemies":"3 Cultists","floor":28.0,"turns":4.0},{"damage":0.0,"enemies":"Chosen and Byrds","floor":30.0,"turns":3.0},{"damage":16.0,"enemies":"Champ","floor":33.0,"turns":10.0},{"damage":2.0,"enemies":"3 Shapes","floor":35.0,"turns":2.0},{"damage":2.0,"enemies":"3 Darklings","floor":38.0,"turns":6.0},{"damage":73.0,"enemies":"Nemesis","floor":40.0,"turns":10.0},{"damage":1.0,"enemies":"Giant Head","floor":42.0,"turns":6.0},{"damage":0.0,"enemies":"Jaw Worm Horde","floor":44.0,"turns":4.0},{"damage":1.0,"enemies":"Transient","floor":46.0,"turns":5.0},{"damage":1.0,"enemies":"Reptomancer","floor":47.0,"turns":4.0},{"damage":2.0,"enemies":"4 Shapes","floor":48.0,"turns":5.0},{"damage":46,"enemies":"Awakened One","floor":50,"turns":19}],"seed_played":"1225","potions_obtained":[{"floor":1.0,"key":"Swift Potion"},{"floor":5.0,"key":"Ancient Potion"},{"floor":7.0,"key":"Swift Potion"},{"floor":12.0,"key":"Poison Potion"},{"floor":14.0,"key":"PowerPotion"},{"floor":22.0,"key":"GamblersBrew"},{"floor":28.0,"key":"EntropicBrew"},{"floor":33.0,"key":"Dexterity Potion"},{"floor":42.0,"key":"SpeedPotion"},{"floor":44.0,"key":"SpeedPotion"},{"floor":47.0,"key":"EssenceOfSteel"}],"is_trial":false,"path_per_floor":["M","M","M","M","M","R","E","R","T","?","$","E","M","M","R","B",null,"M","?","M","$","M","R","E","?","T","E","M","R","M","$","R","B",null,"M","$","?","M","?","E","R","E","T","M","$","M","E","M","R","B",null],"character_chosen":"THE_SILENT","items_purchased":["Fruit Juice","GhostInAJar","Ancient Tea Set"],"campfire_rested":3,"item_purchase_floors":[31,45,45],"current_hp_per_floor":[70,70,70,68,68,68,63,63,63,63,63,63,63,63,63,50,70,70,70,70,70,56,56,43,30,30,27,26,26,26,31,55,39,80,78,78,78,76,76,3,27,26,26,28,28,29,30,30,54,10],"gold":53,"neow_bonus":"BOSS_RELIC","is_prod":false,"is_daily":false,"chose_seed":false,"campfire_upgraded":5,"win_rate":0,"timestamp":1566724846,"path_taken":["M","?","M","?","M","R","E","R","T","?","$","E","?","M","R","BOSS","M","?","?","?","M","R","E","?","T","E","M","R","M","$","R","BOSS","M","$","?","?","?","E","R","E","T","?","$","M","E","M","R","BOSS"],"build_version":"2019-08-23","purchased_purges":5,"victory":true,"max_hp_per_floor":[70,70,70,70,70,70,70,70,70,70,70,70,70,70,70,70,70,70,70,70,70,70,70,70,75,75,75,75,75,75,80,80,80,80,80,80,80,80,80,80,80,80,80,80,80,80,80,80,80,80],"card_choices":[{"not_picked":["Terror","Crippling Poison","Blur"],"picked":"SKIP","floor":4.0},{"not_picked":["Dagger Spray","Poisoned Stab"],"picked":"Reflex","floor":5.0},{"not_picked":["Deflect","Dodge and Roll","Catalyst"],"picked":"SKIP","floor":7.0},{"not_picked":["Backflip","Dagger Spray","Deadly Poison"],"picked":"SKIP","floor":12.0},{"not_picked":["Eviscerate","Deflect","Phantasmal Killer"],"picked":"SKIP","floor":14.0},{"not_picked":["Eviscerate","Deflect","Phantasmal Killer"],"picked":"SKIP","floor":14.0},{"not_picked":["Terror","Predator"],"picked":"Tactician","floor":18.0},{"not_picked":["PiercingWail","Flying Knee+1","Crippling Poison"],"picked":"SKIP","floor":20.0},{"not_picked":["Blade Dance+1","Blur+1","Deadly Poison"],"picked":"SKIP","floor":22.0},{"not_picked":["Wraith Form v2","Sucker Punch+1","Dagger Throw"],"picked":"SKIP","floor":24.0},{"not_picked":["Deadly Poison","Dagger Spray","Dodge and Roll"],"picked":"SKIP","floor":27.0},{"not_picked":["Expertise","Blade Dance+1","Underhanded Strike+1"],"picked":"SKIP","floor":28.0},{"not_picked":["Dagger Throw+1","Blade Dance","Slice"],"picked":"SKIP","floor":30.0},{"not_picked":["PiercingWail","Prepared+1","Endless Agony+1"],"picked":"SKIP","floor":35.0},{"not_picked":["Dodge and Roll+1","Heel Hook+1","Blade Dance+1"],"picked":"SKIP","floor":38.0},{"not_picked":["Dagger Throw+1","Accuracy","Backflip"],"picked":"SKIP","floor":40.0},{"not_picked":["Terror","Caltrops","Dagger Throw+1"],"picked":"SKIP","floor":42.0},{"not_picked":["Sucker Punch+1","Dodge and Roll+1","Tactician+1"],"picked":"SKIP","floor":44.0},{"not_picked":["Dagger Spray","Dodge and Roll","Deflect"],"picked":"SKIP","floor":46.0},{"not_picked":["Flechettes","Outmaneuver","A Thousand Cuts"],"picked":"SKIP","floor":47.0},{"not_picked":["Flechettes","Outmaneuver","A Thousand Cuts"],"picked":"SKIP","floor":47.0},{"not_picked":["Dagger Throw","Deflect","Poisoned Stab"],"picked":"SKIP","floor":48.0}],"player_experience":1435389,"relics_obtained":[{"floor":7.0,"key":"Paper Crane"},{"floor":9.0,"key":"Ninja Scroll"},{"floor":12.0,"key":"PreservedInsect"},{"floor":24.0,"key":"Mercury Hourglass"},{"floor":26.0,"key":"Dream Catcher"},{"floor":27.0,"key":"Torii"},{"floor":40.0,"key":"Lantern"},{"floor":42.0,"key":"Blood Vial"},{"floor":43.0,"key":"Pen Nib"},{"floor":47.0,"key":"Blue Candle"}],"event_choices":[{"damage_healed":0.0,"max_hp_gain":0.0,"max_hp_loss":0.0,"gold_gain":100.0,"event_name":"Wheel of Change","player_choice":"Gold","floor":10.0,"gold_loss":0.0,"damage_taken":0.0},{"damage_healed":0.0,"max_hp_gain":0.0,"max_hp_loss":0.0,"gold_gain":100.0,"event_name":"Golden Shrine","player_choice":"Pray","floor":19.0,"gold_loss":0.0,"damage_taken":0.0},{"damage_healed":0.0,"max_hp_gain":5.0,"max_hp_loss":0.0,"gold_gain":0.0,"event_name":"Forgotten Altar","player_choice":"Shed Blood","floor":25.0,"gold_loss":0.0,"damage_taken":18.0},{"damage_healed":0.0,"max_hp_gain":0.0,"max_hp_loss":0.0,"gold_gain":0.0,"event_name":"Duplicator","player_choice":"Copied","floor":37.0,"gold_loss":0.0,"damage_taken":0.0,"cards_obtained":["Reflex"]},{"cards_removed":["Flying Knee"],"damage_healed":0.0,"max_hp_gain":0.0,"max_hp_loss":0.0,"gold_gain":0.0,"event_name":"WeMeetAgain","player_choice":"Gave Card","floor":39.0,"gold_loss":0.0,"damage_taken":0.0,"relics_obtained":["Oddly Smooth Stone"]}],"is_beta":true,"boss_relics":[{"not_picked":["Calling Bell","Eternal Feather"],"picked":"Astrolabe"},{"not_picked":["Velvet Choker","HoveringKite"],"picked":"Fusion Hammer"}],"items_purged_floors":[11,21,31,36,45],"is_endless":false,"potions_floor_spawned":[1,5,7,12,13,14,18,22,28,33,42,44,46,47],"ascension_level":1}