{"gold_per_floor":[118,118,118,131,131,131,172,190,190,18,18,32,56,70,70,201,201,216,216,216,43,61,61,74,74,147,72,72,106,106,130,130,260,260,280,124,149,168,189,189,225,225,225,241,299,342,675,675,675,675],"floor_reached":51,"playtime":4600,"items_purged":["Strike_B","Strike_B"],"score":1000,"play_id":"a86c507c-ab21-4c26-9c76-a47d2ef17311","local_time":"20190808130056","is_ascension_mode":false,"campfire_choices":[{"data":"Dualcast","floor":6,"key":"SMITH"},{"data":"Defragment","floor":11,"key":"SMITH"},{"data":"Defragment","floor":15,"key":"SMITH"},{"data":"Amplify","floor":23,"key":"SMITH"},{"data":"Defragment","floor":25,"key":"SMITH"},{"data":"Redo","floor":28,"key":"SMITH"},{"data":"Coolheaded","floor":32,"key":"SMITH"},{"data":"Defragment","floor":40,"key":"SMITH"},{"data":"Turbo","floor":42,"key":"SMITH"},{"data":"Rip and Tear","floor":49,"key":"SMITH"}],"neow_cost":"NONE","seed_source_timestamp":5305852055600,"circlet_count":0,"master_deck":["Defend_B","Defend_B","Defend_B","Zap+1","Dualcast+1","Redo+1","Rip and Tear+1","Cold Snap","Compile Driver","Defragment+1","Coolheaded+1","Redo+1","Glacier","Defragment+1","Leap","Amplify+1","Go for the Eyes+1","Defragment+1","Skim+1","Glacier+1","Turbo+1","Redo+1","Defragment+1","Redo+1","Self Repair+1"],"relics":["Cracked Core","Calipers","Meat on the Bone","Coffee Dripper","Du-Vu Doll","Dodecahedron","Omamori","Runic Pyramid","Lantern","Oddly Smooth Stone","Letter Opener","Turnip","Anchor"],"potions_floor_usage":[7,22,39,41],"damage_taken":[{"damage":0,"enemies":"Cultist","floor":1,"turns":3},{"damage":0,"enemies":"Small Slimes","floor":4,"turns":2},{"damage":2,"enemies":"Lagavulin","floor":7,"turns":5},{"damage":0,"enemies":"Jaw Worm","floor":8,"turns":3},{"damage":1,"enemies":"Exordium Wildlife","floor":12,"turns":2},{"damage":0,"enemies":"Exordium Thugs","floor":13,"turns":4},{"damage":0,"enemies":"Large Slime","floor":14,"turns":4},{"damage":0,"enemies":"The Guardian","floor":16,"turns":17},{"damage":10,"enemies":"Shell Parasite","floor":18,"turns":5},{"damage":0,"enemies":"2 Thieves","floor":22,"turns":4},{"damage":15,"enemies":"Snake Plant","floor":24,"turns":6},{"damage":18,"enemies":"Book of Stabbing","floor":29,"turns":4},{"damage":0,"enemies":"3 Cultists","floor":31,"turns":5},{"damage":0,"enemies":"Champ","floor":33,"turns":19},{"damage":10,"enemies":"3 Shapes","floor":35,"turns":5},{"damage":0,"enemies":"Orb Walker","floor":37,"turns":4},{"damage":0,"enemies":"Spire Growth","floor":38,"turns":5},{"damage":10,"enemies":"Writhing Mass","floor":39,"turns":11},{"damage":0,"enemies":"Giant Head","floor":41,"turns":11},{"damage":17,"enemies":"3 Darklings","floor":44,"turns":4},{"damage":7,"enemies":"2 Orb Walkers","floor":45,"turns":11},{"damage":0,"enemies":"Nemesis","floor":46,"turns":10},{"damage":0,"enemies":"Time Eater","floor":50,"turns":13}],"seed_played":"6871160601601799130","potions_obtained":[{"floor":4,"key":"Fire Potion"},{"floor":7,"key":"Ancient Potion"},{"floor":14,"key":"PowerPotion"},{"floor":16,"key":"AttackPotion"},{"floor":22,"key":"SpeedPotion"},{"floor":31,"key":"Weak Potion"},{"floor":38,"key":"Fruit Juice"},{"floor":41,"key":"SneckoOil"},{"floor":44,"key":"SpeedPotion"}],"is_trial":false,"path_per_floor":["M","?","?","M","?","R","E","M","T","$","R","M","M","M","R","B",null,"M","?","?","$","M","R","M","R","T","?","R","E","?","M","R","B",null,"M","$","M","M","M","R","E","R","T","M","?","E","?","?","R","B",null],"character_chosen":"DEFECT","items_purchased":["Coolheaded","Redo","Defragment","Lantern"],"campfire_rested":0,"item_purchase_floors":[10,10,21,36],"current_hp_per_floor":[75,57,42,42,42,42,40,40,40,40,40,39,39,39,39,39,75,65,65,65,65,65,65,50,50,50,50,50,44,44,44,44,44,75,65,65,65,65,60,60,60,60,60,43,68,80,80,80,80,80],"gold":675,"neow_bonus":"TRANSFORM_CARD","is_prod":false,"is_daily":false,"chose_seed":false,"campfire_upgraded":10,"win_rate":0,"timestamp":1565283656,"path_taken":["M","?","?","M","?","R","E","M","T","$","R","M","M","M","R","BOSS","M","?","?","$","?","R","M","R","T","?","R","E","?","M","R","BOSS","M","$","M","M","M","R","E","R","T","M","?","E","?","?","R","BOSS"],"build_version":"2019-07-17","purchased_purges":2,"victory":true,"max_hp_per_floor":[75,75,75,75,75,75,75,75,75,75,75,75,75,75,75,75,75,75,75,75,75,75,75,75,75,75,75,75,75,75,75,75,75,75,75,75,75,75,80,80,80,80,80,80,80,80,80,80,80,80],"card_choices":[{"not_picked":["Conserve Battery","Undo"],"picked":"Rip and Tear","floor":1},{"not_picked":["Hologram","Skim"],"picked":"Cold Snap","floor":4},{"not_picked":["Beam Cell","Steam Power"],"picked":"Compile Driver","floor":7},{"not_picked":["Turbo","Reprogram"],"picked":"Defragment","floor":8},{"not_picked":["Conserve Battery","Barrage"],"picked":"Glacier","floor":12},{"not_picked":["Scrape","Sweeping Beam"],"picked":"Defragment","floor":13},{"not_picked":["Scrape","Barrage"],"picked":"Leap","floor":14},{"not_picked":["Machine Learning","Seek"],"picked":"Amplify","floor":16},{"not_picked":["Streamline","Compile Driver"],"picked":"Go for the Eyes+1","floor":18},{"not_picked":["Hologram","Turbo"],"picked":"Skim+1","floor":22},{"not_picked":["BootSequence","Rip and Tear","Storm"],"picked":"SKIP","floor":24},{"not_picked":["Beam Cell","Static Discharge","Sweeping Beam+1"],"picked":"SKIP","floor":29},{"not_picked":["Go for the Eyes+1","Beam Cell"],"picked":"Glacier+1","floor":31},{"not_picked":["Barrage+1","Rip and Tear"],"picked":"Turbo","floor":35},{"not_picked":["Sweeping Beam","Reinforced Body"],"picked":"Redo+1","floor":37},{"not_picked":["Barrage+1","Coolheaded"],"picked":"Defragment","floor":38},{"not_picked":["Compile Driver","Turbo"],"picked":"Redo+1","floor":39},{"not_picked":["Amplify","Fission","Blizzard+1"],"picked":"SKIP","floor":41},{"not_picked":["Beam Cell","FTL+1"],"picked":"Self Repair+1","floor":44},{"not_picked":["Chill","Barrage","Reinforced Body"],"picked":"SKIP","floor":46}],"player_experience":2646929,"relics_obtained":[{"floor":7,"key":"Calipers"},{"floor":9,"key":"Meat on the Bone"},{"floor":26,"key":"Dodecahedron"},{"floor":29,"key":"Omamori"},{"floor":41,"key":"Oddly Smooth Stone"},{"floor":43,"key":"Letter Opener"},{"floor":45,"key":"Turnip"},{"floor":46,"key":"Anchor"}],"event_choices":[{"damage_healed":0,"gold_gain":0,"player_choice":"Take Damage","damage_taken":18,"relics_obtained":["Golden Idol"],"max_hp_gain":0,"max_hp_loss":0,"event_name":"Golden Idol","floor":2,"gold_loss":0},{"damage_healed":0,"gold_gain":0,"player_choice":"Entered Light","damage_taken":15,"max_hp_gain":0,"max_hp_loss":0,"event_name":"Shining Light","floor":3,"gold_loss":0,"cards_upgraded":["Strike_B","Zap"]},{"damage_healed":0,"gold_gain":0,"player_choice":"Grow","damage_taken":0,"max_hp_gain":0,"max_hp_loss":0,"event_name":"Living Wall","floor":5,"gold_loss":0,"cards_upgraded":["Redo"]},{"damage_healed":0,"gold_gain":0,"player_choice":"Opened","damage_taken":0,"relics_obtained":["Du-Vu Doll"],"max_hp_gain":0,"max_hp_loss":0,"event_name":"The Mausoleum","floor":19,"gold_loss":0,"cards_obtained":["Writhe"]},{"cards_removed":["Writhe"],"damage_healed":0,"gold_gain":0,"player_choice":"Elegance","damage_taken":0,"max_hp_gain":0,"max_hp_loss":0,"event_name":"Back to Basics","floor":20,"gold_loss":0},{"cards_removed":["Defend_B"],"damage_healed":0,"gold_gain":0,"player_choice":"Gave Gold","damage_taken":0,"max_hp_gain":0,"max_hp_loss":0,"event_name":"Beggar","floor":27,"gold_loss":75},{"damage_healed":0,"gold_gain":0,"player_choice":"Ignored","damage_taken":0,"max_hp_gain":0,"max_hp_loss":0,"event_name":"Vampires","floor":30,"gold_loss":0},{"damage_healed":0,"gold_gain":0,"player_choice":"Fight","damage_taken":0,"max_hp_gain":0,"max_hp_loss":0,"event_name":"Mysterious Sphere","floor":45,"gold_loss":0},{"damage_healed":0,"gold_gain":333,"player_choice":"Gave Idol","damage_taken":0,"max_hp_gain":0,"max_hp_loss":0,"event_name":"The Moai Head","floor":47,"relics_lost":["Golden Idol"],"gold_loss":0},{"cards_removed":["Strike_B"],"damage_healed":0,"gold_gain":0,"player_choice":"Removed Attack","damage_taken":0,"max_hp_gain":0,"max_hp_loss":0,"event_name":"Falling","floor":48,"gold_loss":0}],"is_beta":false,"boss_relics":[{"not_picked":["Fusion Hammer","Tiny House"],"picked":"Coffee Dripper"},{"not_picked":["Runic Dome","Nuclear Battery"],"picked":"Runic Pyramid"}],"items_purged_floors":[10,21],"is_endless":false,"potions_floor_spawned":[4,7,14,16,22,29,31,37,38,41,44,45],"ascension_level":0}