{"path_per_floor":["M","?","?","?","M","R","$","M","T","$","M","M","R","M","R","B",null,"M","?","M","M","M","R","M","$","T","$"],"character_chosen":"IRONCLAD","items_purchased":["Clash","Shrug It Off","Apotheosis","Dark Shackles","Armaments"],"gold_per_floor":[111,111,111,111,131,131,31,50,74,48,63,87,87,100,100,230,230,253,343,361,381,404,404,420,150,150,97],"floor_reached":28,"campfire_rested":1,"playtime":3195,"current_hp_per_floor":[88,93,93,70,75,75,75,76,76,76,80,86,86,92,92,53,93,96,64,73,43,28,57,58,58,58,58],"items_purged":["Bash"],"gold":97,"score":237,"play_id":"2bd77ac9-4206-4a15-a5ea-9a6dca3b97c3","is_prod":false,"is_daily":false,"is_ascension_mode":false,"campfire_upgraded":3,"path_taken":["M","?","?","?","M","R","$","?","T","$","M","M","R","M","R","BOSS","M","?","M","M","?","R","M","$","T","?","M"],"build_version":"2018-02-22-PROD2","purchased_purges":2,"victory":false,"master_deck":["Strike_R","Strike_R","Strike_R","Strike_R","Strike_R","Defend_R","Defend_R","Defend_R","Defend_R","Pommel Strike+1","Perfected Strike+1","Clash","Shrug It Off+1","Flex","Headbutt","Berserk+1","Feed","Heavy Blade+1","True Grit+1","Apotheosis","Dark Shackles","Armaments"],"max_hp_per_floor":[88,93,93,93,93,93,93,93,93,93,93,93,93,93,93,93,93,96,96,99,99,99,99,102,102,102,102],"relics":["Burning Blood","Golden Idol","Ancient Tea Set","Sozu","Oddly Smooth Stone"],"card_choices":[{"not_picked":["Uppercut","Sever Soul"],"picked":"Pommel Strike"},{"not_picked":["Barricade","Thunderclap"],"picked":"Perfected Strike"},{"not_picked":["Reckless Charge","Twin Strike"],"picked":"Flex"},{"not_picked":["Combust","Feel No Pain"],"picked":"Headbutt"},{"not_picked":["Shrug It Off","Anger"],"picked":"Berserk"},{"not_picked":["Double Tap","Brutality"],"picked":"Feed"},{"not_picked":["Intimidate","Clash"],"picked":"Heavy Blade"},{"not_picked":["Flex","Headbutt"],"picked":"True Grit"}],"player_experience":35085,"potions_floor_usage":[11,12,20,20,20],"damage_taken":[{"damage":2,"enemies":"2 Louse","floor":1,"turns":3},{"damage":1,"enemies":"Jaw Worm","floor":5,"turns":4},{"damage":5,"enemies":"Small Slimes","floor":8,"turns":2},{"damage":11,"enemies":"Red Slaver","floor":11,"turns":4},{"damage":0,"enemies":"Exordium Thugs","floor":12,"turns":3},{"damage":0,"enemies":"2 Fungi Beasts","floor":14,"turns":1},{"damage":45,"enemies":"Slime Boss","floor":16,"turns":10},{"damage":5,"enemies":"Chosen","floor":18,"turns":4},{"damage":0,"enemies":"Shell Parasite","floor":20,"turns":2},{"damage":36,"enemies":"Snake Plant","floor":21,"turns":4},{"damage":21,"enemies":"Snecko","floor":22,"turns":5},{"damage":8,"enemies":"Slaver and Parasite","floor":24,"turns":6},{"damage":71,"enemies":"Cultist and Chosen","floor":28,"turns":7}],"event_choices":[{"event_name":"Big Fish","player_choice":"Donut","floor":2,"damage_taken":0},{"event_name":"Accursed Blacksmith","player_choice":"Forge","floor":3,"damage_taken":0},{"event_name":"Golden Idol","player_choice":"Take Damage","floor":4,"damage_taken":0},{"event_name":"Knowing Skull","player_choice":"GOLD POTION POTION ","floor":19,"damage_taken":0}],"boss_relics":[{"not_picked":["Ectoplasm","Question Card"],"picked":"Sozu"}],"potions_floor_spawned":[5,8,16,24],"seed_played":"2830873109281251727","killed_by":"Cultist and Chosen","ascension_level":0,"is_trial":false}