{"gold_per_floor":[165,178,198,209,209,209,239,12,12,12,12,40,40,115,115,115],"floor_reached":16,"playtime":841,"items_purged":["Strike_G"],"score":113,"play_id":"643d4e41-38a9-43e4-8003-b739e8dc34ba","local_time":"20190826033722","is_ascension_mode":true,"campfire_choices":[{"data":"Cloak And Dagger","floor":6,"key":"SMITH"},{"floor":10,"key":"REST"},{"floor":15,"key":"REST"}],"neow_cost":"NONE","seed_source_timestamp":135677638135800,"circlet_count":0,"master_deck":["Strike_G","Strike_G","Strike_G","Strike_G","Defend_G","Defend_G","Defend_G","Defend_G+1","Defend_G","Survivor","Neutralize","Prepared","Blur","Crippling Poison","Cloak And Dagger+1","Leg Sweep+1"],"relics":["Tiny House","Turnip","Vajra","Matryoshka","Molten Egg 2","Golden Idol"],"potions_floor_usage":[7,12,12],"damage_taken":[{"damage":5,"enemies":"Jaw Worm","floor":1,"turns":4},{"damage":0,"enemies":"2 Louse","floor":2,"turns":3},{"damage":0,"enemies":"Small Slimes","floor":3,"turns":5},{"damage":8,"enemies":"3 Louse","floor":4,"turns":5},{"damage":46,"enemies":"Lagavulin","floor":7,"turns":11},{"damage":12,"enemies":"3 Sentries","floor":12,"turns":20},{"damage":57,"enemies":"Slime Boss","floor":16,"turns":18}],"seed_played":"-1575659233302806462","potions_obtained":[{"floor":0,"key":"Ancient Potion"},{"floor":4,"key":"GamblersBrew"},{"floor":7,"key":"Regen Potion"},{"floor":12,"key":"Ancient Potion"}],"is_trial":false,"path_per_floor":["M","M","M","M","?","R","E","$","T","R","?","E","?","?","R","B"],"character_chosen":"THE_SILENT","items_purchased":["Vajra"],"campfire_rested":2,"item_purchase_floors":[8],"current_hp_per_floor":[70,70,70,62,62,62,16,16,16,38,38,41,41,30,50,0],"gold":115,"neow_bonus":"BOSS_RELIC","is_prod":false,"is_daily":false,"chose_seed":false,"campfire_upgraded":1,"win_rate":0,"timestamp":1566815842,"path_taken":["M","M","M","M","?","R","E","$","T","R","?","E","?","?","R","BOSS"],"build_version":"2019-07-17","purchased_purges":1,"victory":false,"max_hp_per_floor":[75,75,75,75,75,75,75,75,75,75,75,75,69,69,69,69],"card_choices":[{"not_picked":["Dodge and Roll","Outmaneuver"],"picked":"Prepared","floor":0},{"not_picked":["Slice","Backstab"],"picked":"Blur","floor":1},{"not_picked":["Masterful Stab","Bane"],"picked":"Crippling Poison","floor":2},{"not_picked":["Dagger Spray","PiercingWail","Bane"],"picked":"SKIP","floor":3},{"not_picked":["Blade Dance","Dagger Spray"],"picked":"Cloak And Dagger","floor":4},{"not_picked":["Dodge and Roll","Dagger Throw"],"picked":"Leg Sweep","floor":7},{"not_picked":["Tactician","Acrobatics","Reflex"],"picked":"SKIP","floor":12}],"player_experience":102128,"relics_obtained":[{"floor":7,"key":"Turnip"},{"floor":9,"key":"Matryoshka"},{"floor":12,"key":"Molten Egg 2"}],"event_choices":[{"damage_healed":0,"gold_gain":0,"player_choice":"Ignored","damage_taken":0,"max_hp_gain":0,"max_hp_loss":0,"event_name":"Liars Game","floor":5,"gold_loss":0},{"damage_healed":0,"gold_gain":0,"player_choice":"Grow","damage_taken":0,"max_hp_gain":0,"max_hp_loss":0,"event_name":"Living Wall","floor":11,"gold_loss":0,"cards_upgraded":["Leg Sweep"]},{"damage_healed":0,"gold_gain":0,"player_choice":"Lose Max HP","damage_taken":0,"relics_obtained":["Golden Idol"],"max_hp_gain":0,"max_hp_loss":6,"event_name":"Golden Idol","floor":13,"gold_loss":0},{"damage_healed":0,"gold_gain":75,"player_choice":"Gather Gold","damage_taken":11,"max_hp_gain":0,"max_hp_loss":0,"event_name":"World of Goop","floor":14,"gold_loss":0}],"is_beta":false,"boss_relics":[],"items_purged_floors":[8],"is_endless":false,"potions_floor_spawned":[4,7,12],"killed_by":"Slime Boss","ascension_level":1}