{"gold_per_floor":[115,115,115,115,27,27,27,27,27,59,59,94,94,11,11,84,84,94,69,119,129,148,148,162,197,220,220,32,57,57,57,57,57],"floor_reached":33,"playtime":788,"items_purged":["Strike_G","Decay"],"score":720,"play_id":"526ccd32-5673-428f-95e3-17ef7b0c7858","local_time":"20190228102202","is_ascension_mode":true,"campfire_choices":[{"data":"Neutralize","floor":6,"key":"SMITH"},{"data":"Footwork","floor":8,"key":"SMITH"},{"data":"Dagger Spray","floor":13,"key":"SMITH"},{"data":"Die Die Die","floor":15,"key":"SMITH"},{"floor":23,"key":"REST"},{"floor":27,"key":"REST"},{"floor":30,"key":"REST"},{"floor":32,"key":"RECALL"}],"neow_cost":"NONE","seed_source_timestamp":3257084227933,"circlet_count":0,"master_deck":["AscendersBane","Defend_G","Defend_G+1","Defend_G","Defend_G","Strike_G+1","Strike_G","Strike_G","Strike_G","Survivor","Neutralize+1","Cloak And Dagger+1","Footwork+1","Die Die Die+1","Dagger Spray+1","Dodge and Roll","PiercingWail","Die Die Die","Endless Agony+1","Deflect","Quick Slash+1","Dash","Burst","Predator","Infinite Blades"],"relics":["Ring of the Snake","NeowsBlessing","Incense Burner","Bottled Tornado","SsserpentHead","Vajra","Fusion Hammer","Thread and Needle","Snake Skull","Prayer Wheel"],"potions_floor_usage":[16,25,25],"damage_taken":[{"damage":0,"enemies":"Cultist","floor":1,"turns":1},{"damage":0,"enemies":"Gremlin Nob","floor":10,"turns":1},{"damage":0,"enemies":"3 Sentries","floor":12,"turns":1},{"damage":11,"enemies":"The Guardian","floor":16,"turns":15},{"damage":0,"enemies":"3 Byrds","floor":18,"turns":3},{"damage":10,"enemies":"2 Thieves","floor":21,"turns":2},{"damage":16,"enemies":"Cultist and Chosen","floor":22,"turns":7},{"damage":0,"enemies":"Centurion and Healer","floor":24,"turns":6},{"damage":0,"enemies":"Gremlin Leader","floor":25,"turns":5},{"damage":4,"enemies":"Book of Stabbing","floor":29,"turns":7},{"damage":80,"enemies":"Automaton","floor":33,"turns":14}],"seed_played":"-8402683110262422663","potions_obtained":[{"floor":12,"key":"Fire Potion"},{"floor":21,"key":"Regen Potion"},{"floor":22,"key":"Strength Potion"},{"floor":24,"key":"Strength Potion"}],"is_trial":false,"path_per_floor":["M","?","?","?","$","R","?","R","T","E","?","E","R","$","R","B",null,"M","$","?","M","M","R","M","E","T","R","$","E","R","$","R","B"],"character_chosen":"THE_SILENT","items_purchased":["Footwork","Dodge and Roll","PiercingWail","Predator"],"campfire_rested":3,"item_purchase_floors":[5,14,14,28],"current_hp_per_floor":[59,64,43,36,36,36,36,36,36,36,36,36,36,36,36,25,60,60,60,60,50,34,55,55,55,55,71,71,67,71,71,71,0],"gold":57,"neow_bonus":"THREE_ENEMY_KILL","is_prod":false,"is_daily":false,"chose_seed":false,"campfire_upgraded":4,"win_rate":0,"timestamp":1551378122,"path_taken":["M","?","?","?","$","R","?","R","T","E","?","E","R","$","R","BOSS","M","?","?","M","M","R","M","E","T","R","$","E","R","$","R","BOSS"],"build_version":"2019-02-06","purchased_purges":2,"victory":false,"max_hp_per_floor":[66,71,71,71,71,71,71,71,71,71,71,71,71,71,71,71,71,71,71,71,71,71,71,71,71,71,71,71,71,71,71,71,71],"card_choices":[{"not_picked":["Flying Knee","PiercingWail"],"picked":"Cloak And Dagger","floor":1},{"not_picked":["Slice","Dagger Spray"],"picked":"Die Die Die","floor":10},{"not_picked":["Slice","Bane"],"picked":"Dagger Spray","floor":12},{"not_picked":["Grand Finale","Bullet Time"],"picked":"Die Die Die","floor":16},{"not_picked":["PiercingWail","Skewer"],"picked":"Endless Agony+1","floor":18},{"not_picked":["Caltrops","Concentrate"],"picked":"Deflect","floor":21},{"not_picked":["Dagger Throw","Blade Dance"],"picked":"Quick Slash+1","floor":22},{"not_picked":["Deadly Poison","Distraction"],"picked":"Dash","floor":24},{"not_picked":["Blade Dance","Slice"],"picked":"Burst","floor":25},{"not_picked":["Quick Slash","Skewer"],"picked":"Infinite Blades","floor":29}],"player_experience":1225611,"relics_obtained":[{"floor":9,"key":"Incense Burner"},{"floor":10,"key":"Bottled Tornado"},{"floor":12,"key":"Vajra"},{"floor":25,"key":"Thread and Needle"},{"floor":26,"key":"Snake Skull"},{"floor":29,"key":"Prayer Wheel"}],"event_choices":[{"damage_healed":0,"gold_gain":0,"player_choice":"Donut","damage_taken":0,"max_hp_gain":5,"max_hp_loss":0,"event_name":"Big Fish","floor":2,"gold_loss":0},{"damage_healed":0,"gold_gain":0,"player_choice":"Entered Light","damage_taken":21,"max_hp_gain":0,"max_hp_loss":0,"event_name":"Shining Light","floor":3,"gold_loss":0,"cards_upgraded":["Defend_G","Strike_G"]},{"cards_removed":["Defend_G"],"damage_healed":0,"gold_gain":0,"player_choice":"Card Removal","damage_taken":7,"max_hp_gain":0,"max_hp_loss":0,"event_name":"Golden Wing","floor":4,"gold_loss":0},{"damage_healed":0,"gold_gain":0,"player_choice":"Grow","damage_taken":0,"max_hp_gain":0,"max_hp_loss":0,"event_name":"Living Wall","floor":7,"gold_loss":0,"cards_upgraded":["Cloak And Dagger"]},{"damage_healed":0,"gold_gain":0,"player_choice":"Trade","damage_taken":0,"relics_obtained":["SsserpentHead"],"max_hp_gain":0,"max_hp_loss":0,"event_name":"FaceTrader","floor":11,"gold_loss":0},{"damage_healed":0,"gold_gain":0,"player_choice":"Cursed","damage_taken":0,"max_hp_gain":0,"max_hp_loss":0,"event_name":"Wheel of Change","floor":20,"gold_loss":0,"cards_obtained":["Decay"]}],"is_beta":true,"boss_relics":[{"not_picked":["Lizard Tail","Calling Bell"],"picked":"Fusion Hammer"}],"items_purged_floors":[19,28],"is_endless":false,"potions_floor_spawned":[12,21,22,24],"killed_by":"Automaton","ascension_level":20}