{"gold_per_floor":[112,125,125,141,141,175,26,55,55,55,65,65,91,91,91,91],"floor_reached":16,"playtime":342,"items_purged":["Strike_G"],"score":124,"play_id":"9f87c23a-2f0e-4997-92b3-0025640da932","local_time":"20190228210107","is_ascension_mode":true,"campfire_choices":[{"data":"Footwork","floor":12,"key":"SMITH"},{"floor":15,"key":"REST"}],"neow_cost":"NONE","seed_source_timestamp":13828810928514,"circlet_count":0,"master_deck":["Defend_G","Defend_G","Defend_G","Strike_G+1","Strike_G+1","Strike_G+1","Survivor","Neutralize+1","Sucker Punch+1","Setup+1","Acrobatics+1","Well Laid Plans","Footwork+1"],"relics":["Astrolabe","Juzu Bracelet","Matryoshka","Potion Belt","Whetstone","Nunchaku","Centennial Puzzle","Regal Pillow"],"potions_floor_usage":[6,6,8],"damage_taken":[{"damage":4,"enemies":"Cultist","floor":1,"turns":4},{"damage":0,"enemies":"2 Louse","floor":2,"turns":3},{"damage":1,"enemies":"Small Slimes","floor":4,"turns":3},{"damage":9,"enemies":"3 Sentries","floor":6,"turns":4},{"damage":15,"enemies":"Lagavulin","floor":8,"turns":8},{"damage":1,"enemies":"Blue Slaver","floor":11,"turns":4},{"damage":11,"enemies":"Gremlin Nob","floor":13,"turns":5},{"damage":0,"enemies":"Slime Boss","floor":16,"turns":1}],"seed_played":"-2499728980053945642","potions_obtained":[{"floor":1,"key":"Explosive Potion"},{"floor":2,"key":"Strength Potion"},{"floor":6,"key":"Energy Potion"}],"is_trial":false,"path_per_floor":["M","M","?","M","?","E","$","E","T","$","M","R","E","T","R","B"],"character_chosen":"THE_SILENT","items_purchased":["Well Laid Plans"],"campfire_rested":1,"item_purchase_floors":[7],"current_hp_per_floor":[66,66,71,70,55,46,46,31,31,31,30,30,19,19,56,56],"gold":91,"neow_bonus":"BOSS_RELIC","is_prod":false,"is_daily":false,"chose_seed":false,"campfire_upgraded":1,"win_rate":0,"timestamp":1551416467,"path_taken":["M","?","?","M","?","E","$","E","T","?","M","R","E","?","R","BOSS"],"build_version":"2019-02-06","purchased_purges":1,"victory":false,"max_hp_per_floor":[70,70,75,75,75,75,75,75,75,75,75,75,75,75,75,75],"card_choices":[{"not_picked":["Outmaneuver","Venomology"],"picked":"Footwork","floor":11}],"player_experience":1237845,"relics_obtained":[{"floor":6,"key":"Juzu Bracelet"},{"floor":8,"key":"Matryoshka"},{"floor":9,"key":"Potion Belt"},{"floor":9,"key":"Whetstone"},{"floor":13,"key":"Nunchaku"},{"floor":14,"key":"Centennial Puzzle"},{"floor":14,"key":"Regal Pillow"}],"event_choices":[{"damage_healed":0,"gold_gain":0,"player_choice":"Donut","damage_taken":0,"max_hp_gain":5,"max_hp_loss":0,"event_name":"Big Fish","floor":3,"gold_loss":0},{"damage_healed":0,"gold_gain":0,"player_choice":"Entered Light","damage_taken":15,"max_hp_gain":0,"max_hp_loss":0,"event_name":"Shining Light","floor":5,"gold_loss":0,"cards_upgraded":["Strike_G","Strike_G"]}],"is_beta":true,"boss_relics":[],"items_purged_floors":[7],"is_endless":false,"potions_floor_spawned":[1,2,6],"killed_by":"Slime Boss","ascension_level":1}