{"gold_per_floor":[111,123,123,10,10,53,53,91,121,156,170,184,184,218,218,344,344,369,369,389,13,37,37,72,72,145,181,201,201,326,345,345,345],"floor_reached":33,"playtime":1382,"items_purged":["Injury"],"score":423,"play_id":"595df92b-8f54-469e-9258-71f7543433d8","local_time":"20190720214720","is_ascension_mode":true,"campfire_choices":[{"floor":13,"key":"REST"},{"data":"Bullet Time","floor":15,"key":"SMITH"},{"data":"A Thousand Cuts","floor":23,"key":"SMITH"},{"data":"Acrobatics","floor":25,"key":"SMITH"},{"data":"Envenom","floor":29,"key":"SMITH"},{"data":"Tactician","floor":32,"key":"SMITH"}],"neow_cost":"NONE","seed_source_timestamp":548313187145455,"circlet_count":0,"master_deck":["Strike_G+1","Strike_G+1","Strike_G+1","Strike_G+1","Defend_G+1","Defend_G+1","Defend_G+1","Defend_G+1","Defend_G+1","Survivor","Neutralize","Acrobatics+1","Poisoned Stab","Catalyst+1","Cloak And Dagger","Tactician+1","Poisoned Stab","PiercingWail","Bullet Time+1","A Thousand Cuts+1","Dagger Spray","Blade Dance","Bouncing Flask","PiercingWail+1","Envenom+1","Cloak And Dagger+1"],"relics":["Ring of the Snake","NeowsBlessing","Golden Idol","Meat on the Bone","Matryoshka","Tiny Chest","Ornamental Fan","Ninja Scroll","Juzu Bracelet","Eternal Feather","TwistedFunnel","Oddly Smooth Stone","Orichalcum","Boot","Letter Opener","Sundial","Nunchaku","Question Card"],"potions_floor_usage":[8,14,14,16,18,28,30,33,33],"damage_taken":[{"damage":0,"enemies":"2 Louse","floor":1,"turns":1},{"damage":0,"enemies":"Jaw Worm","floor":2,"turns":1},{"damage":0,"enemies":"Gremlin Nob","floor":6,"turns":1},{"damage":12,"enemies":"Lagavulin","floor":8,"turns":6},{"damage":16,"enemies":"Gremlin Nob","floor":10,"turns":5},{"damage":0,"enemies":"Cultist","floor":11,"turns":2},{"damage":0,"enemies":"Looter","floor":12,"turns":2},{"damage":10,"enemies":"3 Sentries","floor":14,"turns":7},{"damage":43,"enemies":"Hexaghost","floor":16,"turns":10},{"damage":0,"enemies":"3 Byrds","floor":18,"turns":4},{"damage":23,"enemies":"2 Thieves","floor":20,"turns":4},{"damage":1,"enemies":"Snecko","floor":22,"turns":4},{"damage":30,"enemies":"Gremlin Leader","floor":24,"turns":6},{"damage":3,"enemies":"Book of Stabbing","floor":27,"turns":3},{"damage":10,"enemies":"Shelled Parasite and Fungi","floor":28,"turns":3},{"damage":0,"enemies":"Colosseum Slavers","floor":30,"turns":2},{"damage":0,"enemies":"Colosseum Nobs","floor":30,"turns":4},{"damage":0,"enemies":"Centurion and Healer","floor":31,"turns":6},{"damage":72,"enemies":"Automaton","floor":33,"turns":8}],"seed_played":"8050452588821872585","potions_obtained":[{"floor":6,"key":"Strength Potion"},{"floor":10,"key":"Explosive Potion"},{"floor":11,"key":"Energy Potion"},{"floor":14,"key":"Swift Potion"},{"floor":16,"key":"SkillPotion"},{"floor":20,"key":"SpeedPotion"},{"floor":24,"key":"Fire Potion"},{"floor":28,"key":"PowerPotion"},{"floor":30,"key":"Dexterity Potion"}],"is_trial":false,"path_per_floor":["M","M","?","$","?","E","?","E","T","E","M","M","R","E","R","B",null,"M","?","M","$","M","R","E","R","T","E","M","R","?","M","R","B"],"character_chosen":"THE_SILENT","items_purchased":["Catalyst","TwistedFunnel","Oddly Smooth Stone","Bouncing Flask"],"campfire_rested":1,"item_purchase_floors":[4,21,21,21],"current_hp_per_floor":[70,70,70,70,63,63,49,37,37,33,45,45,66,56,56,25,59,59,59,36,36,47,59,41,56,56,53,43,58,58,58,70,0],"gold":345,"neow_bonus":"THREE_ENEMY_KILL","is_prod":false,"is_daily":false,"chose_seed":false,"campfire_upgraded":5,"win_rate":0,"timestamp":1563626840,"path_taken":["M","M","?","$","?","E","?","E","T","E","M","M","R","E","R","BOSS","M","?","M","$","M","R","E","R","T","E","M","R","?","M","R","BOSS"],"build_version":"2019-07-17","purchased_purges":1,"victory":false,"max_hp_per_floor":[70,70,70,70,70,70,70,70,70,70,70,70,70,70,70,70,70,70,70,70,70,70,70,70,70,70,70,70,70,70,70,70,70],"card_choices":[{"not_picked":["PiercingWail","Blade Dance"],"picked":"Acrobatics","floor":1},{"not_picked":["Accuracy","Prepared"],"picked":"Poisoned Stab","floor":2},{"not_picked":["Prepared","Underhanded Strike"],"picked":"Cloak And Dagger","floor":6},{"not_picked":["Riddle With Holes","Expertise"],"picked":"Tactician","floor":8},{"not_picked":["Prepared","Concentrate"],"picked":"Poisoned Stab","floor":10},{"not_picked":["Sucker Punch","Deflect"],"picked":"PiercingWail","floor":11},{"not_picked":["Poisoned Stab","Prepared"],"picked":"Bullet Time","floor":12},{"not_picked":["Predator","Prepared","PiercingWail"],"picked":"SKIP","floor":14},{"not_picked":["Glass Knife","Burst"],"picked":"A Thousand Cuts","floor":16},{"not_picked":["Flying Knee","Cloak And Dagger"],"picked":"Dagger Spray","floor":18},{"not_picked":["Dagger Throw","Outmaneuver"],"picked":"Blade Dance","floor":20},{"not_picked":["Flying Knee","Distraction"],"picked":"PiercingWail+1","floor":22},{"not_picked":["Deflect","Underhanded Strike+1"],"picked":"Envenom","floor":24},{"not_picked":["Bane","Endless Agony","Grand Finale"],"picked":"SKIP","floor":27},{"not_picked":["Deflect","Expertise","Endless Agony"],"picked":"SKIP","floor":28},{"not_picked":["Backflip","Finisher"],"picked":"Cloak And Dagger+1","floor":30},{"not_picked":["Outmaneuver","Finisher+1","Bouncing Flask","Bane"],"picked":"SKIP","floor":31}],"player_experience":109412,"relics_obtained":[{"floor":6,"key":"Meat on the Bone"},{"floor":8,"key":"Matryoshka"},{"floor":9,"key":"Tiny Chest"},{"floor":9,"key":"Ornamental Fan"},{"floor":10,"key":"Ninja Scroll"},{"floor":14,"key":"Juzu Bracelet"},{"floor":24,"key":"Orichalcum"},{"floor":26,"key":"Boot"},{"floor":26,"key":"Letter Opener"},{"floor":27,"key":"Sundial"},{"floor":30,"key":"Nunchaku"},{"floor":30,"key":"Question Card"}],"event_choices":[{"damage_healed":0,"gold_gain":0,"player_choice":"Take Wound","damage_taken":0,"relics_obtained":["Golden Idol"],"max_hp_gain":0,"max_hp_loss":0,"event_name":"Golden Idol","floor":3,"gold_loss":0,"cards_obtained":["Injury"]},{"cards_removed":["Strike_G"],"damage_healed":0,"gold_gain":0,"player_choice":"Card Removal","damage_taken":7,"max_hp_gain":0,"max_hp_loss":0,"event_name":"Golden Wing","floor":5,"gold_loss":0},{"damage_healed":0,"gold_gain":0,"player_choice":"Entered Light","damage_taken":14,"max_hp_gain":0,"max_hp_loss":0,"event_name":"Shining Light","floor":7,"gold_loss":0,"cards_upgraded":["Strike_G","Catalyst"]},{"damage_healed":0,"gold_gain":0,"player_choice":"Simplicity","damage_taken":0,"max_hp_gain":0,"max_hp_loss":0,"event_name":"Back to Basics","floor":19,"gold_loss":0,"cards_upgraded":["Strike_G","Strike_G","Strike_G","Defend_G","Defend_G","Defend_G","Defend_G","Defend_G"]},{"damage_healed":0,"gold_gain":0,"player_choice":"Fight","damage_taken":0,"max_hp_gain":0,"max_hp_loss":0,"event_name":"Colosseum","floor":30,"gold_loss":0},{"damage_healed":0,"gold_gain":0,"player_choice":"Fought Nobs","damage_taken":0,"max_hp_gain":0,"max_hp_loss":0,"event_name":"Colosseum","floor":30,"gold_loss":0}],"is_beta":false,"boss_relics":[{"not_picked":["Runic Pyramid","Fusion Hammer"],"picked":"Eternal Feather"}],"items_purged_floors":[4],"is_endless":false,"potions_floor_spawned":[6,10,11,14,16,20,24,28,30,30],"killed_by":"Automaton","ascension_level":5}