{"gold_per_floor":[119,119,132,152,166,166,166,201,254,234,252,252,284,299,299,375,375,392,408,408,458,458,458,492,492,517,517,72,72,100,49,49,120,120,135,149,44,62,77,77,102,21,48,48,48,58,58,71,71,71,71],"floor_reached":52,"playtime":2168,"items_purged":["Wild Strike"],"score":1831,"play_id":"ed88e445-a180-465d-8531-742726838d3f","local_time":"20190706221350","is_ascension_mode":true,"campfire_choices":[{"data":"Bash","floor":6.0,"key":"SMITH"},{"data":"Metallicize","floor":12.0,"key":"SMITH"},{"data":"Clothesline","floor":15.0,"key":"SMITH"},{"data":"Feed","floor":23.0,"key":"SMITH"},{"data":"Bite","floor":27.0,"key":"SMITH"},{"data":"Bite","floor":29.0,"key":"SMITH"},{"data":"Armaments","floor":32.0,"key":"SMITH"},{"data":"True Grit","floor":40,"key":"SMITH"},{"data":"Disarm","floor":44,"key":"SMITH"},{"data":"True Grit","floor":49,"key":"SMITH"}],"neow_cost":"NONE","seed_source_timestamp":3209608715713,"circlet_count":0,"master_deck":["AscendersBane","Defend_R","Defend_R+1","Shrug It Off","Bludgeon+1","Metallicize+1","Shrug It Off","Impervious","Clothesline+1","Feed+1","Shockwave","Shockwave+1","Bite+1","Bite+1","Bite","Bite+1","Bite","Thunderclap+1","Armaments+1","Shrug It Off","Immolate","Metallicize","True Grit+1","True Grit+1","Disarm+1","Flame Barrier","Flame Barrier"],"special_seed":0,"relics":["Coffee Dripper","Shuriken","Happy Flower","Omamori","Velvet Choker","Strawberry","Smiling Mask","Kunai","Whetstone","Boot","Runic Pyramid","Sundial","Dream Catcher"],"potions_floor_usage":[38,39,50],"damage_taken":[{"damage":2.0,"enemies":"Small Slimes","floor":1.0,"turns":4.0},{"damage":0.0,"enemies":"Cultist","floor":3.0,"turns":3.0},{"damage":1.0,"enemies":"2 Louse","floor":4.0,"turns":3.0},{"damage":0.0,"enemies":"Blue Slaver","floor":5.0,"turns":5.0},{"damage":2.0,"enemies":"3 Sentries","floor":8.0,"turns":4.0},{"damage":25.0,"enemies":"Gremlin Gang","floor":11.0,"turns":4.0},{"damage":4.0,"enemies":"Gremlin Nob","floor":13.0,"turns":3.0},{"damage":8.0,"enemies":"3 Louse","floor":14.0,"turns":5.0},{"damage":11.0,"enemies":"Slime Boss","floor":16.0,"turns":10.0},{"damage":19.0,"enemies":"Shell Parasite","floor":18.0,"turns":3.0},{"damage":1.0,"enemies":"Chosen","floor":19.0,"turns":3.0},{"damage":11.0,"enemies":"Slavers","floor":24.0,"turns":5.0},{"damage":28.0,"enemies":"Book of Stabbing","floor":30.0,"turns":4.0},{"damage":31.0,"enemies":"Champ","floor":33.0,"turns":14.0},{"damage":0,"enemies":"3 Darklings","floor":35,"turns":4},{"damage":8,"enemies":"Orb Walker","floor":36,"turns":3},{"damage":1,"enemies":"Transient","floor":38,"turns":6},{"damage":10,"enemies":"Jaw Worm Horde","floor":39,"turns":3},{"damage":24,"enemies":"Giant Head","floor":41,"turns":10},{"damage":14,"enemies":"Spire Growth","floor":46,"turns":7},{"damage":0,"enemies":"4 Shapes","floor":48,"turns":7},{"damage":64,"enemies":"Donu and Deca","floor":50,"turns":19},{"damage":31,"enemies":"Time Eater","floor":51,"turns":16}],"seed_played":"8479686078727665939","potions_obtained":[{"floor":3.0,"key":"GamblersBrew"},{"floor":4.0,"key":"AttackPotion"},{"floor":10.0,"key":"FearPotion"},{"floor":11.0,"key":"Regen Potion"},{"floor":13.0,"key":"Dexterity Potion"},{"floor":18.0,"key":"SkillPotion"},{"floor":19.0,"key":"AttackPotion"},{"floor":35,"key":"Explosive Potion"},{"floor":38,"key":"Energy Potion"},{"floor":41,"key":"SpeedPotion"},{"floor":48,"key":"SpeedPotion"}],"is_trial":false,"path_per_floor":["M","?","M","M","M","R","?","E","T","?","M","R","E","M","R","B",null,"M","M","?","?","?","R","E","?","T","R","$","R","E","$","R","B",null,"M","M","$","M","M","R","E","$","T","R","?","M","?","M","R","B","B",null],"character_chosen":"IRONCLAD","items_purchased":["Kunai","Whetstone","Shrug It Off","True Grit","Flame Barrier"],"campfire_rested":0,"item_purchase_floors":[28,28,31,37,42],"current_hp_per_floor":[66,66,66,65,65,65,42,40,40,40,15,15,20,12,12,1,57,38,40,40,40,40,40,52,52,52,52,52,52,34,34,34,53,62,65,65,65,65,65,65,71,71,71,71,71,76,76,81,81,85,89],"gold":71,"neow_bonus":"BOSS_RELIC","is_prod":false,"is_daily":false,"chose_seed":false,"campfire_upgraded":10,"win_rate":0,"timestamp":1562476430,"path_taken":["M","?","?","M","M","R","?","E","T","?","M","R","E","M","R","BOSS","M","?","?","?","?","R","E","?","T","R","$","R","E","$","R","BOSS","M","M","$","M","?","R","E","$","T","R","?","M","?","M","R","BOSS","BOSS"],"build_version":"2019-07-03","purchased_purges":1,"victory":true,"max_hp_per_floor":[75,75,75,75,75,75,75,75,75,75,75,75,75,75,75,75,75,75,78,54,54,54,54,65,65,65,65,65,65,65,65,65,65,65,65,65,65,65,69,69,73,73,73,73,73,77,77,81,81,85,89],"card_choices":[{"not_picked":["Twin Strike","Evolve"],"picked":"Shrug It Off","floor":1.0},{"not_picked":["Cleave","Shrug It Off"],"picked":"Metallicize","floor":3.0},{"not_picked":["Iron Wave","Twin Strike"],"picked":"Shrug It Off","floor":5.0},{"not_picked":["Havoc","Clash"],"picked":"Wild Strike","floor":8.0},{"not_picked":["Iron Wave","Intimidate"],"picked":"Impervious","floor":13.0},{"not_picked":["Heavy Blade","Armaments"],"picked":"Clothesline","floor":14.0},{"not_picked":["Offering","Double Tap"],"picked":"Feed","floor":16.0},{"not_picked":["Armaments","Intimidate"],"picked":"Shockwave","floor":18.0},{"not_picked":["Anger","Heavy Blade"],"picked":"Shockwave+1","floor":19.0},{"not_picked":["Wild Strike","Combust+1"],"picked":"Armaments","floor":30.0},{"not_picked":["Offering","Exhume"],"picked":"Immolate","floor":33.0},{"not_picked":["Cleave","Body Slam"],"picked":"Metallicize","floor":35},{"not_picked":["Corruption","Rage","Rampage"],"picked":"SKIP","floor":36},{"not_picked":["Uppercut","Intimidate","Combust"],"picked":"SKIP","floor":38},{"not_picked":["Uppercut","Iron Wave"],"picked":"True Grit","floor":39},{"not_picked":["Heavy Blade","Fire Breathing"],"picked":"Disarm","floor":41},{"not_picked":["Second Wind+1","Rampage"],"picked":"Flame Barrier","floor":48}],"player_experience":1445188,"relics_obtained":[{"floor":8.0,"key":"Shuriken"},{"floor":9.0,"key":"Happy Flower"},{"floor":13.0,"key":"Omamori"},{"floor":24.0,"key":"Strawberry"},{"floor":26.0,"key":"Smiling Mask"},{"floor":30.0,"key":"Boot"},{"floor":41,"key":"Sundial"},{"floor":43,"key":"Dream Catcher"}],"event_choices":[{"damage_healed":0.0,"max_hp_gain":0.0,"max_hp_loss":0.0,"gold_gain":0.0,"event_name":"Match and Keep!","player_choice":"1 cards matched","floor":2.0,"gold_loss":0.0,"damage_taken":0.0,"cards_obtained":["Bludgeon"]},{"damage_healed":0.0,"max_hp_gain":0.0,"max_hp_loss":0.0,"gold_gain":0.0,"event_name":"Shining Light","player_choice":"Entered Light","floor":7.0,"gold_loss":0.0,"damage_taken":23.0,"cards_upgraded":["Defend_R","Bludgeon"]},{"damage_healed":0.0,"max_hp_gain":0.0,"max_hp_loss":0.0,"gold_gain":0.0,"event_name":"The Woman in Blue","player_choice":"Bought 1 Potion","floor":10.0,"gold_loss":0.0,"damage_taken":0.0},{"damage_healed":0.0,"max_hp_gain":0.0,"max_hp_loss":24.0,"gold_gain":0.0,"event_name":"Vampires","player_choice":"Became a vampire","floor":20.0,"gold_loss":0.0,"damage_taken":0.0,"cards_obtained":["Bite","Bite","Bite","Bite","Bite"]},{"damage_healed":0.0,"max_hp_gain":0.0,"max_hp_loss":0.0,"gold_gain":50.0,"event_name":"Nest","player_choice":"Stole From Cult","floor":21.0,"gold_loss":0.0,"damage_taken":0.0},{"damage_healed":0.0,"max_hp_gain":0.0,"max_hp_loss":0.0,"gold_gain":0.0,"event_name":"Cursed Tome","player_choice":"Ignored","floor":22.0,"gold_loss":0.0,"damage_taken":0.0},{"damage_healed":0.0,"max_hp_gain":0.0,"max_hp_loss":0.0,"gold_gain":0.0,"cards_transformed":["Defend_R"],"event_name":"Transmorgrifier","player_choice":"Transformed","floor":25.0,"gold_loss":0.0,"damage_taken":0.0,"cards_obtained":["Thunderclap"]},{"cards_removed":["Bash"],"damage_healed":0,"gold_gain":0,"player_choice":"Removed Attack","damage_taken":0,"max_hp_gain":0,"max_hp_loss":0,"event_name":"Falling","floor":45,"gold_loss":0},{"cards_removed":["Defend_R"],"damage_healed":0,"gold_gain":0,"player_choice":"Offered Basic","damage_taken":0,"max_hp_gain":0,"max_hp_loss":0,"event_name":"Bonfire Elementals","floor":47,"gold_loss":0}],"is_beta":true,"boss_relics":[{"not_picked":["Runic Dome","White Beast Statue"],"picked":"Velvet Choker"},{"not_picked":["Lizard Tail","Tiny House"],"picked":"Runic Pyramid"}],"items_purged_floors":[37],"is_endless":false,"potions_floor_spawned":[3,4,11,13,18,19,35,38,41,48],"ascension_level":20}