{"gold_per_floor":[115,13,24,99,374,403,403,415,415,415,174,196,96,116,116,188,188,206,206,222,57,68,68,94,94,141,180,192,204],"floor_reached":29,"playtime":985,"items_purged":["Regret","Strike_R"],"score":593,"play_id":"f9be5932-a252-456e-b9d2-f04ef5c9ba76","local_time":"20190427012734","is_ascension_mode":true,"campfire_choices":[{"data":"Armaments","floor":7,"key":"SMITH"},{"data":"Shockwave","floor":10,"key":"SMITH"},{"data":"Corruption","floor":15,"key":"SMITH"},{"data":"Entrench","floor":23,"key":"SMITH"},{"floor":25,"key":"REST"},{"floor":28,"key":"REST"}],"neow_cost":"NONE","seed_source_timestamp":133485912422819,"circlet_count":0,"master_deck":["AscendersBane","Strike_R","Defend_R","Defend_R","Defend_R","Defend_R","Bash","Shockwave+1","Armaments+1","Shrug It Off","Ghostly Armor","Seeing Red","Pommel Strike","Battle Trance","Corruption+1","Pommel Strike","Immolate","Barricade","Feed+1","Intimidate+1","Metallicize+1","Havoc","Feed+1","Ghostly Armor","Metallicize","Entrench+1","Armaments","Power Through+1","Power Through+1"],"relics":["Burning Blood","NeowsBlessing","Ice Cream","Torii","Odd Mushroom","Astrolabe","Toxic Egg 2","MawBank","Frozen Egg 2"],"potions_floor_usage":[16,24,29],"damage_taken":[{"damage":0,"enemies":"Small Slimes","floor":1,"turns":1},{"damage":0,"enemies":"Cultist","floor":3,"turns":1},{"damage":0,"enemies":"Lagavulin","floor":6,"turns":1},{"damage":6,"enemies":"2 Louse","floor":8,"turns":6},{"damage":7,"enemies":"The Mushroom Lair","floor":12,"turns":5},{"damage":12,"enemies":"Gremlin Gang","floor":14,"turns":4},{"damage":37,"enemies":"Hexaghost","floor":16,"turns":9},{"damage":12,"enemies":"3 Byrds","floor":18,"turns":5},{"damage":9,"enemies":"2 Thieves","floor":20,"turns":4},{"damage":33,"enemies":"3 Cultists","floor":22,"turns":6},{"damage":28,"enemies":"Book of Stabbing","floor":24,"turns":10},{"damage":58,"enemies":"Gremlin Leader","floor":27,"turns":10},{"damage":62,"enemies":"Cultist and Chosen","floor":29,"turns":9}],"seed_played":"6313807987660964326","potions_obtained":[{"floor":6,"key":"SteroidPotion"},{"floor":8,"key":"Regen Potion"},{"floor":16,"key":"Regen Potion"}],"is_trial":false,"path_per_floor":["M","$","M","?","?","E","R","M","T","R","$","?","$","M","R","B",null,"M","?","M","$","M","R","E","R","T","E","R","M"],"character_chosen":"IRONCLAD","items_purchased":["Armaments","Shrug It Off","Battle Trance","Corruption","Metallicize","Entrench"],"campfire_rested":2,"item_purchase_floors":[2,2,11,11,21,21],"current_hp_per_floor":[74,74,75,64,64,70,70,70,70,70,70,69,69,63,63,32,64,62,62,63,63,44,44,37,64,64,16,44,0],"gold":204,"neow_bonus":"THREE_ENEMY_KILL","is_prod":false,"is_daily":false,"chose_seed":false,"campfire_upgraded":4,"win_rate":0,"timestamp":1556353654,"path_taken":["M","$","M","?","?","E","R","?","T","R","?","?","$","M","R","BOSS","M","?","?","$","?","R","E","R","T","E","R","?"],"build_version":"2019-04-23","purchased_purges":2,"victory":false,"max_hp_per_floor":[75,75,75,75,75,75,75,75,75,75,75,75,75,75,75,75,75,79,79,83,83,91,91,91,91,91,95,95,95],"card_choices":[{"not_picked":["Pommel Strike","Havoc"],"picked":"Shockwave","floor":1},{"not_picked":["Power Through","Body Slam"],"picked":"Ghostly Armor","floor":3},{"not_picked":["True Grit","Intimidate"],"picked":"Seeing Red","floor":6},{"not_picked":["Clothesline","Thunderclap"],"picked":"Pommel Strike","floor":8},{"not_picked":["Combust","Twin Strike"],"picked":"Pommel Strike","floor":12},{"not_picked":["Flex","Rage"],"picked":"Immolate","floor":14},{"not_picked":["Feed","Berserk"],"picked":"Barricade","floor":16},{"not_picked":["Perfected Strike","Uppercut"],"picked":"Havoc","floor":18},{"not_picked":["Bloodletting","Headbutt"],"picked":"Ghostly Armor","floor":20},{"not_picked":["Twin Strike","True Grit"],"picked":"Armaments","floor":22},{"not_picked":["Dropkick","Havoc"],"picked":"Power Through","floor":24},{"not_picked":["Anger","Seeing Red+1"],"picked":"Power Through+1","floor":27}],"player_experience":1437253,"relics_obtained":[{"floor":6,"key":"Ice Cream"},{"floor":9,"key":"Torii"},{"floor":12,"key":"Odd Mushroom"},{"floor":24,"key":"Toxic Egg 2"},{"floor":26,"key":"MawBank"},{"floor":27,"key":"Frozen Egg 2"}],"event_choices":[{"damage_healed":0,"gold_gain":75,"player_choice":"Gather Gold","damage_taken":11,"max_hp_gain":0,"max_hp_loss":0,"event_name":"World of Goop","floor":4,"gold_loss":0},{"damage_healed":0,"gold_gain":275,"player_choice":"Desecrate","damage_taken":0,"max_hp_gain":0,"max_hp_loss":0,"event_name":"Golden Shrine","floor":5,"gold_loss":0,"cards_obtained":["Regret"]},{"damage_healed":0,"gold_gain":0,"player_choice":"Fought Mushrooms","damage_taken":0,"max_hp_gain":0,"max_hp_loss":0,"event_name":"Mushrooms","floor":12,"gold_loss":0},{"damage_healed":0,"gold_gain":0,"player_choice":"Copied","damage_taken":0,"max_hp_gain":0,"max_hp_loss":0,"event_name":"Duplicator","floor":19,"gold_loss":0,"cards_obtained":["Feed"]}],"is_beta":true,"boss_relics":[{"not_picked":["Eternal Feather","Busted Crown"],"picked":"Astrolabe"}],"items_purged_floors":[11,13],"is_endless":false,"potions_floor_spawned":[6,8,16,20,22],"killed_by":"Cultist and Chosen","ascension_level":20}