{"path_per_floor":["M","M","M","M","M","E","R","E","T","M","M","?","R","M","R","B",null,"M","T","$","M","M"],"character_chosen":"IRONCLAD","items_purchased":["Strange Spoon"],"gold_per_floor":[111,125,141,158,174,205,205,238,293,310,323,323,323,343,343,445,445,457,483,199,216,227,227],"floor_reached":23,"campfire_rested":2,"playtime":2197,"item_purchase_floors":[20],"current_hp_per_floor":[80,80,80,79,80,51,75,48,48,48,44,44,44,42,66,27,80,39,39,39,35,11,0],"items_purged":["Strike_R"],"gold":227,"score":207,"play_id":"fbee07f4-1302-4457-a77c-d1d574385c81","local_time":"20180611102534","is_prod":false,"is_daily":false,"chose_seed":false,"is_ascension_mode":false,"campfire_upgraded":1,"win_rate":0,"timestamp":1528727134,"campfire_choices":[{"floor":7,"key":"REST"},{"data":"Body Slam","floor":13,"key":"SMITH"},{"floor":15,"key":"REST"}],"path_taken":["M","M","M","M","?","E","R","E","T","?","M","?","R","M","R","BOSS","M","?","$","M","M","E"],"build_version":"2018-06-07v3","seed_source_timestamp":65727269352163,"purchased_purges":1,"victory":false,"master_deck":["Strike_R","Strike_R","Strike_R","Strike_R","Defend_R","Defend_R","Defend_R","Defend_R","Bash","Feel No Pain","Cleave","Ghostly Armor","Pommel Strike","Pommel Strike","Seeing Red","Armaments","Body Slam+1","Double Tap","True Grit","Dark Embrace","Pummel","Iron Wave"],"max_hp_per_floor":[80,80,80,80,80,80,80,80,80,80,80,80,80,80,80,80,80,80,80,80,80,80,80],"relics":["Burning Blood","Torii","Magic Flower","Tiny Chest","Black Star","Bag of Marbles","Strange Spoon"],"card_choices":[{"not_picked":["Carnage","Intimidate"],"picked":"Feel No Pain","floor":1},{"not_picked":["Whirlwind","Heavy Blade"],"picked":"Cleave","floor":2},{"not_picked":["Hemokinesis","Sword Boomerang"],"picked":"Ghostly Armor","floor":3},{"not_picked":["Warcry","Shrug It Off"],"picked":"Pommel Strike","floor":4},{"not_picked":["Clothesline","Intimidate"],"picked":"Pommel Strike","floor":5},{"not_picked":["Uppercut","Pummel"],"picked":"Seeing Red","floor":6},{"not_picked":["Warcry","Heavy Blade"],"picked":"Armaments","floor":8},{"not_picked":["Disarm","Clash"],"picked":"Body Slam","floor":10},{"not_picked":["Clash","Heavy Blade"],"picked":"Double Tap","floor":11},{"not_picked":["Body Slam","Wild Strike"],"picked":"True Grit","floor":14},{"not_picked":["Juggernaut","Offering"],"picked":"Dark Embrace","floor":16},{"not_picked":["Dual Wield","Sword Boomerang","Dropkick"],"picked":"SKIP","floor":18},{"not_picked":["Sword Boomerang","Flame Barrier"],"picked":"Pummel","floor":21},{"not_picked":["Battle Trance","Dual Wield"],"picked":"Iron Wave","floor":22}],"player_experience":84832,"potions_floor_usage":[5,6,8,16,21],"damage_taken":[{"damage":5,"enemies":"Cultist","floor":1,"turns":4},{"damage":3,"enemies":"Jaw Worm","floor":2,"turns":4},{"damage":0,"enemies":"Small Slimes","floor":3,"turns":3},{"damage":7,"enemies":"Red Slaver","floor":4,"turns":5},{"damage":0,"enemies":"3 Louse","floor":5,"turns":3},{"damage":35,"enemies":"Lagavulin","floor":6,"turns":9},{"damage":33,"enemies":"Gremlin Nob","floor":8,"turns":5},{"damage":9,"enemies":"Exordium Thugs","floor":10,"turns":4},{"damage":13,"enemies":"Blue Slaver","floor":11,"turns":3},{"damage":11,"enemies":"Looter","floor":14,"turns":3},{"damage":48,"enemies":"The Guardian","floor":16,"turns":16},{"damage":50,"enemies":"Spheric Guardian","floor":18,"turns":10},{"damage":25,"enemies":"Shell Parasite","floor":21,"turns":15},{"damage":33,"enemies":"Centurion and Healer","floor":22,"turns":16},{"damage":14,"enemies":"Book of Stabbing","floor":23,"turns":3}],"relics_obtained":[{"floor":6,"key":"Torii"},{"floor":8,"key":"Magic Flower"},{"floor":9,"key":"Tiny Chest"},{"floor":19,"key":"Bag of Marbles"}],"event_choices":[{"event_name":"Liars Game","player_choice":"disagreed","floor":12,"damage_taken":0}],"boss_relics":[{"not_picked":["Philosopher\u0027s Stone","Runic Pyramid"],"picked":"Black Star"}],"items_purged_floors":[20],"potions_floor_spawned":[1,3,4,6,16,18,21],"seed_played":"1038306698870896308","killed_by":"Book of Stabbing","ascension_level":0,"potions_obtained":[{"floor":1,"key":"Dexterity Potion"},{"floor":3,"key":"LiquidBronze"},{"floor":4,"key":"AttackPotion"},{"floor":6,"key":"AttackPotion"},{"floor":16,"key":"BloodPotion"},{"floor":18,"key":"Poison Potion"},{"floor":21,"key":"Poison Potion"}],"is_trial":false}