{"gold_per_floor":[112,128,146,146,161,161,188,188,212,222,297,297,297,322,322,396,396,414,414,426,426,439,439,464,334,361,288,318,362,374,414,426,514,526,551,463,463,475,475,507,335,335,335,335],"floor_reached":44,"playtime":1274,"items_purged":["Doubt","Decay"],"score":1054,"play_id":"709a9888-b28a-40c5-8f59-828b190e1303","local_time":"20190315182212","is_ascension_mode":true,"campfire_choices":[{"data":"Bash","floor":6.0,"key":"SMITH"},{"data":"Shockwave","floor":8.0,"key":"SMITH"},{"floor":12.0,"key":"REST"},{"data":"True Grit","floor":15.0,"key":"SMITH"},{"data":"Metallicize","floor":23,"key":"SMITH"},{"data":"True Grit","floor":30,"key":"SMITH"},{"floor":32,"key":"REST"},{"floor":42,"key":"REST"}],"neow_cost":"NONE","seed_source_timestamp":18149470299976,"circlet_count":0,"master_deck":["AscendersBane","Strike_R+1","Defend_R+1","Defend_R+1","Defend_R+1","Defend_R+1","Bash+1","Metallicize+1","Sword Boomerang","Spot Weakness","Iron Wave","Shockwave+1","True Grit+1","Anger","Feed","Whirlwind+1","Heavy Blade+1","Immolate","True Grit+1","Demon Form+1","Iron Wave","Impervious","Entrench+1","Battle Trance+1","Searing Blow+1","Iron Wave+1","Anger","Flame Barrier"],"special_seed":0,"relics":["Cursed Key","Red Skull","Centennial Puzzle","Vajra","Ornamental Fan","Black Star","Bag of Marbles","Frozen Egg 2","MawBank","Art of War","Darkstone Periapt","Paper Frog","Orichalcum","Bottled Flame","Astrolabe","Juzu Bracelet","Bird Faced Urn","Pen Nib"],"potions_floor_usage":[24,24,29,31,44],"damage_taken":[{"damage":4.0,"enemies":"Small Slimes","floor":1.0,"turns":4.0},{"damage":6.0,"enemies":"2 Louse","floor":2.0,"turns":3.0},{"damage":7.0,"enemies":"Jaw Worm","floor":3.0,"turns":3.0},{"damage":8.0,"enemies":"Blue Slaver","floor":5.0,"turns":3.0},{"damage":10.0,"enemies":"3 Sentries","floor":7.0,"turns":6.0},{"damage":9.0,"enemies":"Exordium Thugs","floor":10.0,"turns":4.0},{"damage":2.0,"enemies":"Lagavulin","floor":14.0,"turns":6.0},{"damage":1.0,"enemies":"Hexaghost","floor":16.0,"turns":6.0},{"damage":9.0,"enemies":"3 Byrds","floor":18.0,"turns":7.0},{"damage":18,"enemies":"2 Thieves","floor":20,"turns":3},{"damage":6,"enemies":"Snake Plant","floor":22,"turns":3},{"damage":6,"enemies":"Book of Stabbing","floor":24,"turns":5},{"damage":7,"enemies":"Shelled Parasite and Fungi","floor":28,"turns":3},{"damage":4,"enemies":"Gremlin Leader","floor":29,"turns":5},{"damage":5,"enemies":"Slavers","floor":31,"turns":4},{"damage":52,"enemies":"Automaton","floor":33,"turns":8},{"damage":0,"enemies":"3 Darklings","floor":35,"turns":1},{"damage":2,"enemies":"Orb Walker","floor":38,"turns":2},{"damage":30,"enemies":"Reptomancer","floor":40,"turns":7},{"damage":74,"enemies":"Nemesis","floor":44,"turns":6}],"seed_played":"-4613517707696110360","potions_obtained":[{"floor":1.0,"key":"Dexterity Potion"},{"floor":5.0,"key":"Strength Potion"},{"floor":7.0,"key":"BloodPotion"},{"floor":16.0,"key":"Fruit Juice"},{"floor":20,"key":"SkillPotion"},{"floor":22,"key":"SpeedPotion"},{"floor":28,"key":"Swift Potion"},{"floor":29,"key":"SkillPotion"},{"floor":40,"key":"BloodPotion"}],"is_trial":false,"path_per_floor":["M","M","M","?","M","R","E","R","T","M","?","R","?","E","R","B",null,"M","?","M","?","M","R","E","$","T","?","M","E","R","E","R","B",null,"M","$","?","M","?","E","$","R","T","E"],"character_chosen":"IRONCLAD","items_purchased":["True Grit","Pen Nib"],"campfire_rested":3,"item_purchase_floors":[25,41],"current_hp_per_floor":[64,58,51,44,36,36,26,26,26,24,13,35,30,28,28,27,63,59,59,41,57,51,51,45,45,45,45,38,37,37,32,56,4,63,63,63,63,64,64,37,37,63,63,0],"gold":335,"neow_bonus":"BOSS_RELIC","is_prod":false,"is_daily":false,"chose_seed":false,"campfire_upgraded":5,"win_rate":0,"timestamp":1552699332,"path_taken":["M","M","M","?","M","R","E","R","T","M","?","R","?","E","R","BOSS","M","?","M","?","?","R","E","$","T","?","M","E","R","E","R","BOSS","M","$","?","M","?","E","$","R","T","E"],"build_version":"2019-02-06","purchased_purges":2,"victory":false,"max_hp_per_floor":[75,75,75,75,75,75,75,75,75,75,75,75,75,75,75,75,75,80,80,80,80,80,80,80,80,80,80,80,83,83,83,83,83,83,83,83,83,86,86,89,89,89,89,89],"card_choices":[{"not_picked":["Iron Wave","Armaments"],"picked":"Metallicize","floor":1.0},{"not_picked":["Clash","Warcry"],"picked":"Sword Boomerang","floor":2.0},{"not_picked":["True Grit","Inflame"],"picked":"Spot Weakness","floor":3.0},{"not_picked":["Warcry","Cleave"],"picked":"Iron Wave","floor":5.0},{"not_picked":["Berserk","Entrench"],"picked":"Shockwave","floor":7.0},{"not_picked":["Entrench","Clothesline"],"picked":"True Grit","floor":10.0},{"not_picked":["Burning Pact","Berserk"],"picked":"Anger","floor":14.0},{"not_picked":["Brutality","Exhume"],"picked":"Feed","floor":16.0},{"not_picked":["Cleave","Body Slam"],"picked":"Whirlwind+1","floor":18.0},{"not_picked":["Headbutt","Sentinel"],"picked":"Heavy Blade+1","floor":20},{"not_picked":["Wild Strike","Headbutt"],"picked":"Immolate","floor":24},{"not_picked":["Wild Strike","Armaments"],"picked":"Demon Form+1","floor":29},{"not_picked":["Fire Breathing+1","True Grit"],"picked":"Iron Wave","floor":31},{"not_picked":["Double Tap","Berserk+1"],"picked":"Impervious","floor":33},{"not_picked":["Heavy Blade","Clash"],"picked":"Iron Wave+1","floor":35},{"not_picked":["Heavy Blade","Wild Strike"],"picked":"Anger","floor":38},{"not_picked":["Anger+1","Headbutt"],"picked":"Flame Barrier","floor":40}],"player_experience":1305364,"relics_obtained":[{"floor":7.0,"key":"Red Skull"},{"floor":9.0,"key":"Centennial Puzzle"},{"floor":14.0,"key":"Ornamental Fan"},{"floor":24,"key":"Bag of Marbles"},{"floor":24,"key":"Frozen Egg 2"},{"floor":26,"key":"MawBank"},{"floor":29,"key":"Darkstone Periapt"},{"floor":29,"key":"Paper Frog"},{"floor":31,"key":"Orichalcum"},{"floor":31,"key":"Bottled Flame"},{"floor":40,"key":"Juzu Bracelet"},{"floor":40,"key":"Bird Faced Urn"}],"event_choices":[{"cards_removed":["Strike_R"],"damage_healed":0.0,"max_hp_gain":0.0,"max_hp_loss":0.0,"gold_gain":0.0,"event_name":"Golden Wing","player_choice":"Card Removal","floor":4.0,"gold_loss":0.0,"damage_taken":7.0},{"damage_healed":0.0,"max_hp_gain":0.0,"max_hp_loss":0.0,"gold_gain":75.0,"event_name":"World of Goop","player_choice":"Gather Gold","floor":11.0,"gold_loss":0.0,"damage_taken":11.0},{"damage_healed":0.0,"max_hp_gain":0.0,"max_hp_loss":0.0,"gold_gain":0.0,"event_name":"Scrap Ooze","player_choice":"Success","floor":13.0,"gold_loss":0.0,"damage_taken":5.0,"relics_obtained":["Vajra"]},{"damage_healed":0.0,"max_hp_gain":0.0,"max_hp_loss":0.0,"gold_gain":0.0,"event_name":"Back to Basics","player_choice":"Simplicity","floor":19.0,"gold_loss":0.0,"damage_taken":0.0,"cards_upgraded":["Strike_R","Strike_R","Strike_R","Strike_R","Defend_R","Defend_R","Defend_R","Defend_R"]},{"damage_healed":16,"gold_gain":0,"player_choice":"Heal","damage_taken":0,"max_hp_gain":0,"max_hp_loss":0,"event_name":"The Library","floor":21,"gold_loss":0},{"damage_healed":0,"gold_gain":0,"player_choice":"Obtained Relic","damage_taken":0,"relics_obtained":["Art of War"],"max_hp_gain":0,"max_hp_loss":0,"event_name":"Addict","floor":27,"gold_loss":85},{"damage_healed":0,"gold_gain":0,"player_choice":"Ignored","damage_taken":0,"max_hp_gain":0,"max_hp_loss":0,"event_name":"Tomb of Lord Red Mask","floor":37,"gold_loss":0},{"damage_healed":0,"gold_gain":0,"player_choice":"Memory 1","damage_taken":0,"max_hp_gain":0,"max_hp_loss":0,"event_name":"SensoryStone","floor":39,"gold_loss":0}],"is_beta":true,"boss_relics":[{"not_picked":["Busted Crown","Snecko Eye"],"picked":"Black Star"},{"not_picked":["White Beast Statue","Coffee Dripper"],"picked":"Astrolabe"}],"items_purged_floors":[25,36],"is_endless":false,"potions_floor_spawned":[1,5,7,16,20,22,28,29,40],"killed_by":"Nemesis","ascension_level":20}