{"gold_per_floor":[114,130,1,1,20,20,95,177,177,177,196,226,245,277,277,352,352,362,311,345,345,364,393,493,528,554,554,479,540,16,33,33,107,107,124,139,139,153,153,153,178,178,178,202,219,50,75,94,94,94,94],"floor_reached":52,"playtime":3195,"items_purged":[],"score":2077,"play_id":"97fa46e8-4e19-40df-af22-3fa7865c0c26","local_time":"20190314184149","is_ascension_mode":true,"campfire_choices":[{"data":"Uppercut","floor":6.0,"key":"SMITH"},{"data":"Bash","floor":10.0,"key":"SMITH"},{"data":"Flame Barrier","floor":15.0,"key":"SMITH"},{"floor":32.0,"key":"DIG"},{"floor":40.0,"key":"DIG"},{"floor":42,"key":"DIG"},{"floor":49,"key":"DIG"}],"neow_cost":"NONE","seed_source_timestamp":1450275102570,"circlet_count":0,"master_deck":["AscendersBane","Defend_R+1","Bash+1","Uppercut+1","Flame Barrier+1","Evolve","Flame Barrier","Bludgeon+1","Shrug It Off","Wild Strike+1","Power Through","Immolate+1","Power Through","Havoc","Shrug It Off+1","Bite+1","Bite+1","Bite+1","Bite+1","Bite+1","Shrug It Off","Offering","Clothesline+1","Iron Wave+1","Spot Weakness","Apotheosis","Body Slam+1","Dual Wield+1","Barricade","Shrug It Off","Shrug It Off","Madness","Madness","Disarm+1","Dark Shackles","Enlightenment","Shrug It Off","Feel No Pain+1","Shockwave","Offering"],"special_seed":0,"relics":["Burning Blood","NeowsBlessing","Molten Egg 2","Mummified Hand","Unceasing Top","Boot","Fusion Hammer","Red Mask","Bird Faced Urn","Nunchaku","Pear","Oddly Smooth Stone","Bag of Marbles","Bottled Tornado","Tiny Chest","Shovel","War Paint","Empty Cage","Frozen Egg 2","Happy Flower","Omamori","Dodecahedron","Juzu Bracelet","Shuriken","Blood Vial"],"potions_floor_usage":[41,41,47],"damage_taken":[{"damage":0.0,"enemies":"Small Slimes","floor":1.0,"turns":1.0},{"damage":0.0,"enemies":"Jaw Worm","floor":2.0,"turns":1.0},{"damage":0.0,"enemies":"2 Louse","floor":5.0,"turns":1.0},{"damage":0.0,"enemies":"Large Slime","floor":11.0,"turns":4.0},{"damage":18.0,"enemies":"Lagavulin","floor":12.0,"turns":5.0},{"damage":6.0,"enemies":"3 Louse","floor":13.0,"turns":5.0},{"damage":15.0,"enemies":"3 Sentries","floor":14.0,"turns":5.0},{"damage":36.0,"enemies":"The Guardian","floor":16.0,"turns":11.0},{"damage":0.0,"enemies":"Chosen","floor":18.0,"turns":3.0},{"damage":15.0,"enemies":"Masked Bandits","floor":20.0,"turns":3.0},{"damage":0.0,"enemies":"2 Thieves","floor":22.0,"turns":3.0},{"damage":11.0,"enemies":"Book of Stabbing","floor":23.0,"turns":5.0},{"damage":4.0,"enemies":"Colosseum Slavers","floor":24.0,"turns":4.0},{"damage":8.0,"enemies":"Colosseum Nobs","floor":24.0,"turns":6.0},{"damage":18.0,"enemies":"Slavers","floor":25.0,"turns":3.0},{"damage":24.0,"enemies":"Book of Stabbing","floor":29.0,"turns":6.0},{"damage":12.0,"enemies":"Cultist and Chosen","floor":31.0,"turns":6.0},{"damage":44.0,"enemies":"Champ","floor":33.0,"turns":15.0},{"damage":28.0,"enemies":"3 Shapes","floor":35.0,"turns":1.0},{"damage":0.0,"enemies":"Orb Walker","floor":36.0,"turns":3.0},{"damage":6.0,"enemies":"Sphere and 2 Shapes","floor":38.0,"turns":7.0},{"damage":56,"enemies":"Reptomancer","floor":41,"turns":14},{"damage":6,"enemies":"Maw","floor":45,"turns":6},{"damage":17,"enemies":"Nemesis","floor":47,"turns":7},{"damage":12,"enemies":"Transient","floor":48,"turns":6},{"damage":54,"enemies":"Time Eater","floor":50,"turns":25},{"damage":15,"enemies":"Donu and Deca","floor":51,"turns":9}],"seed_played":"-8143324575972487098","potions_obtained":[{"floor":1.0,"key":"Explosive Potion"},{"floor":5.0,"key":"SpeedPotion"},{"floor":12.0,"key":"Swift Potion"},{"floor":16.0,"key":"Swift Potion"},{"floor":18.0,"key":"SteroidPotion"},{"floor":24.0,"key":"Regen Potion"},{"floor":29.0,"key":"FearPotion"},{"floor":35.0,"key":"Poison Potion"},{"floor":41,"key":"EssenceOfSteel"}],"is_trial":false,"path_per_floor":["M","M","$","?","M","R","?","T","T","R","M","E","M","E","R","B",null,"M","$","?","?","M","E","?","E","T","T","?","E","$","M","R","B",null,"M","M","?","M","?","R","E","R","T","T","M","$","E","M","R","B","B",null],"character_chosen":"IRONCLAD","items_purchased":["Flame Barrier","Evolve","Havoc","Shovel","Apotheosis","Body Slam+1","Feel No Pain+1","Shockwave"],"campfire_rested":0,"item_purchase_floors":[3,3,19,30,30,30,46,46],"current_hp_per_floor":[74,75,75,80,80,80,69,69,69,69,75,63,63,54,54,24,66,72,72,63,56,56,56,66,60,60,60,60,59,59,66,66,61,65,44,61,49,66,56,56,58,58,58,58,66,66,66,66,66,66,66],"gold":94,"neow_bonus":"THREE_ENEMY_KILL","is_prod":false,"is_daily":false,"chose_seed":false,"campfire_upgraded":3,"win_rate":0,"timestamp":1552614109,"path_taken":["M","M","$","?","M","R","?","?","T","R","M","E","M","E","R","BOSS","M","$","?","?","M","E","?","E","T","?","?","E","$","M","R","BOSS","M","M","?","M","?","R","E","R","T","?","M","$","E","M","R","BOSS","BOSS"],"build_version":"2019-02-06","purchased_purges":0,"victory":true,"max_hp_per_floor":[75,75,75,80,80,80,80,80,80,80,80,80,80,80,80,80,80,80,80,80,56,56,56,66,66,66,66,66,66,66,66,66,66,66,66,66,66,66,66,66,66,66,66,66,66,66,66,66,66,66,66],"card_choices":[{"not_picked":["Blood for Blood","Body Slam"],"picked":"Uppercut","floor":1.0},{"not_picked":["Entrench","Iron Wave"],"picked":"Flame Barrier","floor":5.0},{"not_picked":["Headbutt+1","Rupture"],"picked":"Bludgeon+1","floor":11.0},{"not_picked":["Rupture","Twin Strike+1"],"picked":"Shrug It Off","floor":12.0},{"not_picked":["Perfected Strike+1","Heavy Blade+1"],"picked":"Wild Strike+1","floor":13.0},{"not_picked":["Fire Breathing","Anger+1"],"picked":"Power Through","floor":14.0},{"not_picked":["Barricade","Reaper+1"],"picked":"Immolate+1","floor":16.0},{"not_picked":["Thunderclap+1","Sword Boomerang+1"],"picked":"Power Through","floor":18.0},{"not_picked":["Havoc","Sword Boomerang+1"],"picked":"Shrug It Off","floor":20.0},{"not_picked":["Pummel+1","Sword Boomerang+1"],"picked":"Shrug It Off","floor":22.0},{"not_picked":["Heavy Blade+1","Perfected Strike+1"],"picked":"Offering","floor":23.0},{"not_picked":["Perfected Strike+1","Sever Soul+1"],"picked":"Clothesline+1","floor":24.0},{"not_picked":["Combust","Headbutt+1"],"picked":"Iron Wave+1","floor":25.0},{"not_picked":["Flex","Shrug It Off"],"picked":"Spot Weakness","floor":29.0},{"not_picked":["True Grit","Combust"],"picked":"Dual Wield+1","floor":31.0},{"not_picked":["Reaper+1","Offering"],"picked":"Barricade","floor":33.0},{"not_picked":["Twin Strike+1","True Grit"],"picked":"Shrug It Off","floor":35.0},{"not_picked":["Spot Weakness","Warcry"],"picked":"Shrug It Off","floor":36.0},{"not_picked":["Clothesline+1","Armaments"],"picked":"Disarm+1","floor":38.0},{"not_picked":["HandOfGreed+1","Impatience"],"picked":"Dark Shackles","floor":39.0},{"not_picked":["Secret Weapon","Madness"],"picked":"Enlightenment","floor":39.0},{"not_picked":["Warcry","Wild Strike+1"],"picked":"Shrug It Off","floor":41},{"not_picked":["Twin Strike+1","Perfected Strike+1","Hemokinesis+1"],"picked":"SKIP","floor":45},{"not_picked":["Twin Strike+1","Reckless Charge+1"],"picked":"Offering","floor":47},{"not_picked":["Clash+1","Bloodletting","Heavy Blade+1"],"picked":"SKIP","floor":48}],"player_experience":1293184,"relics_obtained":[{"floor":8.0,"key":"Molten Egg 2"},{"floor":9.0,"key":"Mummified Hand"},{"floor":12.0,"key":"Unceasing Top"},{"floor":14.0,"key":"Boot"},{"floor":20.0,"key":"Red Mask"},{"floor":23.0,"key":"Bird Faced Urn"},{"floor":24.0,"key":"Nunchaku"},{"floor":24.0,"key":"Pear"},{"floor":25.0,"key":"Oddly Smooth Stone"},{"floor":26.0,"key":"Bag of Marbles"},{"floor":27.0,"key":"Bottled Tornado"},{"floor":29.0,"key":"Tiny Chest"},{"floor":32.0,"key":"War Paint"},{"floor":40.0,"key":"Frozen Egg 2"},{"floor":41,"key":"Happy Flower"},{"floor":42,"key":"Omamori"},{"floor":43,"key":"Dodecahedron"},{"floor":44,"key":"Juzu Bracelet"},{"floor":47,"key":"Shuriken"},{"floor":49,"key":"Blood Vial"}],"event_choices":[{"damage_healed":0.0,"max_hp_gain":5.0,"max_hp_loss":0.0,"gold_gain":0.0,"event_name":"Big Fish","player_choice":"Donut","floor":4.0,"gold_loss":0.0,"damage_taken":0.0},{"damage_healed":0.0,"max_hp_gain":0.0,"max_hp_loss":0.0,"gold_gain":75.0,"event_name":"World of Goop","player_choice":"Gather Gold","floor":7.0,"gold_loss":0.0,"damage_taken":11.0},{"damage_healed":0.0,"max_hp_gain":0.0,"max_hp_loss":0.0,"gold_gain":0.0,"event_name":"Masked Bandits","player_choice":"Fought Bandits","floor":20.0,"gold_loss":0.0,"damage_taken":0.0},{"damage_healed":0.0,"max_hp_gain":0.0,"max_hp_loss":24.0,"gold_gain":0.0,"event_name":"Vampires","player_choice":"Became a vampire","floor":21.0,"gold_loss":0.0,"damage_taken":0.0,"cards_obtained":["Bite","Bite","Bite","Bite","Bite"]},{"damage_healed":0.0,"max_hp_gain":0.0,"max_hp_loss":0.0,"gold_gain":0.0,"event_name":"Colosseum","player_choice":"Fight","floor":24.0,"gold_loss":0.0,"damage_taken":0.0},{"damage_healed":0.0,"max_hp_gain":0.0,"max_hp_loss":0.0,"gold_gain":0.0,"event_name":"Colosseum","player_choice":"Fought Nobs","floor":24.0,"gold_loss":0.0,"damage_taken":0.0},{"cards_removed":["Defend_R"],"damage_healed":0.0,"max_hp_gain":0.0,"max_hp_loss":0.0,"gold_gain":0.0,"event_name":"Beggar","player_choice":"Gave Gold","floor":28.0,"gold_loss":75.0,"damage_taken":0.0},{"damage_healed":0.0,"max_hp_gain":0.0,"max_hp_loss":0.0,"gold_gain":0.0,"event_name":"Winding Halls","player_choice":"Embrace Madness","floor":37.0,"gold_loss":0.0,"damage_taken":12.0,"cards_obtained":["Madness","Madness"]},{"damage_healed":0.0,"max_hp_gain":0.0,"max_hp_loss":0.0,"gold_gain":0.0,"event_name":"SensoryStone","player_choice":"Memory 3","floor":39.0,"gold_loss":0.0,"damage_taken":10.0}],"is_beta":true,"boss_relics":[{"not_picked":["White Beast Statue","Black Star"],"picked":"Fusion Hammer"},{"not_picked":["Runic Cube","Runic Pyramid"],"picked":"Empty Cage"}],"items_purged_floors":[],"is_endless":false,"potions_floor_spawned":[1,5,12,16,18,24,24,29,35,38,41],"ascension_level":20}