{"gold_per_floor":[117,117,137,10,10,45,45,45,45,61,61,105,120,185,185,185],"floor_reached":16,"playtime":380,"items_purged":[],"score":216,"play_id":"360629c6-0fff-4f2e-821e-711476c616b9","local_time":"20190127003638","is_ascension_mode":true,"campfire_choices":[{"data":"Noxious Fumes","floor":7,"key":"SMITH"},{"floor":15,"key":"DIG"}],"neow_cost":"NONE","seed_source_timestamp":0,"circlet_count":0,"master_deck":["AscendersBane","Defend_G","Defend_G","Defend_G","Defend_G","Defend_G","Strike_G","Strike_G","Strike_G","Strike_G","Strike_G","Survivor","Neutralize+1","Dagger Spray","Slice","Noxious Fumes+1","Predator","Corpse Explosion","Dash","Dash"],"special_seed":0,"relics":["WristBlade","Golden Idol","Omamori","Shovel","Pantograph","Bird Faced Urn","Kunai"],"potions_floor_usage":[6,16],"damage_taken":[{"damage":4,"enemies":"Jaw Worm","floor":1,"turns":5},{"damage":3,"enemies":"Small Slimes","floor":3,"turns":4},{"damage":17,"enemies":"3 Sentries","floor":6,"turns":8},{"damage":1,"enemies":"Cultist","floor":10,"turns":3},{"damage":30,"enemies":"Gremlin Nob","floor":12,"turns":4},{"damage":1,"enemies":"Exordium Wildlife","floor":13,"turns":3},{"damage":38,"enemies":"Slime Boss","floor":16,"turns":9}],"seed_played":"-1419795440649345187","potions_obtained":[{"floor":3,"key":"SpeedPotion"},{"floor":12,"key":"Weak Potion"}],"is_trial":false,"path_per_floor":["M","?","M","$","?","E","R","$","T","M","T","E","M","?","R","B"],"character_chosen":"THE_SILENT","items_purchased":["Noxious Fumes","Predator"],"campfire_rested":0,"item_purchase_floors":[4,4],"current_hp_per_floor":[55,55,52,52,52,35,35,35,35,34,34,4,3,3,3,0],"gold":185,"neow_bonus":"BOSS_RELIC","is_prod":false,"is_daily":false,"chose_seed":false,"campfire_upgraded":1,"win_rate":0,"timestamp":1548578198,"path_taken":["M","?","M","$","?","E","R","$","T","M","?","E","M","?","R","BOSS"],"build_version":"2019-01-23","purchased_purges":0,"victory":false,"max_hp_per_floor":[66,60,60,60,60,60,60,60,60,60,60,60,60,60,60,60],"card_choices":[{"not_picked":["Deflect","Sucker Punch"],"picked":"Dagger Spray","floor":1},{"not_picked":["Poisoned Stab","Setup"],"picked":"Slice","floor":3},{"not_picked":["Dodge and Roll","Riddle With Holes"],"picked":"Corpse Explosion","floor":6},{"not_picked":["Terror","Deadly Poison"],"picked":"Dash","floor":10},{"not_picked":["Dagger Spray","Dagger Throw"],"picked":"Dash","floor":12}],"player_experience":1057193,"relics_obtained":[{"floor":6,"key":"Omamori"},{"floor":9,"key":"Shovel"},{"floor":11,"key":"Pantograph"},{"floor":12,"key":"Bird Faced Urn"},{"floor":15,"key":"Kunai"}],"event_choices":[{"damage_healed":0,"gold_gain":0,"player_choice":"Lose Max HP","damage_taken":0,"relics_obtained":["Golden Idol"],"max_hp_gain":0,"max_hp_loss":6,"event_name":"Golden Idol","floor":2,"gold_loss":0},{"damage_healed":0,"gold_gain":0,"player_choice":"Grow","damage_taken":0,"max_hp_gain":0,"max_hp_loss":0,"event_name":"Living Wall","floor":5,"gold_loss":0,"cards_upgraded":["Neutralize"]},{"damage_healed":0,"gold_gain":65,"player_choice":"Gained Gold","damage_taken":0,"max_hp_gain":0,"max_hp_loss":0,"event_name":"Golden Wing","floor":14,"gold_loss":0}],"is_beta":true,"boss_relics":[],"items_purged_floors":[],"is_endless":false,"potions_floor_spawned":[3,12],"killed_by":"Slime Boss","ascension_level":20}