{"gold_per_floor":[118,25,25,25,44,44,77,77,77,103,117,17,48,48,48,120,120,131,131,181,181,200,200,233,233,233,302,327,137,151,151],"floor_reached":31,"playtime":570,"items_purged":["Defend_R"],"score":502,"play_id":"9a4272c5-984c-4995-9fba-de7faeaf2f8d","local_time":"20180703155151","is_ascension_mode":true,"campfire_choices":[{"data":"Pommel Strike","floor":6,"key":"SMITH"},{"data":"Inflame","floor":8,"key":"SMITH"},{"data":"Perfected Strike","floor":15,"key":"SMITH"},{"data":"Bash","floor":23,"key":"SMITH"},{"floor":25,"key":"REST"}],"neow_cost":"","seed_source_timestamp":65966399337748,"circlet_count":0,"master_deck":["Strike_R","Strike_R","Strike_R","Strike_R","Strike_R","Defend_R+1","Defend_R+1","Bash+1","AscendersBane","Thunderclap","Perfected Strike+1","Inflame+1","Pommel Strike+1","Inflame","Pommel Strike","Ghostly Armor","Perfected Strike+1","Offering","Shrug It Off","Headbutt","Carnage","Uppercut+1","Double Tap","Heavy Blade","Inflame"],"relics":["Burning Blood","War Paint","Bronze Scales","Gremlin Horn","Letter Opener","Runic Dome","Omamori","Kunai","Dodecahedron","Potion Belt"],"potions_floor_usage":[24,28],"damage_taken":[{"damage":1,"enemies":"Small Slimes","floor":1,"turns":4},{"damage":0,"enemies":"Cultist","floor":5,"turns":2},{"damage":16,"enemies":"Gremlin Nob","floor":7,"turns":3},{"damage":15,"enemies":"3 Sentries","floor":10,"turns":6},{"damage":7,"enemies":"Jaw Worm","floor":11,"turns":2},{"damage":13,"enemies":"Gremlin Nob","floor":13,"turns":3},{"damage":24,"enemies":"Hexaghost","floor":16,"turns":7},{"damage":7,"enemies":"Spheric Guardian","floor":18,"turns":3},{"damage":2,"enemies":"Chosen","floor":22,"turns":2},{"damage":40,"enemies":"Book of Stabbing","floor":24,"turns":4},{"damage":24,"enemies":"Slavers","floor":28,"turns":4},{"damage":15,"enemies":"Slaver and Parasite","floor":30,"turns":4},{"damage":12,"enemies":"Gremlin Leader","floor":31,"turns":1}],"seed_played":"-8326667652524366894","potions_obtained":[{"floor":7,"key":"PowerPotion"},{"floor":11,"key":"SneckoOil"}],"is_trial":false,"path_per_floor":["M","$","?","$","M","R","E","R","T","E","M","$","E","?","R","B",null,"M","?","?","?","M","R","E","R","T","T","E","$","M"],"character_chosen":"IRONCLAD","items_purchased":["Perfected Strike","Inflame","Perfected Strike","Double Tap","Heavy Blade"],"campfire_rested":1,"item_purchase_floors":[2,2,12,29,29],"current_hp_per_floor":[73,73,73,73,75,75,65,65,65,56,55,55,48,48,48,30,64,63,42,42,42,46,46,12,36,36,36,18,18,9,0],"gold":151,"neow_bonus":"","is_prod":false,"is_daily":false,"chose_seed":false,"campfire_upgraded":4,"win_rate":0,"timestamp":1530658311,"path_taken":["M","$","?","$","M","R","E","R","T","E","?","?","E","?","R","BOSS","M","?","?","?","M","R","E","R","T","?","E","?","?","E"],"build_version":"2018-07-02","purchased_purges":1,"victory":false,"max_hp_per_floor":[75,75,75,75,75,75,75,75,75,75,75,75,75,75,75,75,75,75,80,80,80,80,80,80,80,80,80,80,80,80,80],"card_choices":[{"not_picked":["Anger","Warcry"],"picked":"Thunderclap","floor":1},{"not_picked":["Shrug It Off","Evolve"],"picked":"Pommel Strike","floor":5},{"not_picked":["Iron Wave","Hemokinesis"],"picked":"Inflame","floor":7},{"not_picked":["Fire Breathing","Ghostly Armor"],"picked":"Pommel Strike","floor":10},{"not_picked":["Clash","Headbutt"],"picked":"Ghostly Armor","floor":11},{"not_picked":["Reaper","Fiend Fire"],"picked":"Offering","floor":16},{"not_picked":["Clothesline","Anger"],"picked":"Shrug It Off","floor":18},{"not_picked":["Havoc","Corruption+1"],"picked":"Headbutt","floor":22},{"not_picked":["Dark Embrace","Searing Blow"],"picked":"Carnage","floor":24},{"not_picked":["Twin Strike","Havoc"],"picked":"Uppercut+1","floor":28},{"not_picked":["Pummel","Headbutt+1"],"picked":"Inflame","floor":30}],"player_experience":472005,"relics_obtained":[{"floor":7,"key":"War Paint"},{"floor":9,"key":"Bronze Scales"},{"floor":10,"key":"Gremlin Horn"},{"floor":13,"key":"Letter Opener"},{"floor":24,"key":"Omamori"},{"floor":26,"key":"Kunai"},{"floor":27,"key":"Dodecahedron"},{"floor":28,"key":"Potion Belt"}],"event_choices":[{"event_name":"Upgrade Shrine","player_choice":"Upgraded","floor":3,"damage_taken":0},{"event_name":"Liars Game","player_choice":"disagreed","floor":14,"damage_taken":0},{"event_name":"Forgotten Altar","player_choice":"Shed Blood","floor":19,"damage_taken":0},{"event_name":"Nest","player_choice":"Stole From Cult","floor":20,"damage_taken":0},{"event_name":"Purifier","player_choice":"One Purge","floor":21,"damage_taken":0}],"boss_relics":[{"not_picked":["Runic Pyramid","Astrolabe"],"picked":"Runic Dome"}],"items_purged_floors":[12],"is_endless":false,"potions_floor_spawned":[7,11,18],"killed_by":"Gremlin Leader","ascension_level":15}