{"gold_per_floor":[419,8,21,36,36,36,55,55,55,55,10,40,96,23,23,95,95,111,128,40,40,40,40,51,51,76,110,33,49,49,76,76,148,148,161,180,27,27],"floor_reached":38,"playtime":1287,"items_purged":["Regret","Writhe"],"score":743,"play_id":"bef467e6-a8eb-4624-86ac-a3c65c32037c","local_time":"20180710135009","is_ascension_mode":true,"campfire_choices":[{"data":"Neutralize","floor":6,"key":"SMITH"},{"data":"Cloak And Dagger","floor":8,"key":"SMITH"},{"data":"Deadly Poison","floor":10,"key":"SMITH"},{"data":"Noxious Fumes","floor":15,"key":"SMITH"},{"floor":23,"key":"REST"},{"floor":25,"key":"REST"},{"floor":30,"key":"REST"},{"floor":32,"key":"REST"}],"neow_cost":"NONE","seed_source_timestamp":157687909317873,"circlet_count":0,"master_deck":["Defend_G","Defend_G","Defend_G","Defend_G","Defend_G","Strike_G","Strike_G","Strike_G","Strike_G","Strike_G","Survivor","Neutralize+1","AscendersBane","Injury","Malaise+1","Cloak And Dagger+1","All Out Attack+1","Sucker Punch+1","Deadly Poison+1","Dagger Throw+1","Tools of the Trade","Slice+1","Bouncing Flask","Backflip","Noxious Fumes+1","Glass Knife+1","Terror","Leg Sweep","Bane+1","Necronomicurse","Deflect","J.A.X.","Distraction","Acrobatics","Backflip","Backflip"],"relics":["Calling Bell","Art of War","Molten Egg 2","Old Coin","Lee\u0027s Waffle","Ancient Tea Set","Meat on the Bone","Letter Opener","Busted Crown","Necronomicon","Blood Vial","Ninja Scroll","Singing Bowl","Sozu"],"potions_floor_usage":[12,13,19,27,33,33],"damage_taken":[{"damage":23,"enemies":"Jaw Worm","floor":1,"turns":6},{"damage":0,"enemies":"Cultist","floor":3,"turns":4},{"damage":0,"enemies":"Small Slimes","floor":4,"turns":3},{"damage":3,"enemies":"Blue Slaver","floor":7,"turns":4},{"damage":18,"enemies":"Lagavulin","floor":12,"turns":6},{"damage":18,"enemies":"Gremlin Nob","floor":13,"turns":4},{"damage":9,"enemies":"The Guardian","floor":16,"turns":8},{"damage":15,"enemies":"3 Byrds","floor":18,"turns":4},{"damage":15,"enemies":"2 Thieves","floor":19,"turns":4},{"damage":34,"enemies":"3 Cultists","floor":24,"turns":7},{"damage":46,"enemies":"Book of Stabbing","floor":27,"turns":8},{"damage":7,"enemies":"Centurion and Healer","floor":29,"turns":4},{"damage":26,"enemies":"Gremlin Leader","floor":31,"turns":8},{"damage":43,"enemies":"Automaton","floor":33,"turns":11},{"damage":46,"enemies":"3 Darklings","floor":35,"turns":7},{"damage":8,"enemies":"Orb Walker","floor":36,"turns":4},{"damage":44,"enemies":"Sphere and 2 Shapes","floor":38,"turns":4}],"seed_played":"-2355673441188715811","potions_obtained":[{"floor":4,"key":"PowerPotion"},{"floor":7,"key":"Poison Potion"},{"floor":13,"key":"GhostInAJar"},{"floor":16,"key":"Dexterity Potion"},{"floor":24,"key":"SmokeBomb"},{"floor":27,"key":"GamblersBrew"},{"floor":31,"key":"GhostInAJar"}],"is_trial":false,"path_per_floor":["M","$","M","M","?","R","M","R","T","R","$","E","?","$","R","B",null,"M","M","$","?","?","R","M","R","T","E","?","M","R","E","R","B",null,"M","M","$"],"character_chosen":"THE_SILENT","items_purchased":["Cloak And Dagger","Lee\u0027s Waffle","All Out Attack+1","Sucker Punch+1","Slice+1","Noxious Fumes","Leg Sweep","Bane+1","Backflip"],"campfire_rested":4,"item_purchase_floors":[2,2,2,2,11,14,20,20,37],"current_hp_per_floor":[36,73,73,73,73,73,70,70,70,70,70,52,46,46,46,37,64,49,46,46,46,25,46,24,45,45,13,13,20,41,31,53,26,64,32,38,38,0],"gold":27,"neow_bonus":"BOSS_RELIC","is_prod":false,"is_daily":false,"chose_seed":false,"campfire_upgraded":4,"win_rate":0,"timestamp":1531255809,"path_taken":["M","$","M","M","?","R","M","R","T","R","$","E","?","$","R","BOSS","M","?","$","?","?","R","?","R","T","E","?","M","R","E","R","BOSS","M","M","$","M"],"build_version":"2018-07-09","purchased_purges":2,"victory":false,"max_hp_per_floor":[66,73,73,73,73,73,73,73,73,73,73,73,73,73,73,73,73,73,73,73,73,73,73,73,73,73,73,73,73,73,75,75,77,77,77,77,77,77],"card_choices":[{"not_picked":["Deadly Poison","PiercingWail"],"picked":"Malaise","floor":1},{"not_picked":["Bane+1","Slice+1"],"picked":"Deadly Poison","floor":3},{"not_picked":["Predator+1","Acrobatics"],"picked":"Dagger Throw+1","floor":4},{"not_picked":["Sucker Punch+1","Terror"],"picked":"Tools of the Trade","floor":7},{"not_picked":["Cloak And Dagger","Underhanded Strike+1"],"picked":"Bouncing Flask","floor":12},{"not_picked":["Calculated Gamble","Dodge and Roll"],"picked":"Backflip","floor":13},{"not_picked":["Die Die Die+1","Corpse Explosion"],"picked":"Glass Knife+1","floor":16},{"not_picked":[],"picked":"Terror","floor":18},{"not_picked":["Slice+1"],"picked":"SKIP","floor":19},{"not_picked":[],"picked":"Deflect","floor":24},{"not_picked":["Masterful Stab+1"],"picked":"SKIP","floor":27},{"not_picked":[],"picked":"Distraction","floor":29},{"not_picked":["Deadly Poison"],"picked":"Singing Bowl","floor":31},{"not_picked":["Doppelganger"],"picked":"Singing Bowl","floor":33},{"not_picked":[],"picked":"Acrobatics","floor":35},{"not_picked":[],"picked":"Backflip","floor":36}],"player_experience":567270,"relics_obtained":[{"floor":0,"key":"Art of War"},{"floor":0,"key":"Molten Egg 2"},{"floor":0,"key":"Old Coin"},{"floor":9,"key":"Ancient Tea Set"},{"floor":12,"key":"Meat on the Bone"},{"floor":13,"key":"Letter Opener"},{"floor":22,"key":"Necronomicon"},{"floor":26,"key":"Blood Vial"},{"floor":27,"key":"Ninja Scroll"},{"floor":31,"key":"Singing Bowl"}],"event_choices":[{"event_name":"Living Wall","player_choice":"Grow","floor":5,"damage_taken":0},{"event_name":"Dead Adventurer","player_choice":"Searched \u00272\u0027 times","floor":13,"damage_taken":0},{"event_name":"The Mausoleum","player_choice":"No","floor":21,"damage_taken":0},{"event_name":"Cursed Tome","player_choice":"Obtained Book","floor":22,"damage_taken":0},{"event_name":"Drug Dealer","player_choice":"Got JAXXED","floor":28,"damage_taken":0}],"boss_relics":[{"not_picked":["Coffee Dripper","Lizard Tail"],"picked":"Busted Crown"},{"not_picked":["Velvet Choker","Runic Pyramid"],"picked":"Sozu"}],"items_purged_floors":[2,37],"is_endless":false,"potions_floor_spawned":[4,7,13,16,24,27,31],"killed_by":"Sphere and 2 Shapes","ascension_level":15}