{"gold_per_floor":[118,50,60,60,72,72,83,83,135,135,135,150,49,49],"floor_reached":14,"playtime":240,"items_purged":["Parasite"],"score":140,"play_id":"02ca99c8-4da4-4518-8c07-a0bccf6e9b84","local_time":"20180813222914","is_ascension_mode":true,"campfire_choices":[{"data":"Streamline","floor":6,"key":"SMITH"},{"data":"Zap","floor":8,"key":"SMITH"}],"neow_cost":"","seed_source_timestamp":4446081291657,"circlet_count":0,"master_deck":["Strike_B","Strike_B","Strike_B","Strike_B","Defend_B","Defend_B","Defend_B","Defend_B","Zap+1","Dualcast","AscendersBane","Coolheaded","Conserve Battery","Turbo","Ball Lightning","Streamline+1","Leap","Auto Shields","Steam"],"special_seed":0,"relics":["Cracked Core","Strawberry","Anchor"],"potions_floor_usage":[],"damage_taken":[{"damage":9,"enemies":"Small Slimes","floor":1,"turns":4},{"damage":0,"enemies":"Cultist","floor":3,"turns":4},{"damage":2,"enemies":"2 Louse","floor":5,"turns":3},{"damage":4,"enemies":"Blue Slaver","floor":7,"turns":2},{"damage":2,"enemies":"Exordium Wildlife","floor":12,"turns":3},{"damage":57,"enemies":"Gremlin Nob","floor":14,"turns":4}],"seed_played":"-418147205748469410","potions_obtained":[{"floor":5,"key":"LiquidBronze"}],"is_trial":false,"path_per_floor":["M","$","M","?","M","R","M","R","T","?","?","M","$"],"character_chosen":"DEFECT","items_purchased":["Conserve Battery","Turbo","Steam"],"campfire_rested":0,"item_purchase_floors":[2,2,13],"current_hp_per_floor":[55,55,55,36,34,34,30,30,30,30,49,47,47,0],"gold":49,"neow_bonus":"","is_prod":false,"is_daily":false,"chose_seed":false,"campfire_upgraded":2,"win_rate":0,"timestamp":1534224554,"path_taken":["M","$","M","?","M","R","?","R","T","?","?","M","$","E"],"build_version":"2018-08-08","purchased_purges":1,"victory":false,"max_hp_per_floor":[71,71,71,78,78,78,78,78,78,78,78,78,75,75],"card_choices":[{"not_picked":["Sweeping Beam","Leap"],"picked":"Coolheaded","floor":1},{"not_picked":["Consume","Gash"],"picked":"Ball Lightning","floor":3},{"not_picked":["Redo","Beam Cell"],"picked":"Streamline","floor":5},{"not_picked":["Rebound","Barrage"],"picked":"Leap","floor":7},{"not_picked":["Barrage","Stack"],"picked":"Auto Shields","floor":12}],"player_experience":815537,"relics_obtained":[{"floor":9,"key":"Anchor"}],"event_choices":[{"event_name":"Scrap Ooze","player_choice":"success","floor":4,"damage_taken":26},{"event_name":"NoteForYourself","player_choice":"Took Card","floor":10,"damage_taken":0},{"event_name":"Mushrooms","player_choice":"Healed and dodged fight","floor":11,"damage_taken":0}],"is_beta":true,"boss_relics":[],"items_purged_floors":[13],"is_endless":false,"potions_floor_spawned":[5],"killed_by":"Gremlin Nob","ascension_level":15}