{"gold_per_floor":[116,133,12,25,39,39,39,39,94,94,94,132,32,57,57,176,176,199,74,74,87,102,102,115,130,157,157,7,7,21,59,59,59],"floor_reached":33,"playtime":499,"items_purged":["Defend_R","Defend_R","Defend_R","Defend_R"],"score":267,"play_id":"1e372ea0-a0f0-4eb1-9cc9-954c610dca08","local_time":"20180703233214","is_ascension_mode":false,"campfire_choices":[{"data":"Flex","floor":6,"key":"SMITH"},{"data":"Clash","floor":10,"key":"SMITH"},{"data":"Bash","floor":15,"key":"SMITH"},{"data":"Heavy Blade","floor":23,"key":"SMITH"},{"data":"Carnage","floor":27,"key":"SMITH"},{"floor":32,"key":"REST"}],"neow_cost":"NONE","seed_source_timestamp":80597197895342,"circlet_count":0,"master_deck":["Strike_R","Strike_R","Strike_R","Strike_R+1","Strike_R+1","Bash+1","Clash+1","Offering","Flex+1","Flex","Heavy Blade+1","Carnage+1","Necronomicurse"],"relics":["Burning Blood","NeowsBlessing","Golden Idol","Tiny Chest","Whetstone","Pen Nib","Snecko Eye","Anchor","Necronomicon","Bag of Marbles"],"potions_floor_usage":[31,31,33],"damage_taken":[{"damage":0,"enemies":"Cultist","floor":1,"turns":1},{"damage":0,"enemies":"2 Louse","floor":2,"turns":1},{"damage":0,"enemies":"Jaw Worm","floor":4,"turns":1},{"damage":11,"enemies":"Blue Slaver","floor":5,"turns":2},{"damage":22,"enemies":"Lagavulin","floor":12,"turns":3},{"damage":0,"enemies":"Looter","floor":14,"turns":1},{"damage":46,"enemies":"Hexaghost","floor":16,"turns":7},{"damage":19,"enemies":"3 Byrds","floor":18,"turns":5},{"damage":4,"enemies":"Spheric Guardian","floor":21,"turns":1},{"damage":30,"enemies":"Cultist and Chosen","floor":22,"turns":5},{"damage":8,"enemies":"Snecko","floor":24,"turns":3},{"damage":12,"enemies":"Centurion and Healer","floor":25,"turns":3},{"damage":4,"enemies":"Sentry and Sphere","floor":30,"turns":2},{"damage":6,"enemies":"Book of Stabbing","floor":31,"turns":2},{"damage":34,"enemies":"Automaton","floor":33,"turns":3}],"seed_played":"-3610210876987369823","potions_obtained":[{"floor":4,"key":"Fire Potion"},{"floor":12,"key":"SkillPotion"},{"floor":16,"key":"Fire Potion"},{"floor":21,"key":"Fire Potion"}],"is_trial":false,"path_per_floor":["M","M","$","M","M","R","?","?","T","R","T","E","$","M","R","B",null,"M","$","?","M","M","R","M","M","T","R","$","?","M","E","R"],"character_chosen":"IRONCLAD","items_purchased":["Flex"],"campfire_rested":1,"item_purchase_floors":[3],"current_hp_per_floor":[80,80,80,80,75,75,80,74,74,74,74,58,58,64,64,24,74,61,61,61,63,39,39,37,31,31,31,31,15,17,17,39,5],"gold":59,"neow_bonus":"THREE_ENEMY_KILL","is_prod":false,"is_daily":false,"chose_seed":false,"campfire_upgraded":5,"win_rate":0,"timestamp":1530685934,"path_taken":["M","M","$","M","?","R","?","?","T","R","?","E","$","M","R","BOSS","M","$","?","M","?","R","M","M","T","R","?","?","M","E","R","BOSS"],"build_version":"2018-07-02","purchased_purges":4,"victory":false,"max_hp_per_floor":[80,80,80,80,80,80,80,74,74,74,74,74,74,74,74,74,74,74,74,74,74,74,74,74,74,74,74,74,74,74,74,74,74],"card_choices":[{"not_picked":["Body Slam","Hemokinesis"],"picked":"Clash","floor":1},{"not_picked":["Spot Weakness","Headbutt"],"picked":"Offering","floor":2},{"not_picked":["Warcry","Seeing Red"],"picked":"Flex","floor":14},{"not_picked":["Body Slam+1","Clash"],"picked":"Heavy Blade","floor":21},{"not_picked":["Twin Strike","Wild Strike+1"],"picked":"Carnage","floor":24},{"not_picked":["Battle Trance","Rupture+1","Sentinel"],"picked":"SKIP","floor":30}],"player_experience":483362,"relics_obtained":[{"floor":9,"key":"Tiny Chest"},{"floor":11,"key":"Whetstone"},{"floor":12,"key":"Pen Nib"},{"floor":26,"key":"Anchor"},{"floor":29,"key":"Necronomicon"},{"floor":31,"key":"Bag of Marbles"}],"event_choices":[{"event_name":"Wheel of Change","player_choice":"Full Heal","floor":7,"damage_taken":0},{"event_name":"Golden Idol","player_choice":"Lose Max HP","floor":8,"damage_taken":0},{"event_name":"Addict","player_choice":"Ignored","floor":20,"damage_taken":0},{"event_name":"Cursed Tome","player_choice":"Obtained Book","floor":29,"damage_taken":0}],"boss_relics":[{"not_picked":["Runic Pyramid","Pandora\u0027s Box"],"picked":"Snecko Eye"}],"items_purged_floors":[3,13,19,28],"is_endless":false,"potions_floor_spawned":[4,12,16,21,25,30],"killed_by":"Automaton","ascension_level":0}