{"gold_per_floor":[214,214,64,79,97,97,123,135,173,185,197,223,235,60,60,132,132,151,151,169,44,44,44,61,74,74,99,99,124,124,144,144,219,219,232,232,232],"floor_reached":37,"playtime":1963,"items_purged":["Strike_G","Strike_G","Strike_G"],"score":729,"play_id":"887325d0-1b36-42e9-9ee6-0b377fd469da","local_time":"20190711232320","is_ascension_mode":true,"campfire_choices":[{"data":"Leg Sweep","floor":6,"key":"SMITH"},{"data":"Noxious Fumes","floor":8,"key":"SMITH"},{"data":"Poisoned Stab","floor":10,"key":"SMITH"},{"floor":15,"key":"REST"},{"floor":23,"key":"REST"},{"floor":28,"key":"REST"},{"data":"Backflip","floor":30,"key":"SMITH"},{"floor":32,"key":"REST"}],"neow_cost":"NONE","seed_source_timestamp":149961635156556,"circlet_count":0,"master_deck":["AscendersBane","Defend_G","Defend_G","Defend_G","Defend_G","Survivor","Neutralize","Noxious Fumes+1","Leg Sweep+1","Cloak And Dagger","Poisoned Stab+1","Deadly Poison","Noxious Fumes","Die Die Die+1","PiercingWail","Backflip+1","Skewer+1","Dagger Spray","Catalyst+1","Footwork","Malaise","Leg Sweep"],"relics":["Ring of the Serpent","MawBank","Strawberry","Incense Burner","Gremlin Horn","Whetstone","Bottled Flame","Philosopher\u0027s Stone"],"potions_floor_usage":[7,12,24,29,33,37,37],"damage_taken":[{"damage":11,"enemies":"Jaw Worm","floor":1,"turns":6},{"damage":0,"enemies":"2 Louse","floor":4,"turns":4},{"damage":0,"enemies":"Cultist","floor":5,"turns":5},{"damage":22,"enemies":"3 Sentries","floor":7,"turns":9},{"damage":20,"enemies":"Gremlin Gang","floor":12,"turns":4},{"damage":1,"enemies":"Hexaghost","floor":16,"turns":8},{"damage":9,"enemies":"Spheric Guardian","floor":18,"turns":4},{"damage":6,"enemies":"Chosen","floor":20,"turns":6},{"damage":12,"enemies":"Snake Plant","floor":24,"turns":6},{"damage":3,"enemies":"Snecko","floor":25,"turns":6},{"damage":15,"enemies":"Book of Stabbing","floor":27,"turns":7},{"damage":15,"enemies":"Slavers","floor":29,"turns":4},{"damage":9,"enemies":"Shelled Parasite and Fungi","floor":31,"turns":7},{"damage":15,"enemies":"Champ","floor":33,"turns":11},{"damage":10,"enemies":"Orb Walker","floor":35,"turns":4},{"damage":69,"enemies":"2 Orb Walkers","floor":37,"turns":6}],"seed_played":"-6587942468294859521","potions_obtained":[{"floor":1,"key":"Regen Potion"},{"floor":7,"key":"AttackPotion"},{"floor":12,"key":"Explosive Potion"},{"floor":18,"key":"Weak Potion"},{"floor":25,"key":"Swift Potion"},{"floor":31,"key":"FearPotion"},{"floor":33,"key":"LiquidBronze"}],"is_trial":false,"path_per_floor":["M","?","$","M","M","R","E","R","T","R","?","M","?","$","R","B",null,"M","?","M","$","?","R","M","M","T","E","R","E","R","M","R","B",null,"M","?","?"],"character_chosen":"THE_SILENT","items_purchased":["Noxious Fumes","Noxious Fumes"],"campfire_rested":4,"item_purchase_floors":[3,14],"current_hp_per_floor":[48,53,53,53,53,53,46,46,53,53,48,28,28,28,51,50,71,62,62,56,56,34,58,46,43,43,28,52,37,37,28,52,37,72,62,62,0],"gold":232,"neow_bonus":"HUNDRED_GOLD","is_prod":false,"is_daily":false,"chose_seed":false,"campfire_upgraded":4,"win_rate":0,"timestamp":1562905400,"path_taken":["M","?","$","M","M","R","E","R","T","R","?","M","?","$","R","BOSS","M","?","?","$","?","R","M","M","T","E","R","E","R","M","R","BOSS","M","?","?"],"build_version":"2019-07-05","purchased_purges":3,"victory":false,"max_hp_per_floor":[66,71,71,71,71,71,71,71,78,78,78,78,78,78,78,78,78,78,78,78,78,83,83,83,83,83,83,83,83,83,83,83,83,83,83,83,83],"card_choices":[{"not_picked":["Masterful Stab","Calculated Gamble","Expertise"],"picked":"SKIP","floor":1},{"not_picked":["Caltrops","Acrobatics"],"picked":"Leg Sweep","floor":4},{"not_picked":["Acrobatics","Choke"],"picked":"Cloak And Dagger","floor":5},{"not_picked":["Deflect","Cloak And Dagger"],"picked":"Poisoned Stab","floor":7},{"not_picked":["Leg Sweep","Finisher"],"picked":"Deadly Poison","floor":12},{"not_picked":["Bullet Time","Corpse Explosion"],"picked":"Die Die Die","floor":16},{"not_picked":["Endless Agony","Bouncing Flask"],"picked":"PiercingWail","floor":18},{"not_picked":["Concentrate","Cloak And Dagger","Quick Slash"],"picked":"SKIP","floor":20},{"not_picked":["Choke","Bane"],"picked":"Backflip","floor":24},{"not_picked":["Flying Knee","Outmaneuver"],"picked":"Skewer","floor":25},{"not_picked":["Underhanded Strike","Sucker Punch"],"picked":"Dagger Spray","floor":27},{"not_picked":["Reflex","Acrobatics"],"picked":"Catalyst+1","floor":29},{"not_picked":["PiercingWail","Bane"],"picked":"Footwork","floor":31},{"not_picked":["Night Terror","After Image"],"picked":"Malaise","floor":33},{"not_picked":["Sucker Punch+1","Poisoned Stab"],"picked":"Leg Sweep","floor":35}],"player_experience":849406,"relics_obtained":[{"floor":7,"key":"MawBank"},{"floor":9,"key":"Strawberry"},{"floor":26,"key":"Gremlin Horn"},{"floor":27,"key":"Whetstone"},{"floor":29,"key":"Bottled Flame"}],"event_choices":[{"damage_healed":0,"gold_gain":0,"player_choice":"Donut","damage_taken":0,"max_hp_gain":5,"max_hp_loss":0,"event_name":"Big Fish","floor":2,"gold_loss":0},{"damage_healed":0,"gold_gain":0,"player_choice":"Success","damage_taken":5,"relics_obtained":["Incense Burner"],"max_hp_gain":0,"max_hp_loss":0,"event_name":"Scrap Ooze","floor":11,"gold_loss":0},{"cards_removed":["Strike_G"],"damage_healed":0,"gold_gain":0,"player_choice":"Offered Basic","damage_taken":0,"max_hp_gain":0,"max_hp_loss":0,"event_name":"Bonfire Elementals","floor":13,"gold_loss":0},{"cards_removed":["Strike_G"],"damage_healed":0,"gold_gain":0,"player_choice":"Purged","damage_taken":0,"max_hp_gain":0,"max_hp_loss":0,"event_name":"Purifier","floor":19,"gold_loss":0},{"damage_healed":0,"gold_gain":0,"player_choice":"Shed Blood","damage_taken":27,"max_hp_gain":5,"max_hp_loss":0,"event_name":"Forgotten Altar","floor":22,"gold_loss":0},{"cards_removed":["Defend_G"],"damage_healed":0,"gold_gain":0,"player_choice":"Removed Skill","damage_taken":0,"max_hp_gain":0,"max_hp_loss":0,"event_name":"Falling","floor":36,"gold_loss":0},{"damage_healed":0,"gold_gain":0,"player_choice":"Fight","damage_taken":0,"max_hp_gain":0,"max_hp_loss":0,"event_name":"Mysterious Sphere","floor":37,"gold_loss":0}],"is_beta":false,"boss_relics":[{"not_picked":["Tiny House","Calling Bell"],"picked":"Ring of the Serpent"},{"not_picked":["Pandora\u0027s Box","Black Star"],"picked":"Philosopher\u0027s Stone"}],"items_purged_floors":[3,14,21],"is_endless":false,"potions_floor_spawned":[1,7,12,18,25,27,31,33],"killed_by":"2 Orb Walkers","ascension_level":16}