{"gold_per_floor":[115,115,130,15,30,30,105,149,208,244,281,293,305,282,294,306],"floor_reached":16,"playtime":538,"items_purged":[],"score":175,"play_id":"00a3e488-06d8-4f4c-bba0-1d0ed60ef366","local_time":"20180801155513","is_ascension_mode":true,"campfire_choices":[{"data":"Neutralize","floor":6,"key":"SMITH"},{"data":"A Thousand Cuts","floor":12,"key":"SMITH"},{"data":"Cloak And Dagger","floor":15,"key":"SMITH"}],"neow_cost":"TEN_PERCENT_HP_LOSS","seed_source_timestamp":488128782278241,"circlet_count":0,"master_deck":["Defend_G","Defend_G","Defend_G","Defend_G","Defend_G","Strike_G","Strike_G","Strike_G","Strike_G","Strike_G","Survivor","Neutralize+1","AscendersBane","Cloak And Dagger+1","Prepared","Footwork","Leg Sweep","Dodge and Roll","Riddle With Holes","Dagger Throw","A Thousand Cuts+1"],"relics":["Ring of the Snake","Tough Bandages","Golden Idol","MawBank","Centennial Puzzle","Art of War"],"potions_floor_usage":[],"damage_taken":[{"damage":5,"enemies":"Cultist","floor":1,"turns":5},{"damage":0,"enemies":"2 Louse","floor":3,"turns":3},{"damage":0,"enemies":"Small Slimes","floor":5,"turns":5},{"damage":13,"enemies":"3 Sentries","floor":8,"turns":16},{"damage":0,"enemies":"2 Fungi Beasts","floor":10,"turns":6},{"damage":0,"enemies":"Looter","floor":11,"turns":4},{"damage":3,"enemies":"Hexaghost","floor":16,"turns":11}],"seed_played":"2343863508882063353","potions_obtained":[{"floor":1,"key":"Poison Potion"},{"floor":8,"key":"SkillPotion"}],"is_trial":false,"path_per_floor":["M","?","M","$","M","R","?","E","T","M","M","R","?","?","R"],"character_chosen":"THE_SILENT","items_purchased":["Footwork","Leg Sweep"],"campfire_rested":0,"item_purchase_floors":[4,4],"current_hp_per_floor":[54,54,54,54,54,54,43,30,30,30,30,30,19,32,32,29],"gold":306,"neow_bonus":"ONE_RARE_RELIC","is_prod":false,"is_daily":false,"chose_seed":false,"campfire_upgraded":3,"win_rate":0,"timestamp":1533164113,"path_taken":["M","?","M","$","M","R","?","E","T","?","M","R","?","?","R","BOSS"],"build_version":"2018-07-31","purchased_purges":0,"victory":false,"max_hp_per_floor":[60,54,54,54,54,54,54,54,54,54,54,54,54,54,54,54],"card_choices":[{"not_picked":["Catalyst","Flying Knee"],"picked":"Cloak And Dagger","floor":1},{"not_picked":["Blade Dance","Setup"],"picked":"Prepared","floor":3},{"not_picked":["Prepared","Backflip"],"picked":"Dodge and Roll","floor":5},{"not_picked":["Endless Agony","Flechettes"],"picked":"Riddle With Holes","floor":8},{"not_picked":["Deflect","Prepared"],"picked":"Dagger Throw","floor":10},{"not_picked":["Flying Knee","Outmaneuver"],"picked":"A Thousand Cuts","floor":11}],"player_experience":706542,"relics_obtained":[{"floor":8,"key":"MawBank"},{"floor":9,"key":"Centennial Puzzle"}],"event_choices":[{"event_name":"Golden Idol","player_choice":"Lose Max HP","floor":2,"damage_taken":0},{"event_name":"World of Goop","player_choice":"Gather Gold","floor":7,"damage_taken":0},{"event_name":"Scrap Ooze","player_choice":"success","floor":13,"damage_taken":11},{"event_name":"The Cleric","player_choice":"Healed","floor":14,"damage_taken":0}],"is_beta":true,"boss_relics":[],"items_purged_floors":[],"is_endless":false,"potions_floor_spawned":[1,8,10],"killed_by":"Hexaghost","ascension_level":15}