{"gold_per_floor":[17,37,48,60,60,60,94,94,94,146,162,162,177,177,177,274,274,256,356,366,366,19,19,47,47,47,79,97,112,132,149,149,245,245,257,274,288,43,43,75,75,75],"floor_reached":42,"playtime":2842,"items_purged":[],"score":641,"play_id":"f4e3d403-d225-480f-8df7-0f6ed9e7c82d","local_time":"20180713182303","is_ascension_mode":true,"campfire_choices":[{"data":"Clothesline","floor":6,"key":"SMITH"},{"data":"Armaments","floor":8,"key":"SMITH"},{"data":"Spot Weakness","floor":12,"key":"SMITH"},{"floor":15,"key":"REST"},{"data":"Disarm","floor":23,"key":"SMITH"},{"data":"Perfected Strike","floor":25,"key":"SMITH"},{"floor":32,"key":"REST"},{"floor":41,"key":"REST"}],"neow_cost":"NO_GOLD","seed_source_timestamp":14227270989895,"circlet_count":0,"master_deck":["Strike_R","Strike_R+1","Strike_R","Strike_R","Strike_R","Defend_R+1","Defend_R","Defend_R","Defend_R","Bash","Perfected Strike+1","Clothesline+1","Armaments+1","Battle Trance","True Grit","Spot Weakness+1","Reaper","Impervious","Shrug It Off","Disarm+1","Corruption+1","Armaments+1","Headbutt","Rampage","Shrug It Off","Carnage","Battle Trance+1","Barricade+1","Warcry+1","Bloodletting+1","Shrug It Off","Whirlwind+1","Infernal Blade+1","Feel No Pain+1","Shrug It Off","Trip","Battle Trance"],"relics":["Black Blood","Red Skull","Oddly Smooth Stone","Frozen Egg 2","Philosopher\u0027s Stone","Prayer Wheel","Strawberry","Bottled Tornado","Pear","Regal Pillow","Boot"],"potions_floor_usage":[4,18,24,24,27,33,42],"damage_taken":[{"damage":1,"enemies":"Cultist","floor":1,"turns":4},{"damage":7,"enemies":"Small Slimes","floor":2,"turns":3},{"damage":7,"enemies":"2 Louse","floor":3,"turns":2},{"damage":16,"enemies":"Gremlin Gang","floor":4,"turns":4},{"damage":27,"enemies":"Lagavulin","floor":7,"turns":9},{"damage":5,"enemies":"Looter","floor":11,"turns":3},{"damage":4,"enemies":"3 Louse","floor":13,"turns":3},{"damage":52,"enemies":"Slime Boss","floor":16,"turns":10},{"damage":18,"enemies":"2 Thieves","floor":18,"turns":4},{"damage":28,"enemies":"Shell Parasite","floor":20,"turns":8},{"damage":27,"enemies":"Slavers","floor":24,"turns":7},{"damage":83,"enemies":"Gremlin Leader","floor":27,"turns":11},{"damage":1,"enemies":"Centurion and Healer","floor":28,"turns":8},{"damage":27,"enemies":"Cultist and Chosen","floor":29,"turns":8},{"damage":15,"enemies":"Snecko","floor":30,"turns":4},{"damage":3,"enemies":"Centurion and Healer","floor":31,"turns":5},{"damage":103,"enemies":"Automaton","floor":33,"turns":14},{"damage":25,"enemies":"Flame Bruiser 1 Orb","floor":35,"turns":11},{"damage":13,"enemies":"3 Shapes","floor":36,"turns":6},{"damage":36,"enemies":"Transient","floor":37,"turns":5},{"damage":63,"enemies":"2 Orb Walkers","floor":40,"turns":6},{"damage":137,"enemies":"Giant Head","floor":42,"turns":8}],"seed_played":"4285191954847502134","potions_obtained":[{"floor":1,"key":"Fire Potion"},{"floor":4,"key":"LiquidBronze"},{"floor":16,"key":"PowerPotion"},{"floor":20,"key":"SkillPotion"},{"floor":24,"key":"GamblersBrew"},{"floor":29,"key":"SpeedPotion"},{"floor":31,"key":"Regen Potion"},{"floor":40,"key":"Regen Potion"}],"is_trial":false,"path_per_floor":["M","M","M","M","?","R","E","R","T","?","M","R","M","?","R","B",null,"M","?","M","?","$","R","E","R","T","E","M","M","M","M","R","B",null,"M","M","M","$","?","E","R"],"character_chosen":"IRONCLAD","items_purchased":["Corruption+1","Prayer Wheel","Feel No Pain+1","Shrug It Off","Regal Pillow"],"campfire_rested":3,"item_purchase_floors":[22,22,38,38,38],"current_hp_per_floor":[96,95,94,84,65,65,44,44,44,44,45,45,47,35,63,29,96,96,96,74,74,74,74,72,72,72,38,65,53,44,63,96,22,113,113,110,92,92,92,39,87,0],"gold":75,"neow_bonus":"TWENTY_PERCENT_HP_BONUS","is_prod":false,"is_daily":false,"chose_seed":false,"campfire_upgraded":5,"win_rate":0,"timestamp":1531520583,"path_taken":["M","M","M","?","?","R","E","R","T","?","M","R","?","?","R","BOSS","M","?","M","?","$","R","E","R","T","E","M","M","M","M","R","BOSS","M","M","M","$","?","E","R","E"],"build_version":"2018-07-12","purchased_purges":0,"victory":false,"max_hp_per_floor":[96,96,96,96,96,96,96,96,96,96,96,96,96,96,96,96,96,96,96,96,96,96,96,103,103,103,113,113,113,113,113,113,113,113,113,113,113,113,113,113,113,113],"card_choices":[{"not_picked":["Blood for Blood","Havoc"],"picked":"Perfected Strike","floor":1},{"not_picked":["Bloodletting","Shrug It Off"],"picked":"Clothesline","floor":2},{"not_picked":["Thunderclap","Feel No Pain"],"picked":"Armaments","floor":3},{"not_picked":["Wild Strike","Havoc"],"picked":"Battle Trance","floor":4},{"not_picked":["Power Through","Intimidate"],"picked":"True Grit","floor":7},{"not_picked":["Pommel Strike","Warcry"],"picked":"Spot Weakness","floor":11},{"not_picked":["Clothesline","True Grit"],"picked":"Reaper","floor":13},{"not_picked":["Berserk+1","Limit Break"],"picked":"Impervious","floor":16},{"not_picked":["Iron Wave","Uppercut"],"picked":"Shrug It Off","floor":18},{"not_picked":["Anger","Flame Barrier"],"picked":"Disarm","floor":20},{"not_picked":["True Grit","Wild Strike"],"picked":"Armaments+1","floor":24},{"not_picked":["Rupture+1","Flex","Havoc"],"picked":"SKIP","floor":27},{"not_picked":["Clothesline","Battle Trance"],"picked":"Headbutt","floor":28},{"not_picked":["Combust+1","Entrench+1"],"picked":"Rampage","floor":28},{"not_picked":["Cleave","Fiend Fire"],"picked":"Shrug It Off","floor":29},{"not_picked":["Sever Soul","Entrench"],"picked":"Carnage","floor":29},{"not_picked":["Clothesline","Rampage+1"],"picked":"Battle Trance+1","floor":30},{"not_picked":["Body Slam","Fire Breathing+1","Flex"],"picked":"SKIP","floor":30},{"not_picked":["Reckless Charge+1","Havoc","Power Through"],"picked":"SKIP","floor":31},{"not_picked":["Iron Wave","Rampage","Body Slam+1"],"picked":"SKIP","floor":31},{"not_picked":["Immolate","Limit Break"],"picked":"Barricade+1","floor":33},{"not_picked":["Dropkick","Iron Wave+1"],"picked":"Warcry+1","floor":35},{"not_picked":["Second Wind","Flex","Warcry"],"picked":"SKIP","floor":35},{"not_picked":["Blood for Blood+1","Second Wind+1"],"picked":"Bloodletting+1","floor":36},{"not_picked":["Anger+1","Iron Wave+1"],"picked":"Shrug It Off","floor":36},{"not_picked":["Dropkick+1","Double Tap"],"picked":"Whirlwind+1","floor":37},{"not_picked":["Warcry","Heavy Blade"],"picked":"Infernal Blade+1","floor":37},{"not_picked":["HandOfGreed","Madness"],"picked":"Trip","floor":39},{"not_picked":["Fire Breathing+1","Evolve+1"],"picked":"Battle Trance","floor":40}],"player_experience":274193,"relics_obtained":[{"floor":7,"key":"Red Skull"},{"floor":9,"key":"Oddly Smooth Stone"},{"floor":24,"key":"Strawberry"},{"floor":26,"key":"Bottled Tornado"},{"floor":27,"key":"Pear"},{"floor":40,"key":"Boot"}],"event_choices":[{"event_name":"Shining Light","player_choice":"Entered Light","floor":5,"damage_taken":0},{"event_name":"Golden Wing","player_choice":"Gained Gold","floor":10,"damage_taken":0},{"event_name":"Scrap Ooze","player_choice":"success","floor":14,"damage_taken":12},{"event_name":"Golden Shrine","player_choice":"Pray","floor":19,"damage_taken":0},{"event_name":"Vampires","player_choice":"Ignored","floor":21,"damage_taken":0},{"event_name":"SensoryStone","player_choice":"Memory 1","floor":39,"damage_taken":0}],"boss_relics":[{"not_picked":["Tiny House","Coffee Dripper"],"picked":"Philosopher\u0027s Stone"},{"not_picked":["Velvet Choker","Orrery"],"picked":"Black Blood"}],"items_purged_floors":[],"is_endless":false,"potions_floor_spawned":[1,4,16,20,24,29,31,40],"killed_by":"Giant Head","ascension_level":3}