{"path_per_floor":["M","M","$","?","?","R","E","?","T","M","M","M","R","?","R","B",null,"M","$","M","$","M","R","E"],"character_chosen":"IRONCLAD","items_purchased":[],"gold_per_floor":[112,122,47,47,47,47,73,73,73,91,109,121,121,101,101,206,206,217,117,134,9,29,29,56,56],"floor_reached":25,"campfire_rested":2,"playtime":4063,"item_purchase_floors":[],"current_hp_per_floor":[80,75,75,75,72,72,29,49,49,55,50,52,52,52,76,77,77,30,30,26,26,28,51,24,0],"items_purged":["Strike_R","Normality","Pain"],"gold":56,"score":271,"play_id":"56dac975-3cbc-49f3-b29e-530fd7449020","local_time":"20180605110127","is_prod":false,"is_daily":false,"chose_seed":false,"is_ascension_mode":false,"campfire_upgraded":2,"win_rate":0,"timestamp":1528210887,"campfire_choices":[{"data":"Rampage","floor":6,"key":"SMITH"},{"data":"Cleave","floor":13,"key":"SMITH"},{"floor":15,"key":"REST"},{"floor":23,"key":"REST"}],"path_taken":["M","M","$","?","?","R","E","?","T","M","M","?","R","?","R","BOSS","M","$","M","$","M","R","E","M"],"build_version":"2018-05-31","seed_source_timestamp":312463425804,"purchased_purges":3,"victory":false,"master_deck":["Strike_R","Strike_R","Strike_R","Defend_R","Defend_R","Defend_R+1","Defend_R","Bash","Rampage+1","Flex+1","Cleave+1","Offering+1","Headbutt","Double Tap+1","Hemokinesis+1","Shrug It Off+1","Intimidate+1","Flex+1"],"max_hp_per_floor":[80,80,80,80,80,80,80,80,80,80,80,80,80,80,80,80,77,77,77,77,77,77,77,77,77],"relics":["Burning Blood","Toxic Egg 2","War Paint","Dream Catcher","Ginger","Astrolabe","Bottled Flame"],"card_choices":[{"not_picked":["Heavy Blade","Pommel Strike"],"picked":"Rampage","floor":1},{"not_picked":["True Grit","Armaments"],"picked":"Flex","floor":2},{"not_picked":["Perfected Strike","Anger"],"picked":"Cleave","floor":7},{"not_picked":["Body Slam","Heavy Blade"],"picked":"Offering+1","floor":10},{"not_picked":["Body Slam","Clothesline","Sever Soul"],"picked":"SKIP","floor":11},{"not_picked":["Bloodletting+1","Ghostly Armor+1","Feel No Pain"],"picked":"SKIP","floor":12},{"not_picked":["Clothesline","Thunderclap"],"picked":"Headbutt","floor":15},{"not_picked":["Berserk","Barricade"],"picked":"Double Tap+1","floor":16},{"not_picked":["Thunderclap+1","Armaments+1"],"picked":"Shrug It Off+1","floor":18},{"not_picked":["Feel No Pain","Iron Wave","Flame Barrier+1"],"picked":"SKIP","floor":20},{"not_picked":["Reckless Charge","Clothesline"],"picked":"Intimidate+1","floor":22},{"not_picked":["Pommel Strike","Clash"],"picked":"Flex+1","floor":24}],"player_experience":44389,"potions_floor_usage":[11,12,16,16,16,16,18,22,24],"damage_taken":[{"damage":5,"enemies":"Small Slimes","floor":1,"turns":3},{"damage":11,"enemies":"Jaw Worm","floor":2,"turns":4},{"damage":49,"enemies":"Lagavulin","floor":7,"turns":8},{"damage":0,"enemies":"2 Louse","floor":10,"turns":2},{"damage":11,"enemies":"Exordium Wildlife","floor":11,"turns":3},{"damage":4,"enemies":"3 Louse","floor":12,"turns":2},{"damage":5,"enemies":"Slime Boss","floor":16,"turns":4},{"damage":53,"enemies":"3 Byrds","floor":18,"turns":5},{"damage":10,"enemies":"2 Thieves","floor":20,"turns":2},{"damage":4,"enemies":"Snake Plant","floor":22,"turns":2},{"damage":33,"enemies":"Slavers","floor":24,"turns":4},{"damage":31,"enemies":"Slaver and Parasite","floor":25,"turns":2}],"relics_obtained":[{"floor":7,"key":"Dream Catcher"},{"floor":9,"key":"Ginger"},{"floor":24,"key":"Bottled Flame"}],"event_choices":[{"event_name":"Big Fish","player_choice":"Box","floor":4,"damage_taken":0},{"event_name":"Scrap Ooze","player_choice":"success","floor":5,"damage_taken":3},{"event_name":"Mushrooms","player_choice":"Healed and dodged fight","floor":8,"damage_taken":0},{"event_name":"The Woman in Blue","player_choice":"Bought 1 Potion","floor":14,"damage_taken":0}],"boss_relics":[{"not_picked":["Philosopher\u0027s Stone","Calling Bell"],"picked":"Astrolabe"}],"items_purged_floors":[3,19,21],"potions_floor_spawned":[2,11,12,16,18,20],"seed_played":"-7270872011983045101","killed_by":"Slaver and Parasite","ascension_level":0,"potions_obtained":[{"floor":2,"key":"Explosive Potion"},{"floor":11,"key":"Explosive Potion"},{"floor":12,"key":"LiquidBronze"},{"floor":14,"key":"EntropicBrew"},{"floor":16,"key":"Poison Potion"},{"floor":18,"key":"SkillPotion"},{"floor":20,"key":"EssenceOfSteel"}],"is_trial":false}