{"gold_per_floor":[112,124,73,73,86,86,0,0,300,300,335,335,362,373,373,448,448,466,26,39,14,33,33,60,60,60,79,4,54,54,73,73,152,152,170,170,85,104,0,0,25,39,111,111,111,142,142,160,160,160,160],"floor_reached":52,"playtime":2496,"items_purged":["Strike_R"],"score":1997,"play_id":"a87621bb-f28e-4794-80d9-0a6c44d18c62","local_time":"20190823235135","is_ascension_mode":true,"campfire_choices":[{"data":"Bash","floor":6.0,"key":"SMITH"},{"data":"Armaments","floor":8.0,"key":"SMITH"},{"data":"Whirlwind","floor":10.0,"key":"SMITH"},{"data":"Barricade","floor":12.0,"key":"SMITH"},{"floor":15.0,"key":"REST"},{"data":"Entrench","floor":23.0,"key":"SMITH"},{"data":"Uppercut","floor":30.0,"key":"SMITH"},{"floor":32.0,"key":"REST"},{"floor":40,"key":"REST"},{"floor":45,"key":"REST"},{"floor":47,"key":"REST"},{"floor":49,"key":"RECALL"}],"neow_cost":"NONE","seed_source_timestamp":385803676184,"circlet_count":0,"master_deck":["AscendersBane","Strike_R","Strike_R","Strike_R","Strike_R","Defend_R","Defend_R","Defend_R","Defend_R","Bash+1","Whirlwind+1","Armaments+1","Ghostly Armor","Metallicize","Barricade+1","Shrug It Off","Feed","Uppercut+1","Evolve","Entrench+1","True Grit","Shrug It Off+1","Iron Wave","Feed","Clothesline","Flame Barrier","Demon Form","Body Slam","Disarm","True Grit+1","Flame Barrier"],"special_seed":0,"relics":["Sozu","Ancient Tea Set","Old Coin","Centennial Puzzle","Incense Burner","Philosopher\u0027s Stone","Kunai","Ornamental Fan","Bird Faced Urn","Fusion Hammer","Red Mask","Pear","Bottled Flame","Regal Pillow"],"potions_floor_usage":[],"damage_taken":[{"damage":0.0,"enemies":"Cultist","floor":1.0,"turns":3.0},{"damage":7.0,"enemies":"Small Slimes","floor":2.0,"turns":3.0},{"damage":7.0,"enemies":"Jaw Worm","floor":5.0,"turns":3.0},{"damage":4.0,"enemies":"Lagavulin","floor":11.0,"turns":6.0},{"damage":31.0,"enemies":"Gremlin Nob","floor":13.0,"turns":4.0},{"damage":6.0,"enemies":"Looter","floor":14.0,"turns":2.0},{"damage":17.0,"enemies":"Slime Boss","floor":16.0,"turns":14.0},{"damage":11.0,"enemies":"2 Thieves","floor":18.0,"turns":3.0},{"damage":0.0,"enemies":"Chosen","floor":20.0,"turns":6.0},{"damage":11.0,"enemies":"Snake Plant","floor":22.0,"turns":9.0},{"damage":0.0,"enemies":"Gremlin Leader","floor":24.0,"turns":8.0},{"damage":18.0,"enemies":"Shelled Parasite and Fungi","floor":27.0,"turns":8.0},{"damage":1.0,"enemies":"Snecko","floor":31.0,"turns":4.0},{"damage":25.0,"enemies":"Collector","floor":33.0,"turns":23.0},{"damage":25.0,"enemies":"3 Darklings","floor":35.0,"turns":11.0},{"damage":15.0,"enemies":"Orb Walker","floor":38.0,"turns":4.0},{"damage":14,"enemies":"Giant Head","floor":41,"turns":14},{"damage":21,"enemies":"Spire Growth","floor":42,"turns":7},{"damage":14,"enemies":"Nemesis","floor":46,"turns":13},{"damage":0,"enemies":"Maw","floor":48,"turns":11},{"damage":46,"enemies":"Time Eater","floor":50,"turns":21},{"damage":50,"enemies":"Awakened One","floor":51,"turns":14}],"seed_played":"107328449780001771","potions_obtained":[],"is_trial":false,"path_per_floor":["M","M","$","?","M","R","$","R","T","R","E","R","E","M","R","B",null,"M","$","M","$","M","R","E","?","T","M","$","?","R","M","R","B",null,"M","?","$","M","?","R","E","M","T","?","R","E","R","M","R","B","B",null],"character_chosen":"IRONCLAD","items_purchased":["Armaments","Metallicize","Kunai","Uppercut","Evolve","True Grit","Disarm"],"campfire_rested":5,"item_purchase_floors":[3,7,19,19,19,21,37],"current_hp_per_floor":[68,61,61,61,54,54,54,54,54,54,50,50,19,13,35,18,61,53,53,56,56,48,48,52,52,52,44,44,44,44,48,76,57,86,69,69,69,62,62,91,95,83,83,83,106,101,109,109,109,71,30],"gold":160,"neow_bonus":"BOSS_RELIC","is_prod":false,"is_daily":false,"chose_seed":false,"campfire_upgraded":6,"win_rate":0,"timestamp":1566629495,"path_taken":["M","M","?","?","?","R","$","R","T","R","E","R","E","M","R","BOSS","M","$","M","$","?","R","E","?","T","?","?","?","R","M","R","BOSS","M","?","$","M","?","R","E","M","T","?","R","E","R","M","R","BOSS","BOSS"],"build_version":"2019-08-15","purchased_purges":1,"victory":true,"max_hp_per_floor":[75,75,75,75,75,75,75,75,75,75,75,75,75,75,75,75,75,78,78,81,81,84,84,88,88,88,92,92,92,92,95,95,95,95,95,95,95,99,99,99,109,112,112,106,106,109,109,109,109,112,115],"card_choices":[{"not_picked":["Warcry","Flex"],"picked":"Whirlwind","floor":1.0},{"not_picked":["Sword Boomerang","Warcry"],"picked":"Clash","floor":2.0},{"not_picked":["True Grit","Sword Boomerang"],"picked":"Ghostly Armor","floor":5.0},{"not_picked":["Armaments","Dropkick"],"picked":"Barricade","floor":11.0},{"not_picked":["True Grit","Headbutt"],"picked":"Shrug It Off","floor":14.0},{"not_picked":["Exhume","Berserk"],"picked":"Feed","floor":16.0},{"not_picked":["Pommel Strike","Infernal Blade"],"picked":"Entrench","floor":20.0},{"not_picked":["Headbutt","Anger"],"picked":"Shrug It Off+1","floor":22.0},{"not_picked":["Searing Blow+1","Armaments"],"picked":"Iron Wave","floor":24.0},{"not_picked":["Rupture","Headbutt"],"picked":"Flame Barrier","floor":31.0},{"not_picked":["Double Tap","Bludgeon"],"picked":"Demon Form","floor":33.0},{"not_picked":["Clothesline","Ghostly Armor"],"picked":"Body Slam","floor":35.0},{"not_picked":["Armaments","Searing Blow","Juggernaut"],"picked":"SKIP","floor":41},{"not_picked":["Warcry+1","Clash"],"picked":"True Grit+1","floor":42},{"not_picked":["Perfected Strike","Sword Boomerang+1"],"picked":"Flame Barrier","floor":46},{"not_picked":["Cleave","Pommel Strike","Rupture"],"picked":"SKIP","floor":48}],"player_experience":1425761,"relics_obtained":[{"floor":9.0,"key":"Old Coin"},{"floor":11.0,"key":"Centennial Puzzle"},{"floor":13.0,"key":"Incense Burner"},{"floor":24.0,"key":"Ornamental Fan"},{"floor":26.0,"key":"Bird Faced Urn"},{"floor":41,"key":"Pear"},{"floor":43,"key":"Bottled Flame"},{"floor":46,"key":"Regal Pillow"}],"event_choices":[{"cards_removed":["Clash"],"damage_healed":0.0,"max_hp_gain":0.0,"max_hp_loss":0.0,"gold_gain":0.0,"event_name":"WeMeetAgain","player_choice":"Gave Card","floor":4.0,"gold_loss":0.0,"damage_taken":0.0,"relics_obtained":["Ancient Tea Set"]},{"damage_healed":0.0,"max_hp_gain":0.0,"max_hp_loss":0.0,"gold_gain":0.0,"event_name":"Match and Keep!","player_choice":"2 cards matched","floor":25.0,"gold_loss":0.0,"damage_taken":0.0,"cards_obtained":["Feed","Clothesline"]},{"damage_healed":0.0,"max_hp_gain":0.0,"max_hp_loss":0.0,"gold_gain":50.0,"event_name":"Nest","player_choice":"Stole From Cult","floor":29.0,"gold_loss":0.0,"damage_taken":0.0},{"damage_healed":0.0,"max_hp_gain":0.0,"max_hp_loss":0.0,"gold_gain":0.0,"event_name":"Mysterious Sphere","player_choice":"Ignored","floor":36.0,"gold_loss":0.0,"damage_taken":0.0},{"damage_healed":0,"gold_gain":0,"player_choice":"Paid","damage_taken":0,"relics_obtained":["Red Mask"],"max_hp_gain":0,"max_hp_loss":0,"event_name":"Tomb of Lord Red Mask","floor":39,"gold_loss":104},{"damage_healed":0,"gold_gain":0,"player_choice":"Max HP","damage_taken":0,"max_hp_gain":0,"max_hp_loss":6,"event_name":"Winding Halls","floor":44,"gold_loss":0}],"is_beta":true,"boss_relics":[{"not_picked":["Lizard Tail","Empty Cage"],"picked":"Philosopher\u0027s Stone"},{"not_picked":["Astrolabe","Eternal Feather"],"picked":"Fusion Hammer"}],"items_purged_floors":[28],"is_endless":false,"potions_floor_spawned":[1,11,16,22,24,33,35,42],"ascension_level":20}