{"gold_per_floor":[110,41,61,81,31,31,49,49,49,49,64,79,4,22,22,127,127,116,133,148,159,177,177,187,187,236,236,246,277,21,21,21,120,120,135,135,149,24,42,42,62,62,89,108,7,34,34,52,52,52],"floor_reached":50,"playtime":4891,"items_purged":["Strike_R","Defend_R","Defend_R"],"score":558,"play_id":"9e9838d3-d716-4580-8a52-1a8a10f83d12","local_time":"20181006174100","is_ascension_mode":true,"campfire_choices":[{"data":"Body Slam","floor":6,"key":"SMITH"},{"data":"Iron Wave","floor":8,"key":"SMITH"},{"data":"Bash","floor":10,"key":"SMITH"},{"data":"Heavy Blade","floor":15,"key":"SMITH"},{"data":"Limit Break","floor":23,"key":"SMITH"},{"data":"Pommel Strike","floor":25,"key":"SMITH"},{"floor":27,"key":"REST"},{"floor":32,"key":"REST"},{"floor":40,"key":"REST"},{"floor":42,"key":"REST"},{"floor":49,"key":"REST"}],"neow_cost":"NONE","seed_source_timestamp":73796927905114,"circlet_count":0,"master_deck":["Strike_R","Strike_R","Defend_R","Defend_R","Bash+1","Inflame","Pommel Strike+1","Shrug It Off","Body Slam+1","Iron Wave+1","Flex","Heavy Blade+1","Limit Break+1","Headbutt","Warcry+1","Iron Wave+1","Pommel Strike+1","Shrug It Off+1","Secret Technique+1"],"relics":["Burning Blood","Pen Nib","Bronze Scales","Mark of Pain","Happy Flower","Toxic Egg 2","Red Skull","Lizard Tail","Juzu Bracelet","Smiling Mask"],"potions_floor_usage":[12,16,20,20,20,24,29,35,37,39,44,50],"damage_taken":[{"damage":1,"enemies":"Cultist","floor":1,"turns":3},{"damage":0,"enemies":"2 Louse","floor":3,"turns":2},{"damage":0,"enemies":"Jaw Worm","floor":4,"turns":3},{"damage":15,"enemies":"Exordium Thugs","floor":7,"turns":5},{"damage":10,"enemies":"Gremlin Gang","floor":11,"turns":4},{"damage":7,"enemies":"Blue Slaver","floor":12,"turns":3},{"damage":0,"enemies":"3 Louse","floor":14,"turns":3},{"damage":4,"enemies":"Slime Boss","floor":16,"turns":7},{"damage":16,"enemies":"2 Thieves","floor":18,"turns":4},{"damage":12,"enemies":"Chosen","floor":19,"turns":4},{"damage":8,"enemies":"Snake Plant","floor":20,"turns":2},{"damage":13,"enemies":"Snecko","floor":21,"turns":3},{"damage":18,"enemies":"Cultist and Chosen","floor":22,"turns":4},{"damage":20,"enemies":"Centurion and Healer","floor":24,"turns":5},{"damage":0,"enemies":"Chosen and Byrds","floor":28,"turns":4},{"damage":24,"enemies":"Slavers","floor":29,"turns":3},{"damage":47,"enemies":"Automaton","floor":33,"turns":7},{"damage":38,"enemies":"3 Shapes","floor":35,"turns":4},{"damage":18,"enemies":"Orb Walker","floor":37,"turns":3},{"damage":28,"enemies":"Spire Growth","floor":39,"turns":4},{"damage":23,"enemies":"4 Shapes","floor":41,"turns":5},{"damage":18,"enemies":"Maw","floor":44,"turns":5},{"damage":39,"enemies":"Sphere and 2 Shapes","floor":48,"turns":4},{"damage":79,"enemies":"Time Eater","floor":50,"turns":8}],"seed_played":"-6035213643404840615","potions_obtained":[{"floor":1,"key":"Weak Potion"},{"floor":4,"key":"Dexterity Potion"},{"floor":12,"key":"Strength Potion"},{"floor":16,"key":"Strength Potion"},{"floor":18,"key":"Strength Potion"},{"floor":22,"key":"BloodPotion"},{"floor":24,"key":"Swift Potion"},{"floor":33,"key":"FearPotion"},{"floor":35,"key":"Regen Potion"},{"floor":37,"key":"SpeedPotion"},{"floor":39,"key":"Dexterity Potion"}],"is_trial":false,"path_per_floor":["M","$","M","M","?","R","M","R","T","R","M","M","$","M","R","B",null,"M","M","M","M","M","R","M","R","T","R","M","E","$","?","R","B",null,"M","?","M","$","M","R","M","R","T","M","$","T","?","M","R"],"character_chosen":"IRONCLAD","items_purchased":["Pommel Strike","Shrug It Off","Red Skull","Shrug It Off+1","PowerPotion"],"campfire_rested":5,"item_purchase_floors":[2,2,30,45,45],"current_hp_per_floor":[80,80,80,80,80,80,71,71,71,71,67,66,66,72,72,74,80,70,64,62,55,43,43,37,37,37,61,67,49,49,49,73,32,80,48,48,45,45,23,47,30,54,54,42,42,42,42,9,33,0],"gold":52,"neow_bonus":"RANDOM_COMMON_RELIC","is_prod":false,"is_daily":false,"chose_seed":false,"campfire_upgraded":6,"win_rate":0,"timestamp":1538840460,"path_taken":["M","$","M","?","?","R","M","R","T","R","?","?","$","M","R","BOSS","M","M","M","M","M","R","M","R","T","R","M","E","$","?","R","BOSS","M","?","?","$","M","R","M","R","T","M","$","?","?","M","R","BOSS"],"build_version":"2018-10-04v2","purchased_purges":3,"victory":false,"max_hp_per_floor":[80,80,80,80,80,80,80,80,80,80,80,80,80,80,80,80,80,80,80,80,80,80,80,80,80,80,80,80,80,80,80,80,80,80,80,80,80,80,80,80,80,80,80,80,80,80,80,80,80,80],"card_choices":[{"not_picked":["Entrench","Combust"],"picked":"Inflame","floor":1},{"not_picked":["Iron Wave","Inflame"],"picked":"Body Slam","floor":3},{"not_picked":["Searing Blow","Reckless Charge","Clash"],"picked":"SKIP","floor":4},{"not_picked":["Bloodletting","Shrug It Off"],"picked":"Iron Wave","floor":7},{"not_picked":["Warcry","Reckless Charge","Wild Strike"],"picked":"SKIP","floor":11},{"not_picked":["Power Through","Warcry"],"picked":"Flex","floor":12},{"not_picked":["Body Slam","Infernal Blade"],"picked":"Heavy Blade","floor":14},{"not_picked":["Exhume","Dark Embrace"],"picked":"Limit Break","floor":16},{"not_picked":["Power Through+1","Anger","Havoc"],"picked":"SKIP","floor":18},{"not_picked":["Heavy Blade+1","Thunderclap","Wild Strike"],"picked":"SKIP","floor":19},{"not_picked":["Burning Pact","Heavy Blade+1"],"picked":"Headbutt","floor":20},{"not_picked":["Anger+1","Wild Strike","Thunderclap"],"picked":"SKIP","floor":21},{"not_picked":["Shrug It Off+1","Flame Barrier+1","Double Tap"],"picked":"SKIP","floor":22},{"not_picked":["Headbutt","Rupture","Corruption"],"picked":"SKIP","floor":24},{"not_picked":["Combust","Warcry","Infernal Blade"],"picked":"SKIP","floor":28},{"not_picked":["Uppercut+1","Searing Blow+1"],"picked":"Warcry+1","floor":29},{"not_picked":["Perfected Strike","Inflame+1"],"picked":"Iron Wave+1","floor":35},{"not_picked":["Carnage","Iron Wave+1"],"picked":"Pommel Strike+1","floor":37},{"not_picked":["Sever Soul","True Grit+1","Headbutt"],"picked":"SKIP","floor":39},{"not_picked":["Pommel Strike+1","Metallicize+1","Hemokinesis"],"picked":"SKIP","floor":41},{"not_picked":["Inflame+1","Anger","Heavy Blade+1"],"picked":"SKIP","floor":44},{"not_picked":["Deep Breath+1","Violence+1"],"picked":"Secret Technique+1","floor":47},{"not_picked":["Thunderclap+1","Clothesline+1","Iron Wave"],"picked":"SKIP","floor":48}],"player_experience":254386,"relics_obtained":[{"floor":9,"key":"Bronze Scales"},{"floor":26,"key":"Happy Flower"},{"floor":29,"key":"Toxic Egg 2"},{"floor":43,"key":"Juzu Bracelet"},{"floor":46,"key":"Smiling Mask"}],"event_choices":[{"event_name":"The Cleric","player_choice":"Card Removal","floor":5,"damage_taken":0},{"event_name":"Beggar","player_choice":"Ignored","floor":31,"damage_taken":0},{"event_name":"Bonfire Elementals","player_choice":"BASIC","floor":36,"damage_taken":0},{"event_name":"SensoryStone","player_choice":"Memory 1","floor":47,"damage_taken":0}],"is_beta":false,"boss_relics":[{"not_picked":["Calling Bell","Fusion Hammer"],"picked":"Mark of Pain"},{"not_picked":["Runic Pyramid","Cursed Key"],"picked":"Lizard Tail"}],"items_purged_floors":[13,30,38],"is_endless":false,"potions_floor_spawned":[1,4,12,16,18,22,24,33,35,37,39],"killed_by":"Time Eater","ascension_level":3}