{"gold_per_floor":[364,364,364,380,31,31,70,91,170,70,84,84,84,117,117,117],"floor_reached":16,"playtime":867,"items_purged":["Strike_G","Defend_G"],"score":194,"play_id":"3c0552e6-f6ef-48e1-aaf1-9ecfdf44b228","local_time":"20190712182424","is_ascension_mode":true,"campfire_choices":[{"data":"Neutralize","floor":6,"key":"SMITH"},{"data":"Cloak And Dagger","floor":13,"key":"SMITH"},{"floor":15,"key":"REST"}],"neow_cost":"PERCENT_DAMAGE","seed_source_timestamp":219523158223450,"circlet_count":0,"master_deck":["AscendersBane","Strike_G","Strike_G","Strike_G","Strike_G","Defend_G","Defend_G","Defend_G","Defend_G","Survivor","Neutralize+1","Dagger Throw","Leg Sweep","Cloak And Dagger+1","Dagger Spray","PiercingWail","Accuracy"],"relics":["Ring of the Snake","Golden Idol","Chemical X","Regal Pillow","Darkstone Periapt","Letter Opener"],"potions_floor_usage":[7,14],"damage_taken":[{"damage":10,"enemies":"Jaw Worm","floor":1,"turns":5},{"damage":1,"enemies":"2 Louse","floor":4,"turns":3},{"damage":14,"enemies":"Lagavulin","floor":7,"turns":8},{"damage":5,"enemies":"Small Slimes","floor":8,"turns":4},{"damage":0,"enemies":"3 Louse","floor":11,"turns":3},{"damage":13,"enemies":"Gremlin Nob","floor":14,"turns":4},{"damage":54,"enemies":"Hexaghost","floor":16,"turns":18}],"seed_played":"3265175281890545471","potions_obtained":[{"floor":1,"key":"Poison Potion"},{"floor":11,"key":"Strength Potion"},{"floor":14,"key":"Explosive Potion"}],"is_trial":false,"path_per_floor":["M","?","?","M","$","R","E","M","T","$","M","?","R","E","R","B"],"character_chosen":"THE_SILENT","items_purchased":["Chemical X","Cloak And Dagger"],"campfire_rested":1,"item_purchase_floors":[5,5],"current_hp_per_floor":[34,34,54,53,53,53,39,34,34,34,34,34,34,21,54,0],"gold":117,"neow_bonus":"TWO_FIFTY_GOLD","is_prod":false,"is_daily":false,"chose_seed":false,"campfire_upgraded":2,"win_rate":0,"timestamp":1562973864,"path_taken":["M","?","?","?","$","R","E","M","T","$","M","?","R","E","R","BOSS"],"build_version":"2019-07-05","purchased_purges":2,"victory":false,"max_hp_per_floor":[66,60,60,60,60,60,60,60,60,60,60,60,60,60,60,60],"card_choices":[{"not_picked":["Tactician","Outmaneuver"],"picked":"Dagger Throw","floor":1},{"not_picked":["Acrobatics","Reflex"],"picked":"Leg Sweep","floor":4},{"not_picked":["Prepared","Cloak And Dagger"],"picked":"Dagger Spray","floor":7},{"not_picked":["Acrobatics","Heel Hook"],"picked":"PiercingWail","floor":8},{"not_picked":["Poisoned Stab","Riddle With Holes"],"picked":"Accuracy","floor":11},{"not_picked":["Leg Sweep","Setup","Distraction"],"picked":"SKIP","floor":14}],"player_experience":851369,"relics_obtained":[{"floor":7,"key":"Regal Pillow"},{"floor":9,"key":"Darkstone Periapt"},{"floor":14,"key":"Letter Opener"}],"event_choices":[{"damage_healed":0,"gold_gain":0,"player_choice":"Lose Max HP","damage_taken":0,"relics_obtained":["Golden Idol"],"max_hp_gain":0,"max_hp_loss":6,"event_name":"Golden Idol","floor":2,"gold_loss":0},{"damage_healed":20,"gold_gain":0,"player_choice":"Banana","damage_taken":0,"max_hp_gain":0,"max_hp_loss":0,"event_name":"Big Fish","floor":3,"gold_loss":0},{"damage_healed":0,"gold_gain":0,"player_choice":"Searched \u00271\u0027 times","damage_taken":0,"max_hp_gain":0,"max_hp_loss":0,"event_name":"Dead Adventurer","floor":12,"gold_loss":0}],"is_beta":false,"boss_relics":[],"items_purged_floors":[5,10],"is_endless":false,"potions_floor_spawned":[1,11,14],"killed_by":"Hexaghost","ascension_level":16}