{"path_per_floor":["M","?","M","?","M","E","R","M","T","T","$","E","M","E","R","B",null,"M","M","?","M","?","E","$","R","T","R","M","E","$","M","R","B",null,"M","?","M","M","?","R","E","R","T","R","M","M","?","E","R","B"],"character_chosen":"IRONCLAD","items_purchased":[],"gold_per_floor":[99,99,99,99,99,99,99,99,99,99,24,24,24,24,24,24,24,24,24,24,24,0,0,0,0,0,0,0,0,0,0,0,0,0,0,0,0,0,0,0,0,0,0,0,0,0,0,0,0,0],"floor_reached":51,"campfire_rested":2,"playtime":4941,"item_purchase_floors":[],"current_hp_per_floor":[74,71,69,69,68,56,56,53,53,53,53,48,48,51,51,30,83,80,77,77,62,62,40,40,64,64,64,59,83,83,79,79,41,83,78,78,78,56,56,56,27,51,51,51,58,78,80,65,65,65],"items_purged":["Injury"],"gold":0,"score":765,"play_id":"e2fc85fd-27ae-4d62-9f3f-e00b95900b5d","local_time":"20180531164351","is_prod":false,"is_daily":false,"chose_seed":false,"is_ascension_mode":false,"campfire_upgraded":5,"win_rate":0.0,"timestamp":1527799431,"campfire_choices":[{"data":"Infernal Blade","floor":7,"key":"SMITH"},{"data":"Metallicize","floor":15,"key":"SMITH"},{"floor":25,"key":"REST"},{"data":"Limit Break","floor":27,"key":"SMITH"},{"data":"Infernal Blade","floor":32,"key":"SMITH"},{"data":"Heavy Blade","floor":40,"key":"SMITH"},{"floor":42,"key":"REST"},{"data":"Defend_R","floor":44,"key":"PURGE"},{"data":"Defend_R","floor":49,"key":"PURGE"}],"path_taken":["M","?","M","?","M","E","R","?","T","?","$","E","M","E","R","BOSS","M","M","?","M","?","E","?","R","T","R","M","E","$","M","R","BOSS","M","?","?","M","?","R","E","R","T","R","?","M","?","E","R","BOSS"],"build_version":"2018-05-24","seed_source_timestamp":24151716179249,"purchased_purges":1,"victory":true,"master_deck":["Strike_R","Strike_R","Defend_R","Bash","Metallicize+1","Headbutt","Heavy Blade+1","Infernal Blade+1","Armaments","Infernal Blade+1","Perfected Strike","Clash","Limit Break+1","Disarm+1","Warcry+1","Uppercut","Headbutt","Spot Weakness","Reaper","Rampage+1","Double Tap","Anger+1","Rupture","Flex+1","Pummel+1","Flex","Limit Break","Intimidate+1","Shockwave+1","Pummel"],"max_hp_per_floor":[80,80,80,80,80,80,80,80,80,80,80,80,80,83,83,83,83,83,83,83,83,83,83,83,83,83,83,83,83,83,83,83,83,83,83,83,83,83,83,83,83,83,83,83,83,83,83,83,83,83],"relics":["Ectoplasm","Orichalcum","Golden Idol","Ice Cream","Bottled Tornado","Gremlin Horn","Shuriken","Potion Belt","Astrolabe","Ancient Tea Set","Pen Nib","Anchor","Black Star","Red Mask","Gambling Chip","Charon\u0027s Ashes","Peace Pipe","Thread and Needle","Pantograph","Self Forming Clay"],"card_choices":[{"not_picked":["Cleave","Clothesline"],"picked":"Metallicize","floor":1},{"not_picked":["Power Through","Flex"],"picked":"Headbutt","floor":3},{"not_picked":["Metallicize","Ghostly Armor"],"picked":"Heavy Blade","floor":5},{"not_picked":["Rupture","Iron Wave"],"picked":"Infernal Blade","floor":6},{"not_picked":["Intimidate","Warcry"],"picked":"Armaments","floor":8},{"not_picked":["Searing Blow","Flame Barrier"],"picked":"Infernal Blade","floor":12},{"not_picked":["Pommel Strike","Flex"],"picked":"Perfected Strike","floor":13},{"not_picked":["Barricade","Iron Wave"],"picked":"Clash","floor":14},{"not_picked":["Dark Embrace","Fiend Fire"],"picked":"Limit Break","floor":16},{"not_picked":["Clothesline","Blood for Blood+1"],"picked":"Uppercut","floor":18},{"not_picked":["Iron Wave","Blood for Blood"],"picked":"Headbutt","floor":19},{"not_picked":["Body Slam","Clash","Fire Breathing+1"],"picked":"SKIP","floor":21},{"not_picked":["Dropkick+1","Entrench"],"picked":"Spot Weakness","floor":23},{"not_picked":["Body Slam","Thunderclap"],"picked":"Reaper","floor":28},{"not_picked":["Battle Trance","Flex+1"],"picked":"Rampage+1","floor":29},{"not_picked":["Metallicize","Hemokinesis","Entrench+1"],"picked":"SKIP","floor":31},{"not_picked":["Reaper","Feed"],"picked":"Double Tap","floor":33},{"not_picked":["Iron Wave+1","Shrug It Off"],"picked":"Anger+1","floor":35},{"not_picked":["Shrug It Off+1","Flame Barrier+1"],"picked":"Flex+1","floor":37},{"not_picked":["Battle Trance+1","Sword Boomerang"],"picked":"Pummel+1","floor":38},{"not_picked":["Perfected Strike","Dropkick"],"picked":"Flex","floor":41},{"not_picked":["Clash+1","Reckless Charge"],"picked":"Limit Break","floor":45},{"not_picked":["Pommel Strike","Power Through"],"picked":"Intimidate+1","floor":46},{"not_picked":["Feel No Pain+1","Sword Boomerang"],"picked":"Shockwave+1","floor":47},{"not_picked":["Infernal Blade+1","Flex+1"],"picked":"Pummel","floor":48}],"player_experience":5016,"potions_floor_usage":[14,16,21,38,41,41,45,48,50],"damage_taken":[{"damage":6,"enemies":"2 Louse","floor":1,"turns":3},{"damage":2,"enemies":"Jaw Worm","floor":3,"turns":3},{"damage":1,"enemies":"Small Slimes","floor":5,"turns":3},{"damage":12,"enemies":"Gremlin Nob","floor":6,"turns":4},{"damage":3,"enemies":"Exordium Wildlife","floor":8,"turns":2},{"damage":5,"enemies":"Lagavulin","floor":12,"turns":5},{"damage":0,"enemies":"Gremlin Gang","floor":13,"turns":2},{"damage":0,"enemies":"3 Sentries","floor":14,"turns":3},{"damage":21,"enemies":"Hexaghost","floor":16,"turns":5},{"damage":3,"enemies":"Shell Parasite","floor":18,"turns":6},{"damage":3,"enemies":"Chosen","floor":19,"turns":2},{"damage":15,"enemies":"Centurion and Healer","floor":21,"turns":6},{"damage":22,"enemies":"Book of Stabbing","floor":23,"turns":5},{"damage":5,"enemies":"Snake Plant","floor":28,"turns":2},{"damage":15,"enemies":"Gremlin Leader","floor":29,"turns":4},{"damage":4,"enemies":"Sentry and Sphere","floor":31,"turns":5},{"damage":38,"enemies":"Automaton","floor":33,"turns":6},{"damage":5,"enemies":"3 Shapes","floor":35,"turns":3},{"damage":0,"enemies":"Orb Walker","floor":37,"turns":3},{"damage":35,"enemies":"Maw","floor":38,"turns":6},{"damage":40,"enemies":"Giant Head","floor":41,"turns":7},{"damage":24,"enemies":"3 Darklings","floor":45,"turns":3},{"damage":11,"enemies":"4 Shapes","floor":46,"turns":3},{"damage":6,"enemies":"Mysterious Sphere","floor":47,"turns":3},{"damage":15,"enemies":"Nemesis","floor":48,"turns":5},{"damage":30,"enemies":"Awakened One","floor":50,"turns":7}],"relics_obtained":[{"floor":6,"key":"Ice Cream"},{"floor":9,"key":"Bottled Tornado"},{"floor":10,"key":"Gremlin Horn"},{"floor":12,"key":"Shuriken"},{"floor":14,"key":"Potion Belt"},{"floor":23,"key":"Ancient Tea Set"},{"floor":26,"key":"Pen Nib"},{"floor":29,"key":"Anchor"},{"floor":41,"key":"Gambling Chip"},{"floor":41,"key":"Charon\u0027s Ashes"},{"floor":43,"key":"Peace Pipe"},{"floor":47,"key":"Thread and Needle"},{"floor":48,"key":"Pantograph"},{"floor":48,"key":"Self Forming Clay"}],"event_choices":[{"event_name":"Scrap Ooze","player_choice":"success","floor":2,"damage_taken":3},{"event_name":"Golden Idol","player_choice":"Take Wound","floor":4,"damage_taken":0},{"event_name":"Back to Basics","player_choice":"Elegance","floor":20,"damage_taken":0},{"event_name":"Masked Bandits","player_choice":"Paid Bandits 24 gold","floor":22,"damage_taken":0},{"event_name":"Transmorgrifier","player_choice":"Transform","floor":36,"damage_taken":0},{"event_name":"Tomb of Lord Red Mask","player_choice":"Paid","floor":39,"damage_taken":0},{"event_name":"Mysterious Sphere","player_choice":"Fight","floor":47,"damage_taken":0}],"boss_relics":[{"not_picked":["Tiny House","Cursed Key"],"picked":"Astrolabe"},{"not_picked":["Orrery","Runic Dome"],"picked":"Black Star"}],"items_purged_floors":[11],"potions_floor_spawned":[3,5,6,16,28,31,33,35,41,46,47],"seed_played":"-764892622757443352","ascension_level":0,"potions_obtained":[{"floor":3,"key":"SkillPotion"},{"floor":5,"key":"Ancient Potion"},{"floor":6,"key":"Strength Potion"},{"floor":16,"key":"Energy Potion"},{"floor":28,"key":"Energy Potion"},{"floor":31,"key":"FearPotion"},{"floor":33,"key":"GamblersBrew"},{"floor":35,"key":"Explosive Potion"},{"floor":41,"key":"Weak Potion"},{"floor":46,"key":"SkillPotion"},{"floor":47,"key":"AttackPotion"}],"is_trial":false}