{"path_per_floor":["M","M","M","$","?","E","R","E","T","R","M","M","M","$","R","B",null,"M"],"character_chosen":"IRONCLAD","items_purchased":["Pommel Strike","Immolate"],"gold_per_floor":[109,121,141,15,15,41,41,66,120,120,139,159,171,30,30,133,133,147,147],"floor_reached":19,"campfire_rested":1,"playtime":1456,"item_purchase_floors":[],"current_hp_per_floor":[96,96,93,93,93,71,71,53,53,83,85,86,83,83,83,59,103,75,75],"items_purged":["Normality"],"gold":147,"score":204,"play_id":"7baee900-9b82-47d6-bc50-0c159cae7642","local_time":"20180612183058","is_prod":false,"is_daily":false,"chose_seed":false,"is_ascension_mode":false,"campfire_upgraded":2,"win_rate":0,"timestamp":1528842658,"campfire_choices":[{"data":"Infernal Blade","floor":7.0,"key":"SMITH"},{"floor":10.0,"key":"REST"},{"data":"Fire Breathing","floor":15.0,"key":"SMITH"}],"path_taken":["M","M","M","$","?","E","R","E","T","R","M","M","M","$","R","BOSS","M","$"],"build_version":"2018-06-07v3","seed_source_timestamp":0,"purchased_purges":1,"victory":false,"master_deck":["Strike_R","Strike_R","Strike_R","Strike_R","Strike_R","Defend_R+1","Defend_R+1","Defend_R","Defend_R","Bash","Fire Breathing+1","Thunderclap","Infernal Blade+1","Pommel Strike","Thunderclap","Headbutt","Spot Weakness","Shrug It Off","Cleave","Immolate","Impervious","Disarm"],"max_hp_per_floor":[96,96,96,96,96,96,96,103,103,103,103,103,103,103,103,103,103,103,103],"relics":["Black Blood","Question Card","War Paint","Strawberry","Bag of Marbles"],"card_choices":[{"not_picked":["Shrug It Off","Sword Boomerang"],"picked":"Fire Breathing","floor":1.0},{"not_picked":["Rampage","Rupture"],"picked":"Thunderclap","floor":2.0},{"not_picked":["Headbutt","Corruption"],"picked":"Infernal Blade","floor":3.0},{"not_picked":["Heavy Blade","Sword Boomerang","Burning Pact"],"picked":"Thunderclap","floor":6.0},{"not_picked":["Dual Wield","Heavy Blade","Pummel"],"picked":"Headbutt","floor":8.0},{"not_picked":["Dropkick","Ghostly Armor","Twin Strike"],"picked":"Spot Weakness","floor":11.0},{"not_picked":["True Grit","Entrench","Reckless Charge"],"picked":"Shrug It Off","floor":12.0},{"not_picked":["Clash","Fire Breathing","Pommel Strike"],"picked":"Cleave","floor":13.0},{"not_picked":["Brutality","Juggernaut","Dark Embrace"],"picked":"Impervious","floor":16.0},{"not_picked":["Shrug It Off","Warcry","Flame Barrier"],"picked":"Disarm","floor":18.0}],"player_experience":87029,"potions_floor_usage":[],"damage_taken":[{"damage":0.0,"enemies":"2 Louse","floor":1.0,"turns":3.0},{"damage":1.0,"enemies":"Cultist","floor":2.0,"turns":4.0},{"damage":9.0,"enemies":"Jaw Worm","floor":3.0,"turns":5.0},{"damage":28.0,"enemies":"3 Sentries","floor":6.0,"turns":7.0},{"damage":31.0,"enemies":"Lagavulin","floor":8.0,"turns":7.0},{"damage":4.0,"enemies":"Looter","floor":11.0,"turns":3.0},{"damage":5.0,"enemies":"2 Fungi Beasts","floor":12.0,"turns":3.0},{"damage":9.0,"enemies":"Gremlin Gang","floor":13.0,"turns":2.0},{"damage":30.0,"enemies":"Slime Boss","floor":16.0,"turns":6.0},{"damage":38.0,"enemies":"Shell Parasite","floor":18.0,"turns":6.0}],"relics_obtained":[{"floor":6.0,"key":"War Paint"},{"floor":8.0,"key":"Strawberry"},{"floor":9.0,"key":"Bag of Marbles"}],"event_choices":[{"event_name":"Wheel of Change","player_choice":"Relic","floor":5.0,"damage_taken":0.0}],"boss_relics":[{"not_picked":["Eternal Feather","Astrolabe"],"picked":"Black Blood"}],"items_purged_floors":[],"potions_floor_spawned":[1,3,11,13],"seed_played":"1633042112013067341","ascension_level":0,"potions_obtained":[{"floor":1.0,"key":"Ancient Potion"},{"floor":3.0,"key":"FearPotion"},{"floor":11.0,"key":"AttackPotion"},{"floor":13.0,"key":"Strength Potion"}],"is_trial":false}