{"gold_per_floor":[115,133,151,164,180,180,180,211,211,39,58,58,93,108,108,199,199,217,217,217,167,183,183,204,240,240,259,259,282,297,66,66,162,162,175,63,79,79,100,100,100,100,100,100,116,149,149,188,188,188,188],"floor_reached":51,"playtime":2119,"items_purged":["Normality"],"score":1703,"play_id":"3517d556-36ea-4801-83a8-02de1bdc0d80","local_time":"20190302151226","is_ascension_mode":true,"campfire_choices":[{"data":"Streamline","floor":6.0,"key":"SMITH"},{"floor":12.0,"key":"REST"},{"floor":15.0,"key":"REST"},{"data":"Hologram","floor":23.0,"key":"SMITH"},{"data":"Hologram","floor":28.0,"key":"SMITH"},{"data":"Hologram","floor":32.0,"key":"SMITH"},{"data":"Conserve Battery","floor":40.0,"key":"SMITH"},{"floor":49.0,"key":"REST"}],"neow_cost":"NONE","seed_source_timestamp":11727071365684,"circlet_count":0,"master_deck":["AscendersBane","Strike_B+1","Strike_B+1","Strike_B+1","Strike_B+1","Defend_B+1","Defend_B+1","Defend_B+1","Defend_B+1","Zap","Dualcast","Ball Lightning","Conserve Battery+1","Melter","All For One","Streamline+1","Hologram+1","Conserve Battery","Ball Lightning+1","Ball Lightning+1","Meteor Strike+1","Rebound+1","Compile Driver+1","Ball Lightning+1","Hologram+1","Ball Lightning+1","Hologram+1","Ball Lightning+1","Hyperbeam+1","Leap+1","Rebound+1","Conserve Battery","Streamline+1","Conserve Battery+1","Glacier","Hyperbeam+1","Ball Lightning+1"],"special_seed":0,"relics":["Snecko Eye","Golden Idol","Whetstone","Molten Egg 2","Orichalcum","Bottled Lightning","Cursed Key","Mercury Hourglass","Pear","Philosopher\u0027s Stone","DataDisk","Blue Candle"],"potions_floor_usage":[],"damage_taken":[{"damage":6.0,"enemies":"Cultist","floor":1.0,"turns":4.0},{"damage":2.0,"enemies":"Jaw Worm","floor":2.0,"turns":3.0},{"damage":1.0,"enemies":"Small Slimes","floor":3.0,"turns":3.0},{"damage":17.0,"enemies":"Exordium Wildlife","floor":4.0,"turns":6.0},{"damage":3.0,"enemies":"3 Louse","floor":5.0,"turns":3.0},{"damage":30.0,"enemies":"Gremlin Nob","floor":8.0,"turns":4.0},{"damage":0.0,"enemies":"Red Slaver","floor":11.0,"turns":1.0},{"damage":8.0,"enemies":"Lagavulin","floor":13.0,"turns":4.0},{"damage":0.0,"enemies":"Large Slime","floor":14.0,"turns":3.0},{"damage":0.0,"enemies":"Slime Boss","floor":16.0,"turns":6.0},{"damage":8.0,"enemies":"2 Thieves","floor":18.0,"turns":2.0},{"damage":0.0,"enemies":"Chosen","floor":22.0,"turns":3.0},{"damage":5.0,"enemies":"Snake Plant","floor":24.0,"turns":3.0},{"damage":0.0,"enemies":"Gremlin Leader","floor":25.0,"turns":3.0},{"damage":3.0,"enemies":"3 Cultists","floor":27.0,"turns":4.0},{"damage":7.0,"enemies":"Centurion and Healer","floor":29.0,"turns":3.0},{"damage":0.0,"enemies":"Sentry and Sphere","floor":30.0,"turns":2.0},{"damage":9.0,"enemies":"Collector","floor":33.0,"turns":3.0},{"damage":0.0,"enemies":"Orb Walker","floor":35.0,"turns":2.0},{"damage":0.0,"enemies":"3 Darklings","floor":37.0,"turns":3.0},{"damage":0.0,"enemies":"Sphere and 2 Shapes","floor":39.0,"turns":3.0},{"damage":0.0,"enemies":"Maw","floor":45.0,"turns":4.0},{"damage":17.0,"enemies":"Reptomancer","floor":46.0,"turns":4.0},{"damage":0.0,"enemies":"Giant Head","floor":48.0,"turns":5.0},{"damage":48.0,"enemies":"Donu and Deca","floor":50.0,"turns":8.0},{"damage":38,"enemies":"Time Eater","floor":51,"turns":3}],"seed_played":"403967696929511028","potions_obtained":[{"floor":1.0,"key":"Energy Potion"},{"floor":8.0,"key":"Swift Potion"},{"floor":11.0,"key":"Explosive Potion"},{"floor":13.0,"key":"SteroidPotion"},{"floor":14.0,"key":"LiquidBronze"},{"floor":24.0,"key":"EssenceOfSteel"},{"floor":35.0,"key":"Strength Potion"}],"is_trial":false,"path_per_floor":["M","M","M","M","M","R","?","E","T","$","M","R","E","M","R","B",null,"M","?","?","?","M","R","M","E","T","M","R","M","M","$","R","B",null,"M","$","M","$","M","R","T","?","T","?","M","E","?","E","R","B","B"],"character_chosen":"DEFECT","items_purchased":["Orichalcum","Hologram","Ball Lightning+1","Hello World","Rebound+1","Conserve Battery"],"campfire_rested":3,"item_purchase_floors":[10,31,31,31,36,36],"current_hp_per_floor":[58,56,55,38,35,35,35,5,5,5,5,24,16,16,35,35,57,49,49,49,49,49,49,44,44,54,51,51,44,44,44,44,35,64,64,64,64,64,64,64,64,64,64,64,64,47,47,47,69,21,0],"gold":188,"neow_bonus":"BOSS_RELIC","is_prod":false,"is_daily":false,"chose_seed":false,"campfire_upgraded":5,"win_rate":0,"timestamp":1551568346,"path_taken":["M","?","M","M","M","R","?","E","T","$","M","R","E","M","R","BOSS","M","?","?","?","M","R","M","E","T","M","R","M","M","$","R","BOSS","M","$","M","$","M","R","?","?","T","?","?","E","?","E","R","BOSS","BOSS"],"build_version":"2019-02-06","purchased_purges":1,"victory":false,"max_hp_per_floor":[71,71,71,71,71,71,64,64,64,64,64,64,64,64,64,64,64,64,64,64,64,64,64,64,64,74,74,74,74,74,74,74,74,74,74,74,74,74,74,74,74,74,74,74,74,74,74,74,74,74,74],"card_choices":[{"not_picked":["Double Energy","Steam"],"picked":"Ball Lightning","floor":1.0},{"not_picked":["Barrage","Go for the Eyes"],"picked":"Conserve Battery","floor":2.0},{"not_picked":["Go for the Eyes","Undo"],"picked":"Melter","floor":3.0},{"not_picked":["Rebound","White Noise"],"picked":"All For One","floor":4.0},{"not_picked":["Gash","Redo"],"picked":"Streamline","floor":5.0},{"not_picked":["Coolheaded","Conserve Battery"],"picked":"Hologram","floor":8.0},{"not_picked":["Reprogram","Rebound+1"],"picked":"Conserve Battery","floor":11.0},{"not_picked":["Stack","Tempest"],"picked":"Ball Lightning+1","floor":13.0},{"not_picked":["Turbo","Stack"],"picked":"Ball Lightning+1","floor":14.0},{"not_picked":["Core Surge+1","Thunder Strike+1"],"picked":"Meteor Strike+1","floor":16.0},{"not_picked":["Steam Power","Turbo"],"picked":"Rebound+1","floor":18.0},{"not_picked":["Capacitor","Sweeping Beam+1"],"picked":"Compile Driver+1","floor":24.0},{"not_picked":["Leap","Sweeping Beam+1"],"picked":"Ball Lightning+1","floor":25.0},{"not_picked":["Electrodynamics","Defragment+1"],"picked":"Hologram","floor":27.0},{"not_picked":["Go for the Eyes+1","Fusion+1"],"picked":"Ball Lightning+1","floor":30.0},{"not_picked":["Machine Learning","Amplify"],"picked":"Hyperbeam+1","floor":33.0},{"not_picked":["Gash+1","FTL+1"],"picked":"Leap+1","floor":35.0},{"not_picked":["Stack","Scrape+1"],"picked":"Streamline+1","floor":37.0},{"not_picked":["Beam Cell+1","Steam"],"picked":"Conserve Battery","floor":39.0},{"not_picked":["Barrage+1","Turbo"],"picked":"Glacier","floor":45.0},{"not_picked":["Reinforced Body","Conserve Battery"],"picked":"Hyperbeam+1","floor":46.0},{"not_picked":["Redo+1","Beam Cell+1"],"picked":"Ball Lightning+1","floor":48.0}],"player_experience":1268148,"relics_obtained":[{"floor":8.0,"key":"Whetstone"},{"floor":9.0,"key":"Molten Egg 2"},{"floor":13.0,"key":"Bottled Lightning"},{"floor":25.0,"key":"Mercury Hourglass"},{"floor":26.0,"key":"Pear"},{"floor":46.0,"key":"DataDisk"},{"floor":48.0,"key":"Blue Candle"}],"event_choices":[{"damage_healed":0.0,"max_hp_gain":0.0,"max_hp_loss":7.0,"gold_gain":0.0,"event_name":"Golden Idol","player_choice":"Lose Max HP","floor":7.0,"gold_loss":0.0,"damage_taken":0.0,"relics_obtained":["Golden Idol"]},{"damage_healed":0.0,"max_hp_gain":0.0,"max_hp_loss":0.0,"gold_gain":0.0,"event_name":"Ghosts","player_choice":"Ignored","floor":19.0,"gold_loss":0.0,"damage_taken":0.0},{"damage_healed":0.0,"max_hp_gain":0.0,"max_hp_loss":0.0,"gold_gain":0.0,"event_name":"Back to Basics","player_choice":"Simplicity","floor":20.0,"gold_loss":0.0,"damage_taken":0.0,"cards_upgraded":["Strike_B","Strike_B","Defend_B","Defend_B","Defend_B","Defend_B"]},{"damage_healed":0.0,"max_hp_gain":0.0,"max_hp_loss":0.0,"gold_gain":0.0,"event_name":"The Joust","player_choice":"Bet on Murderer","floor":21.0,"gold_loss":50.0,"damage_taken":0.0},{"cards_removed":["Hello World"],"damage_healed":0.0,"max_hp_gain":0.0,"max_hp_loss":0.0,"gold_gain":0.0,"event_name":"Falling","player_choice":"Removed Power","floor":42.0,"gold_loss":0.0,"damage_taken":0.0},{"damage_healed":0.0,"max_hp_gain":0.0,"max_hp_loss":0.0,"gold_gain":0.0,"event_name":"Upgrade Shrine","player_choice":"Upgraded","floor":44.0,"gold_loss":0.0,"damage_taken":0.0,"cards_upgraded":["Conserve Battery"]},{"damage_healed":0.0,"max_hp_gain":0.0,"max_hp_loss":0.0,"gold_gain":0.0,"event_name":"SensoryStone","player_choice":"Memory 1","floor":47.0,"gold_loss":0.0,"damage_taken":0.0}],"is_beta":true,"boss_relics":[{"not_picked":["Velvet Choker","Astrolabe"],"picked":"Cursed Key"},{"not_picked":["White Beast Statue","Calling Bell"],"picked":"Philosopher\u0027s Stone"}],"items_purged_floors":[31],"is_endless":false,"potions_floor_spawned":[1,8,11,13,14,24,25,29,35,45],"killed_by":"Time Eater","ascension_level":20}