{"gold_per_floor":[109,124,299,59,73,102,102,120,143,143,178,198,198,198,198,272,272,290,307,307,357,367,367,379,405,431,431,73,93,104,118,118,118],"floor_reached":33,"playtime":1493,"items_purged":[],"score":543,"play_id":"c9796e73-801c-4053-8f7a-cf29089957e5","local_time":"20180704193337","is_ascension_mode":true,"campfire_choices":[{"data":"Hologram","floor":7,"key":"SMITH"},{"data":"Sunder","floor":10,"key":"SMITH"},{"floor":13,"key":"REST"},{"data":"Undo","floor":15,"key":"SMITH"},{"data":"Hyperbeam","floor":23,"key":"SMITH"},{"data":"Self Repair","floor":27,"key":"SMITH"},{"floor":32,"key":"REST"}],"neow_cost":"","seed_source_timestamp":0,"circlet_count":0,"master_deck":["Strike_B","Strike_B","Defend_B","Defend_B","Defend_B","Zap","Dualcast","AscendersBane","Undo+1","Undo+1","Hologram+1","Sunder+1","Conserve Battery","Hyperbeam+1","Ball Lightning+1","Heatsinks+1","Ball Lightning+1","Self Repair+1","Leap+1","Glacier+1","Core Surge","Conserve Battery+1","White Noise","Auto Shields"],"special_seed":0,"relics":["Snecko Eye","Matryoshka","Potion Belt","Orichalcum","Omamori","DataDisk","Astrolabe","SsserpentHead","Ginger","Ancient Tea Set","War Paint","Bottled Flame","Tiny Chest"],"potions_floor_usage":[24,33,33,33,33],"damage_taken":[{"damage":14.0,"enemies":"Jaw Worm","floor":1.0,"turns":5.0},{"damage":0,"enemies":"Cultist","floor":2,"turns":4},{"damage":0,"enemies":"2 Louse","floor":5,"turns":4},{"damage":9,"enemies":"3 Sentries","floor":6,"turns":14},{"damage":5,"enemies":"2 Fungi Beasts","floor":8,"turns":5},{"damage":12,"enemies":"Gremlin Nob","floor":11,"turns":4},{"damage":0,"enemies":"3 Louse","floor":12,"turns":2},{"damage":0,"enemies":"The Guardian","floor":16,"turns":7},{"damage":0,"enemies":"3 Byrds","floor":18,"turns":3},{"damage":4,"enemies":"Shell Parasite","floor":19,"turns":5},{"damage":8,"enemies":"Centurion and Healer","floor":22,"turns":6},{"damage":1,"enemies":"Chosen and Byrds","floor":24,"turns":5},{"damage":23,"enemies":"Slavers","floor":25,"turns":6},{"damage":0,"enemies":"Sentry and Sphere","floor":29,"turns":1},{"damage":0,"enemies":"Slaver and Parasite","floor":30,"turns":1},{"damage":9,"enemies":"Centurion and Healer","floor":31,"turns":4},{"damage":78,"enemies":"Champ","floor":33,"turns":12}],"seed_played":"-8644638492004666817","potions_obtained":[{"floor":1,"key":"FearPotion"},{"floor":2,"key":"FearPotion"},{"floor":11,"key":"Block Potion"},{"floor":16,"key":"Poison Potion"},{"floor":31,"key":"SpeedPotion"}],"is_trial":false,"path_per_floor":["M","M","?","$","M","E","R","M","T","R","E","M","R","?","R","B",null,"M","M","?","?","M","R","M","E","T","R","$","M","M","M","R"],"character_chosen":"DEFECT","items_purchased":["Matryoshka","Bottled Flame","Tiny Chest"],"campfire_rested":2,"item_purchase_floors":[4,28,28],"current_hp_per_floor":[54,54,54,54,54,45,45,40,40,40,28,28,50,50,50,50,69,69,65,65,65,64,64,70,54,54,54,54,54,54,55,75,0],"gold":118,"neow_bonus":"","is_prod":false,"is_daily":false,"chose_seed":false,"campfire_upgraded":5,"win_rate":0,"timestamp":1530758017,"path_taken":["M","M","?","$","M","E","R","M","T","R","E","M","R","?","R","BOSS","M","M","?","?","M","R","M","E","T","R","$","M","M","M","R","BOSS"],"build_version":"2018-07-03","purchased_purges":0,"victory":false,"max_hp_per_floor":[75,75,75,75,75,75,75,75,75,75,75,75,75,75,75,75,75,75,75,75,75,75,75,75,75,75,75,75,75,75,75,75,75],"card_choices":[{"not_picked":["Rip and Tear","Stack"],"picked":"Undo","floor":1},{"not_picked":["Go for the Eyes","Steam"],"picked":"Undo","floor":2},{"not_picked":["Rebound","Beam Cell"],"picked":"Hologram","floor":6},{"not_picked":["Hologram","Melter"],"picked":"Sunder","floor":8},{"not_picked":["Reboot","Rip and Tear"],"picked":"Conserve Battery","floor":11},{"not_picked":["Amplify","Creative AI"],"picked":"Hyperbeam","floor":16},{"not_picked":["Sweeping Beam","Tempest"],"picked":"Leap","floor":22},{"not_picked":["Beam Cell","Coolheaded"],"picked":"Glacier+1","floor":24},{"not_picked":["Cold Snap","Compile Driver"],"picked":"Core Surge","floor":25},{"not_picked":["Streamline","Steam"],"picked":"Conserve Battery+1","floor":29},{"not_picked":["Skim","Redo"],"picked":"White Noise","floor":30},{"not_picked":["FTL","Gash"],"picked":"Auto Shields","floor":31}],"player_experience":497381,"relics_obtained":[{"floor":6,"key":"Potion Belt"},{"floor":9,"key":"Orichalcum"},{"floor":9,"key":"Omamori"},{"floor":11,"key":"DataDisk"},{"floor":25,"key":"Ginger"},{"floor":26,"key":"Ancient Tea Set"},{"floor":26,"key":"War Paint"}],"event_choices":[{"event_name":"Liars Game","player_choice":"agreed","floor":3,"damage_taken":0},{"event_name":"Living Wall","player_choice":"Forget","floor":14,"damage_taken":0},{"event_name":"FaceTrader","player_choice":"Trade","floor":20,"damage_taken":0},{"event_name":"The Library","player_choice":"Read","floor":21,"damage_taken":0}],"boss_relics":[{"not_picked":["Tiny House","Empty Cage"],"picked":"Astrolabe"}],"items_purged_floors":[],"is_endless":false,"potions_floor_spawned":[1,2,11,16,18,22,31],"killed_by":"Champ","ascension_level":13}