{"gold_per_floor":[115,65,81,97,107,107,126,161,161,161,171,189,222,232,232,232],"floor_reached":16,"playtime":526,"items_purged":[],"score":282,"play_id":"1172dcf3-4b2a-4dd7-a12b-1ab2d22067dc","local_time":"20190118002917","is_ascension_mode":true,"campfire_choices":[{"data":"Ball Lightning","floor":6,"key":"SMITH"},{"data":"Ball Lightning","floor":10,"key":"SMITH"},{"data":"Capacitor","floor":15,"key":"SMITH"}],"neow_cost":"NONE","seed_source_timestamp":173765606191572,"circlet_count":0,"master_deck":["AscendersBane","Strike_B","Strike_B","Strike_B","Strike_B","Defend_B","Defend_B","Defend_B","Defend_B","Zap","Dualcast","Leap","Cold Snap","Ball Lightning+1","Ball Lightning+1","Redo","Auto Shields","Conserve Battery","FTL","Capacitor+1"],"relics":["Coffee Dripper","Strawberry","Mummified Hand","Singing Bowl","Orichalcum"],"potions_floor_usage":[8,13],"damage_taken":[{"damage":7,"enemies":"Small Slimes","floor":1,"turns":4},{"damage":1,"enemies":"Cultist","floor":3,"turns":3},{"damage":7,"enemies":"Jaw Worm","floor":4,"turns":4},{"damage":18,"enemies":"Exordium Thugs","floor":5,"turns":5},{"damage":11,"enemies":"Large Slime","floor":7,"turns":5},{"damage":0,"enemies":"3 Sentries","floor":8,"turns":5},{"damage":9,"enemies":"3 Louse","floor":11,"turns":3},{"damage":0,"enemies":"Blue Slaver","floor":12,"turns":4},{"damage":4,"enemies":"Lagavulin","floor":13,"turns":7},{"damage":2,"enemies":"Large Slime","floor":14,"turns":4},{"damage":12,"enemies":"Hexaghost","floor":16,"turns":10}],"seed_played":"4702481207268709936","potions_obtained":[{"floor":4,"key":"Dexterity Potion"},{"floor":5,"key":"EssenceOfSteel"},{"floor":13,"key":"Explosive Potion"}],"is_trial":false,"path_per_floor":["M","?","M","M","M","R","M","E","T","R","M","M","E","M","R","B"],"character_chosen":"DEFECT","items_purchased":[],"campfire_rested":0,"item_purchase_floors":[],"current_hp_per_floor":[57,64,63,56,38,38,27,27,27,27,18,18,14,12,12,0],"gold":232,"neow_bonus":"BOSS_RELIC","is_prod":false,"is_daily":false,"chose_seed":false,"campfire_upgraded":3,"win_rate":0,"timestamp":1547800157,"path_taken":["M","?","M","M","?","R","M","E","T","R","M","M","E","M","R","BOSS"],"build_version":"2019-01-16","purchased_purges":0,"victory":false,"max_hp_per_floor":[71,78,78,78,78,78,78,78,78,78,78,78,78,78,78,78],"card_choices":[{"not_picked":["Rebound","Redo"],"picked":"Leap","floor":1},{"not_picked":["Hologram","Steam"],"picked":"Cold Snap","floor":3},{"not_picked":["Barrage","Chill"],"picked":"Ball Lightning","floor":4},{"not_picked":["Barrage","Hologram"],"picked":"Ball Lightning","floor":7},{"not_picked":["Darkness","Scrape"],"picked":"Redo","floor":8},{"not_picked":["Leap","Barrage"],"picked":"Auto Shields","floor":11},{"not_picked":["FTL","Go for the Eyes"],"picked":"Conserve Battery","floor":12},{"not_picked":["Buffer","Stack"],"picked":"FTL","floor":13},{"not_picked":["Stack","Barrage"],"picked":"Capacitor","floor":14}],"player_experience":1028539,"relics_obtained":[{"floor":8,"key":"Mummified Hand"},{"floor":9,"key":"Singing Bowl"},{"floor":13,"key":"Orichalcum"}],"event_choices":[{"damage_healed":0,"gold_gain":0,"player_choice":"Paid Gold","damage_taken":0,"relics_obtained":["Strawberry"],"max_hp_gain":0,"max_hp_loss":0,"event_name":"WeMeetAgain","floor":2,"gold_loss":50}],"is_beta":true,"boss_relics":[],"items_purged_floors":[],"is_endless":false,"potions_floor_spawned":[4,5,7,13],"killed_by":"Hexaghost","ascension_level":20}