{"path_per_floor":["M","?","M","$","M","R","E","?","T","R","E","R","E","M","R","B",null,"M","$","?","?","M","E","M","$","T","M","M","M","T","M","R"],"character_chosen":"DEFECT","items_purchased":["Bronze Scales","Sunder","Hello World","Toxic Egg 2"],"gold_per_floor":[110,285,305,41,53,53,113,169,218,218,253,253,279,296,296,397,397,397,73,73,0,0,0,0,0,0,0,0,0,0,0,0,0],"floor_reached":33,"campfire_rested":3,"playtime":2437,"item_purchase_floors":[4,4,19,19],"current_hp_per_floor":[75,75,73,73,73,73,62,50,50,50,38,60,49,47,69,30,75,73,73,59,59,59,18,24,24,24,28,19,18,18,27,51,0],"items_purged":["Doubt"],"gold":0,"score":287,"play_id":"b52c0b58-04a5-44bf-bc8e-20bb736182ac","local_time":"20180604220155","is_prod":false,"is_daily":false,"chose_seed":false,"is_ascension_mode":false,"campfire_upgraded":2,"win_rate":0,"timestamp":1528164115,"campfire_choices":[{"data":"Sunder","floor":6,"key":"SMITH"},{"data":"Fusion","floor":10,"key":"SMITH"},{"floor":12,"key":"REST"},{"floor":15,"key":"REST"},{"floor":32,"key":"REST"}],"path_taken":["M","?","M","$","M","R","E","?","T","R","E","R","E","M","R","BOSS","M","$","?","?","M","E","M","?","T","?","M","M","?","M","R","BOSS"],"build_version":"2018-05-31","seed_source_timestamp":45662291885546,"purchased_purges":1,"victory":false,"master_deck":["Strike_B","Strike_B","Strike_B","Strike_B","Defend_B","Defend_B","Defend_B","Defend_B","Zap","Dualcast","Seek","Reinforced Body","Go for the Eyes","Sunder+1","Ball Lightning","Steam","Fusion+1","White Noise","Rebound","FTL","Rainbow","Hello World","Streamline","Melter","Coolheaded+1","Rebound+1","Gash","Streamline","Machine Learning+1"],"max_hp_per_floor":[75,75,75,75,75,75,75,75,75,75,75,75,75,75,75,75,75,75,75,80,80,80,80,80,80,80,80,80,80,80,80,80,80],"relics":["Cracked Core","Bronze Scales","Tiny Chest","Lantern","Happy Flower","Mummified Hand","Shuriken","Ectoplasm","Toxic Egg 2","Meat on the Bone","Omamori","Frozen Egg 2"],"card_choices":[{"not_picked":["Chill","Cold Snap"],"picked":"Reinforced Body","floor":1},{"not_picked":["Sweeping Beam","Static Discharge"],"picked":"Go for the Eyes","floor":3},{"not_picked":["Scrape","Compile Driver"],"picked":"Ball Lightning","floor":5},{"not_picked":["Leap","Meteor Strike"],"picked":"Steam","floor":7},{"not_picked":["Stack","Turbo"],"picked":"Fusion","floor":8},{"not_picked":["Tempest","Scrape"],"picked":"White Noise","floor":11},{"not_picked":["Steam","Genetic Algorithm"],"picked":"Rebound","floor":13},{"not_picked":["Reinforced Body","Compile Driver"],"picked":"FTL","floor":14},{"not_picked":["Amplify","All For One"],"picked":"Rainbow","floor":16},{"not_picked":["Leap+1","Go for the Eyes","Sweeping Beam+1"],"picked":"SKIP","floor":18},{"not_picked":["Compile Driver","Rebound"],"picked":"Streamline","floor":22},{"not_picked":["Compile Driver","Loop"],"picked":"Melter","floor":23},{"not_picked":["Stack+1","Scrape+1"],"picked":"Coolheaded+1","floor":24},{"not_picked":["Go for the Eyes+1","Leap+1"],"picked":"Rebound+1","floor":27},{"not_picked":["FTL+1","Go for the Eyes"],"picked":"Gash","floor":28},{"not_picked":["Ball Lightning","Compile Driver+1"],"picked":"Streamline","floor":29},{"not_picked":["Go for the Eyes","Stack+1"],"picked":"Machine Learning+1","floor":31}],"player_experience":40289,"potions_floor_usage":[7,16,16,22,23,29,33],"damage_taken":[{"damage":0,"enemies":"Small Slimes","floor":1,"turns":3},{"damage":2,"enemies":"2 Louse","floor":3,"turns":3},{"damage":0,"enemies":"Jaw Worm","floor":5,"turns":3},{"damage":11,"enemies":"3 Sentries","floor":7,"turns":4},{"damage":12,"enemies":"Gremlin Nob","floor":8,"turns":4},{"damage":12,"enemies":"Gremlin Nob","floor":11,"turns":3},{"damage":11,"enemies":"3 Sentries","floor":13,"turns":5},{"damage":2,"enemies":"Looter","floor":14,"turns":2},{"damage":39,"enemies":"Hexaghost","floor":16,"turns":6},{"damage":2,"enemies":"3 Byrds","floor":18,"turns":2},{"damage":0,"enemies":"Spheric Guardian","floor":22,"turns":2},{"damage":41,"enemies":"Gremlin Leader","floor":23,"turns":5},{"damage":6,"enemies":"Chosen and Byrds","floor":24,"turns":5},{"damage":8,"enemies":"Snecko","floor":27,"turns":3},{"damage":21,"enemies":"Centurion and Healer","floor":28,"turns":5},{"damage":13,"enemies":"3 Cultists","floor":29,"turns":4},{"damage":3,"enemies":"Sentry and Sphere","floor":31,"turns":3},{"damage":58,"enemies":"Champ","floor":33,"turns":7}],"relics_obtained":[{"floor":7,"key":"Tiny Chest"},{"floor":9,"key":"Happy Flower"},{"floor":11,"key":"Mummified Hand"},{"floor":13,"key":"Shuriken"},{"floor":23,"key":"Meat on the Bone"},{"floor":26,"key":"Omamori"},{"floor":30,"key":"Frozen Egg 2"}],"event_choices":[{"event_name":"Liars Game","player_choice":"agreed","floor":2,"damage_taken":0},{"event_name":"Dead Adventurer","player_choice":"Searched \u00273\u0027 times","floor":8,"damage_taken":0},{"event_name":"Forgotten Altar","player_choice":"Shed Blood","floor":20,"damage_taken":0},{"event_name":"Masked Bandits","player_choice":"Paid Bandits 73 gold","floor":21,"damage_taken":0}],"boss_relics":[{"not_picked":["Astrolabe","Tiny House"],"picked":"Ectoplasm"}],"items_purged_floors":[4],"potions_floor_spawned":[1,5,13,16,18,24,28,29],"seed_played":"-1400237119481518233","killed_by":"Champ","ascension_level":0,"potions_obtained":[{"floor":1,"key":"LiquidBronze"},{"floor":5,"key":"AttackPotion"},{"floor":13,"key":"Poison Potion"},{"floor":16,"key":"Fire Potion"},{"floor":18,"key":"Dexterity Potion"},{"floor":24,"key":"SteroidPotion"},{"floor":28,"key":"Weak Potion"},{"floor":29,"key":"SmokeBomb"}],"is_trial":false}