{"gold_per_floor":[116,41,59,73,148,148,159,173,173,191,217,227,227,237,237,237],"floor_reached":16,"playtime":621,"items_purged":["Strike_R"],"score":156,"play_id":"426bb44e-380f-45de-9ff7-958fb6b07e3c","local_time":"20190728144103","is_ascension_mode":false,"campfire_choices":[{"data":"Bash","floor":6,"key":"SMITH"},{"data":"Pommel Strike","floor":13,"key":"SMITH"},{"floor":15,"key":"REST"}],"neow_cost":"NONE","seed_source_timestamp":1588776174977806,"circlet_count":0,"master_deck":["Strike_R","Strike_R","Strike_R","Defend_R","Defend_R","Defend_R","Defend_R","Bash+1","Pommel Strike+1"],"relics":["Burning Blood","Anchor","Centennial Puzzle"],"potions_floor_usage":[10,11,16],"damage_taken":[{"damage":7,"enemies":"2 Louse","floor":1,"turns":2},{"damage":6,"enemies":"Cultist","floor":3,"turns":3},{"damage":0,"enemies":"Small Slimes","floor":4,"turns":3},{"damage":10,"enemies":"Looter","floor":7,"turns":3},{"damage":16,"enemies":"Exordium Wildlife","floor":8,"turns":5},{"damage":0,"enemies":"3 Louse","floor":10,"turns":2},{"damage":26,"enemies":"Lagavulin","floor":11,"turns":5},{"damage":0,"enemies":"Looter","floor":12,"turns":2},{"damage":0,"enemies":"2 Fungi Beasts","floor":14,"turns":4}],"seed_played":"7752553397282989903","potions_obtained":[{"floor":7,"key":"Explosive Potion"},{"floor":8,"key":"Energy Potion"},{"floor":12,"key":"Block Potion"}],"is_trial":false,"path_per_floor":["M","$","M","M","?","R","M","M","T","M","E","M","R","M","R","B"],"character_chosen":"IRONCLAD","items_purchased":[],"campfire_rested":1,"item_purchase_floors":[],"current_hp_per_floor":[79,79,79,80,72,72,68,58,58,64,44,50,50,56,80,0],"gold":237,"neow_bonus":"TRANSFORM_CARD","is_prod":false,"is_daily":false,"chose_seed":false,"campfire_upgraded":2,"win_rate":0,"timestamp":1564342863,"path_taken":["M","$","M","M","?","R","M","M","T","M","E","M","R","?","R","BOSS"],"build_version":"2019-07-17","purchased_purges":1,"victory":false,"max_hp_per_floor":[80,80,80,80,80,80,80,80,80,80,80,80,80,80,80,80],"card_choices":[{"not_picked":["Anger","Disarm","Havoc"],"picked":"SKIP","floor":1},{"not_picked":["Clash","Searing Blow","Shrug It Off"],"picked":"SKIP","floor":3},{"not_picked":["Sentinel","Inflame","Perfected Strike"],"picked":"SKIP","floor":4},{"not_picked":["Seeing Red","Anger","Iron Wave"],"picked":"SKIP","floor":7},{"not_picked":["Shrug It Off","Pommel Strike","Twin Strike"],"picked":"SKIP","floor":8},{"not_picked":["Combust","Warcry","Shrug It Off"],"picked":"SKIP","floor":10},{"not_picked":["Carnage","Fire Breathing","True Grit"],"picked":"SKIP","floor":11},{"not_picked":["Heavy Blade","Perfected Strike","Carnage"],"picked":"SKIP","floor":12},{"not_picked":["Anger","Flex","Carnage"],"picked":"SKIP","floor":14}],"player_experience":922722,"relics_obtained":[{"floor":9,"key":"Anchor"},{"floor":11,"key":"Centennial Puzzle"}],"event_choices":[{"damage_healed":0,"gold_gain":75,"player_choice":"Touch","damage_taken":8,"max_hp_gain":0,"max_hp_loss":0,"event_name":"FaceTrader","floor":5,"gold_loss":0}],"is_beta":false,"boss_relics":[],"items_purged_floors":[2],"is_endless":false,"potions_floor_spawned":[7,8,12],"killed_by":"The Guardian","ascension_level":0}