{"gold_per_floor":[109,284,302,377,105,133,147,147,171,171,199,199,211,223,223,325,325],"floor_reached":17,"playtime":309,"items_purged":["Doubt"],"score":200,"play_id":"fb30876e-297c-4d8c-bd61-9fe8492dd1b8","local_time":"20190228191217","is_ascension_mode":true,"campfire_choices":[{"data":"Neutralize","floor":10,"key":"SMITH"},{"data":"Choke","floor":12,"key":"SMITH"},{"data":"Well Laid Plans","floor":15,"key":"SMITH"}],"neow_cost":"NONE","seed_source_timestamp":7341072004973,"circlet_count":0,"master_deck":["Defend_G","Defend_G","Defend_G","Defend_G","Defend_G","Strike_G","Strike_G","Survivor","Neutralize+1","Choke+1","Dash","Infinite Blades","Masterful Stab","Flash of Steel","Dash","Die Die Die","Clothesline+1","Leg Sweep","Well Laid Plans+1","Poisoned Stab","Glass Knife"],"relics":["Ring of the Snake","NeowsBlessing","Strawberry","Bronze Scales","Oddly Smooth Stone","Empty Cage"],"potions_floor_usage":[11],"damage_taken":[{"damage":0,"enemies":"Jaw Worm","floor":1,"turns":1},{"damage":0,"enemies":"Small Slimes","floor":3,"turns":1},{"damage":0,"enemies":"Gremlin Nob","floor":6,"turns":1},{"damage":0,"enemies":"2 Louse","floor":7,"turns":2},{"damage":8,"enemies":"3 Sentries","floor":11,"turns":6},{"damage":0,"enemies":"Exordium Thugs","floor":13,"turns":3},{"damage":10,"enemies":"Looter","floor":14,"turns":2},{"damage":21,"enemies":"The Guardian","floor":16,"turns":11}],"seed_played":"-146318379035350944","potions_obtained":[{"floor":7,"key":"SkillPotion"},{"floor":13,"key":"Ancient Potion"},{"floor":16,"key":"Explosive Potion"}],"is_trial":false,"path_per_floor":["M","?","M","?","$","E","M","?","T","R","E","R","M","M","R","B",null],"character_chosen":"THE_SILENT","items_purchased":["Infinite Blades","Masterful Stab","Flash of Steel"],"campfire_rested":0,"item_purchase_floors":[5,5,5],"current_hp_per_floor":[70,70,70,59,59,66,66,66,66,66,58,58,58,48,48,27,27],"gold":325,"neow_bonus":"THREE_ENEMY_KILL","is_prod":false,"is_daily":false,"chose_seed":false,"campfire_upgraded":3,"win_rate":0,"timestamp":1551409937,"path_taken":["M","?","M","?","$","E","M","?","T","R","E","R","?","M","R","BOSS"],"build_version":"2019-02-06","purchased_purges":1,"victory":false,"max_hp_per_floor":[70,70,70,70,70,77,77,77,77,77,77,77,77,77,77,77,77],"card_choices":[{"not_picked":["Blade Dance","Expertise"],"picked":"Choke","floor":1},{"not_picked":["Calculated Gamble","Dagger Throw"],"picked":"Dash","floor":3},{"not_picked":["Deflect","Outmaneuver"],"picked":"Dash","floor":6},{"not_picked":["Riddle With Holes","Sucker Punch"],"picked":"Die Die Die","floor":7},{"not_picked":["Cloak And Dagger","Concentrate"],"picked":"Leg Sweep","floor":11},{"not_picked":["Dagger Throw","Prepared"],"picked":"Well Laid Plans","floor":13},{"not_picked":["Deadly Poison","Bouncing Flask"],"picked":"Poisoned Stab","floor":14},{"not_picked":["Tools of the Trade","Grand Finale"],"picked":"Glass Knife","floor":16}],"player_experience":1232167,"relics_obtained":[{"floor":6,"key":"Strawberry"},{"floor":9,"key":"Bronze Scales"},{"floor":11,"key":"Oddly Smooth Stone"}],"event_choices":[{"damage_healed":0,"gold_gain":175,"player_choice":"AGREE","damage_taken":0,"max_hp_gain":0,"max_hp_loss":0,"event_name":"Liars Game","floor":2,"gold_loss":0,"cards_obtained":["Doubt"]},{"damage_healed":0,"gold_gain":75,"player_choice":"Gather Gold","damage_taken":11,"max_hp_gain":0,"max_hp_loss":0,"event_name":"World of Goop","floor":4,"gold_loss":0},{"cards_removed":["Strike_G"],"damage_healed":0,"gold_gain":0,"player_choice":"Took Card","damage_taken":0,"max_hp_gain":0,"max_hp_loss":0,"event_name":"NoteForYourself","floor":8,"gold_loss":0,"cards_obtained":["Clothesline"]}],"is_beta":true,"boss_relics":[{"not_picked":["Philosopher\u0027s Stone","Black Star"],"picked":"Empty Cage"}],"items_purged_floors":[5],"is_endless":false,"potions_floor_spawned":[7,13,16],"ascension_level":1}