{"gold_per_floor":[117,35,48,63,81,81,114,189,189,215,7,7,22,22,22,94,94,114,126,138,155,172,172,14,14,14,14],"floor_reached":27,"playtime":1274,"items_purged":["Strike_R"],"score":405,"play_id":"09c1af1f-5ba4-4382-ae07-58564651ef2f","local_time":"20190827185313","is_ascension_mode":true,"campfire_choices":[{"data":"Bash","floor":6.0,"key":"SMITH"},{"floor":12.0,"key":"REST"},{"data":"Havoc","floor":15.0,"key":"SMITH"},{"floor":23.0,"key":"REST"},{"data":"Shockwave","floor":25,"key":"SMITH"}],"neow_cost":"NONE","seed_source_timestamp":290058780382762,"circlet_count":0,"master_deck":["AscendersBane","Strike_R","Strike_R","Strike_R","Strike_R","Defend_R","Defend_R","Defend_R","Defend_R","Bash+1","Sword Boomerang","Cleave","Anger","Reckless Charge","Combust","Shrug It Off","Shockwave+1","Demon Form","Havoc+1","Headbutt","Impervious","Cleave","Thunderclap"],"special_seed":0,"relics":["Burning Blood","Question Card","Singing Bowl","Paper Frog","Velvet Choker","Vajra","Meat on the Bone"],"potions_floor_usage":[],"damage_taken":[{"damage":13.0,"enemies":"Jaw Worm","floor":1.0,"turns":5.0},{"damage":8.0,"enemies":"2 Louse","floor":3.0,"turns":2.0},{"damage":7.0,"enemies":"Small Slimes","floor":4.0,"turns":3.0},{"damage":14.0,"enemies":"Blue Slaver","floor":5.0,"turns":4.0},{"damage":13.0,"enemies":"Lagavulin","floor":7.0,"turns":4.0},{"damage":24.0,"enemies":"Gremlin Nob","floor":10.0,"turns":4.0},{"damage":6.0,"enemies":"2 Fungi Beasts","floor":13.0,"turns":3.0},{"damage":19.0,"enemies":"Hexaghost","floor":16.0,"turns":6.0},{"damage":16.0,"enemies":"2 Thieves","floor":18.0,"turns":3.0},{"damage":9.0,"enemies":"3 Byrds","floor":19.0,"turns":4.0},{"damage":16.0,"enemies":"Snecko","floor":20.0,"turns":4.0},{"damage":12.0,"enemies":"Chosen and Byrds","floor":21.0,"turns":4.0},{"damage":32.0,"enemies":"Sentry and Sphere","floor":22.0,"turns":6.0},{"damage":64,"enemies":"Book of Stabbing","floor":27,"turns":6}],"seed_played":"4756203706483163266","potions_obtained":[{"floor":3.0,"key":"Ancient Potion"},{"floor":10.0,"key":"Poison Potion"},{"floor":13.0,"key":"FairyPotion"},{"floor":18.0,"key":"AttackPotion"},{"floor":21.0,"key":"AttackPotion"}],"is_trial":false,"path_per_floor":["M","$","M","M","M","R","E","?","T","E","$","R","M","?","R","B",null,"M","M","M","M","M","R","$","R","T","E"],"character_chosen":"IRONCLAD","items_purchased":["Cleave","PowerPotion","Demon Form","Havoc","Vajra"],"campfire_rested":2,"item_purchase_floors":[2,2,11,11,24],"current_hp_per_floor":[68,68,66,65,57,57,50,39,39,21,21,45,45,50,50,37,75,65,64,54,50,26,53,53,53,53,0],"gold":14,"neow_bonus":"TEN_PERCENT_HP_BONUS","is_prod":false,"is_daily":false,"chose_seed":false,"campfire_upgraded":3,"win_rate":0,"timestamp":1566957193,"path_taken":["M","$","M","M","M","R","E","?","T","E","$","R","M","?","R","BOSS","M","M","M","M","M","R","$","R","T","E"],"build_version":"2019-07-17","purchased_purges":1,"victory":false,"max_hp_per_floor":[82,82,82,82,82,82,82,82,82,82,82,82,82,87,87,87,87,87,89,89,91,93,93,93,93,93,93],"card_choices":[{"not_picked":["Clothesline","Armaments"],"picked":"Sword Boomerang","floor":1.0},{"not_picked":["True Grit","Feel No Pain"],"picked":"Anger","floor":3.0},{"not_picked":["Flex","True Grit"],"picked":"Reckless Charge","floor":4.0},{"not_picked":["Twin Strike","Flex"],"picked":"Combust","floor":5.0},{"not_picked":["Battle Trance","Feel No Pain"],"picked":"Shrug It Off","floor":7.0},{"not_picked":["Exhume","Anger","Havoc"],"picked":"Shockwave","floor":10.0},{"not_picked":["Flex","Twin Strike","Warcry"],"picked":"Headbutt","floor":13.0},{"not_picked":["Demon Form","Dark Embrace","Bludgeon"],"picked":"Impervious","floor":16.0},{"not_picked":["Sword Boomerang","Iron Wave","True Grit"],"picked":"Cleave","floor":18.0},{"not_picked":["Perfected Strike","Rage","Armaments","Ghostly Armor"],"picked":"Singing Bowl","floor":19.0},{"not_picked":["Clothesline","Battle Trance","Reckless Charge"],"picked":"Thunderclap","floor":20.0},{"not_picked":["Sword Boomerang","Dropkick","Anger","Combust"],"picked":"Singing Bowl","floor":21.0},{"not_picked":["Pommel Strike+1","Clothesline","Iron Wave","Armaments"],"picked":"Singing Bowl","floor":22.0}],"player_experience":740109,"relics_obtained":[{"floor":7.0,"key":"Question Card"},{"floor":9.0,"key":"Singing Bowl"},{"floor":10.0,"key":"Paper Frog"},{"floor":26,"key":"Meat on the Bone"}],"event_choices":[{"damage_healed":0.0,"max_hp_gain":0.0,"max_hp_loss":0.0,"gold_gain":75.0,"event_name":"World of Goop","player_choice":"Gather Gold","floor":8.0,"gold_loss":0.0,"damage_taken":11.0},{"damage_healed":0.0,"max_hp_gain":5.0,"max_hp_loss":0.0,"gold_gain":0.0,"event_name":"Big Fish","player_choice":"Donut","floor":14.0,"gold_loss":0.0,"damage_taken":0.0}],"is_beta":false,"boss_relics":[{"not_picked":["Eternal Feather","Calling Bell"],"picked":"Velvet Choker"}],"items_purged_floors":[11],"is_endless":false,"potions_floor_spawned":[3,10,13,18,21],"killed_by":"Book of Stabbing","ascension_level":16}