{"gold_per_floor":[109,59,70,70,83,83,8,8,8,26,26,38,66,76,76,172,172,191,51,63,63,78,78,94,108,161,188,188],"floor_reached":28,"playtime":1689,"items_purged":["astrologer:Strike"],"score":267,"play_id":"21c51537-d222-4031-b66a-7e3081d570bc","local_time":"20190725174727","is_ascension_mode":false,"campfire_choices":[{"data":"astrologer:DarkMatter","floor":6,"key":"SMITH"},{"data":"astrologer:TheFool","floor":8,"key":"SMITH"},{"data":"astrologer:Opposition","floor":11,"key":"SMITH"},{"data":"astrologer:Radiance","floor":15,"key":"SMITH"},{"data":"astrologer:Nova","floor":23,"key":"SMITH"}],"neow_cost":"NONE","seed_source_timestamp":92253163149078,"circlet_count":0,"master_deck":["astrologer:Strike","astrologer:Strike","astrologer:Defend+1","astrologer:Defend","astrologer:Defend","astrologer:Defend","astrologer:NorthStar","astrologer:TheFool+1","astrologer:FrozenStar","astrologer:CometStrike+1","astrologer:DarkMatter+1","astrologer:Opposition+1","astrologer:SolarFlare","astrologer:HeatDeath","astrologer:Radiance+1","astrologer:Wish","astrologer:Conjunction","astrologer:Nova+1","astrologer:SolarFlare","astrologer:SpaceDust+1","astrologer:StarOfCourage","astrologer:LonelyStar+1","Regret","astrologer:ShootingStar"],"relics":["astrologer:SkyMirror","NeowsBlessing","Meat on the Bone","Happy Flower","Cursed Key","Art of War","Juzu Bracelet"],"potions_floor_usage":[16,20,25,27,28],"damage_taken":[{"damage":0,"enemies":"2 Louse","floor":1,"turns":1},{"damage":0,"enemies":"Small Slimes","floor":3,"turns":1},{"damage":0,"enemies":"Jaw Worm","floor":5,"turns":1},{"damage":0,"enemies":"Exordium Thugs","floor":10,"turns":5},{"damage":0,"enemies":"Gremlin Gang","floor":12,"turns":5},{"damage":0,"enemies":"Lagavulin","floor":13,"turns":4},{"damage":1,"enemies":"Lots of Slimes","floor":14,"turns":4},{"damage":16,"enemies":"The Guardian","floor":16,"turns":9},{"damage":11,"enemies":"2 Thieves","floor":18,"turns":3},{"damage":0,"enemies":"Spheric Guardian","floor":20,"turns":4},{"damage":6,"enemies":"Cultist and Chosen","floor":22,"turns":6},{"damage":7,"enemies":"Centurion and Healer","floor":24,"turns":7},{"damage":17,"enemies":"Chosen and Byrds","floor":25,"turns":6},{"damage":34,"enemies":"Slavers","floor":27,"turns":6},{"damage":28,"enemies":"Sentry and Sphere","floor":28,"turns":6}],"seed_played":"-766689098677218742","potions_obtained":[{"floor":10,"key":"Energy Potion"},{"floor":13,"key":"Fire Potion"},{"floor":16,"key":"PowerPotion"},{"floor":18,"key":"SkillPotion"},{"floor":22,"key":"Swift Potion"}],"is_trial":false,"path_per_floor":["M","?","M","?","M","R","$","R","T","M","R","M","E","M","R","B",null,"M","$","M","?","M","R","M","M","T","E","M"],"character_chosen":"ASTROLOGER","items_purchased":["astrologer:Nova"],"campfire_rested":0,"item_purchase_floors":[19],"current_hp_per_floor":[70,70,70,56,56,56,56,56,56,56,56,56,56,55,55,39,70,59,59,59,59,53,53,46,41,41,19,0],"gold":188,"neow_bonus":"THREE_ENEMY_KILL","is_prod":false,"is_daily":false,"chose_seed":false,"campfire_upgraded":5,"win_rate":0.0,"timestamp":1564044447,"path_taken":["M","?","M","?","M","R","?","R","T","?","R","M","E","?","R","BOSS","M","?","M","?","M","R","M","M","T","E","M"],"build_version":"2019-07-17","purchased_purges":1,"victory":false,"max_hp_per_floor":[70,70,70,70,70,70,70,70,70,70,70,70,70,70,70,70,70,70,70,70,70,70,70,70,70,70,70,70],"card_choices":[{"not_picked":["astrologer:Still","astrologer:TheLovers"],"picked":"astrologer:FrozenStar","floor":1},{"not_picked":["astrologer:Fireball","astrologer:SpaceDust"],"picked":"astrologer:CometStrike","floor":3},{"not_picked":["astrologer:Eclipse","astrologer:MeteorShower"],"picked":"astrologer:DarkMatter","floor":5},{"not_picked":["astrologer:Moonlight","astrologer:Cataclysm"],"picked":"astrologer:Opposition","floor":10},{"not_picked":["astrologer:SpaceDust","astrologer:Confirmation"],"picked":"astrologer:SolarFlare","floor":12},{"not_picked":["astrologer:StarOfChange","astrologer:Conjunction"],"picked":"astrologer:HeatDeath","floor":13},{"not_picked":["astrologer:SpaceDust","astrologer:Shine"],"picked":"astrologer:Radiance","floor":14},{"not_picked":["astrologer:TheWorld","astrologer:WheelofFortune"],"picked":"astrologer:Wish","floor":16},{"not_picked":["astrologer:Radiance+1","astrologer:Judgement"],"picked":"astrologer:Conjunction","floor":18},{"not_picked":["astrologer:ReadTheStars+1","astrologer:Stardust"],"picked":"astrologer:SolarFlare","floor":20},{"not_picked":["astrologer:Conjunction","astrologer:Still"],"picked":"astrologer:SpaceDust+1","floor":22},{"not_picked":["astrologer:Radiance","astrologer:Cataclysm"],"picked":"astrologer:StarOfCourage","floor":24},{"not_picked":["astrologer:Moonlight","astrologer:MeteorShower"],"picked":"astrologer:LonelyStar+1","floor":25},{"not_picked":["astrologer:Opposition","astrologer:Confirmation"],"picked":"astrologer:ShootingStar","floor":27}],"player_experience":114535,"relics_obtained":[{"floor":9,"key":"Meat on the Bone"},{"floor":13,"key":"Happy Flower"},{"floor":26,"key":"Art of War"},{"floor":27,"key":"Juzu Bracelet"}],"event_choices":[{"cards_removed":["astrologer:Strike"],"damage_healed":0,"gold_gain":0,"player_choice":"Card Removal","damage_taken":0,"max_hp_gain":0,"max_hp_loss":0,"event_name":"The Cleric","floor":2,"gold_loss":50},{"damage_healed":0,"gold_gain":0,"player_choice":"Entered Light","damage_taken":14,"max_hp_gain":0,"max_hp_loss":0,"event_name":"Shining Light","floor":4,"gold_loss":0,"cards_upgraded":["astrologer:Defend","astrologer:CometStrike"]}],"is_beta":false,"boss_relics":[{"not_picked":["Coffee Dripper","Fusion Hammer"],"picked":"Cursed Key"}],"items_purged_floors":[7],"is_endless":false,"potions_floor_spawned":[10,13,16,18,22,24],"killed_by":"Sentry and Sphere","ascension_level":0}