{"gold_per_floor":[119,119,43,43,58,90,90,116,190,222,235,235,235],"floor_reached":13,"playtime":223,"items_purged":[],"score":252,"play_id":"bf16e939-51d8-4c34-a0a8-7c22a7a16a13","local_time":"20190127005931","is_ascension_mode":true,"campfire_choices":[{"floor":7,"key":"DIG"},{"floor":12,"key":"DIG"}],"neow_cost":"NONE","seed_source_timestamp":364340778438872,"circlet_count":0,"master_deck":["AscendersBane","Strike_B","Strike_B","Strike_B","Defend_B","Defend_B","Defend_B","Defend_B","Zap","Dualcast","Streamline","All For One","Coolheaded","Beam Cell","Turbo","Defragment+1","Coolheaded"],"relics":["Cracked Core","NeowsBlessing","Frozen Egg 2","Shovel","Incense Burner","Vajra","Matryoshka","Anchor","Centennial Puzzle"],"potions_floor_usage":[13],"damage_taken":[{"damage":0,"enemies":"Cultist","floor":1,"turns":1},{"damage":0,"enemies":"Small Slimes","floor":5,"turns":1},{"damage":0,"enemies":"3 Sentries","floor":6,"turns":1},{"damage":34,"enemies":"Gremlin Nob","floor":8,"turns":4},{"damage":9,"enemies":"Lagavulin","floor":10,"turns":5},{"damage":0,"enemies":"Jaw Worm","floor":11,"turns":2},{"damage":23,"enemies":"Gremlin Nob","floor":13,"turns":3}],"seed_played":"1269340436957613402","potions_obtained":[{"floor":5,"key":"Dexterity Potion"},{"floor":8,"key":"Ancient Potion"}],"is_trial":false,"path_per_floor":["M","T","$","?","M","E","R","E","T","E","M","R","E"],"character_chosen":"DEFECT","items_purchased":["All For One"],"campfire_rested":0,"item_purchase_floors":[3],"current_hp_per_floor":[64,64,64,64,64,64,64,30,30,21,21,21,0],"gold":235,"neow_bonus":"THREE_ENEMY_KILL","is_prod":false,"is_daily":false,"chose_seed":false,"campfire_upgraded":0,"win_rate":0,"timestamp":1548579571,"path_taken":["M","?","$","?","?","E","R","E","T","E","M","R","E"],"build_version":"2019-01-23","purchased_purges":0,"victory":false,"max_hp_per_floor":[71,71,71,71,71,71,71,71,71,71,71,71,71],"card_choices":[{"not_picked":["Steam","Hologram"],"picked":"Streamline","floor":1},{"not_picked":["Stack","Melter"],"picked":"Coolheaded","floor":5},{"not_picked":["BootSequence","Rip and Tear"],"picked":"Beam Cell","floor":6},{"not_picked":["Sweeping Beam","Barrage"],"picked":"Turbo","floor":8},{"not_picked":["Loop+1","Coolheaded"],"picked":"Defragment+1","floor":10},{"not_picked":["Stack","Sweeping Beam"],"picked":"Coolheaded","floor":11}],"player_experience":1058639,"relics_obtained":[{"floor":2,"key":"Frozen Egg 2"},{"floor":6,"key":"Shovel"},{"floor":7,"key":"Incense Burner"},{"floor":8,"key":"Vajra"},{"floor":9,"key":"Matryoshka"},{"floor":10,"key":"Anchor"},{"floor":12,"key":"Centennial Puzzle"}],"event_choices":[{"cards_removed":["Strike_B"],"damage_healed":0,"gold_gain":0,"player_choice":"Card Removal","damage_taken":0,"max_hp_gain":0,"max_hp_loss":0,"event_name":"Wheel of Change","floor":4,"gold_loss":0}],"is_beta":true,"boss_relics":[],"items_purged_floors":[],"is_endless":false,"potions_floor_spawned":[5,8,10],"killed_by":"Gremlin Nob","ascension_level":20}