{"gold_per_floor":[111,111,126,126,140,140,46,46,73,113,128,128,146,180,180,273,273,273],"floor_reached":18,"playtime":423,"items_purged":[],"score":340,"play_id":"4f89ccb6-48b7-40a7-961d-7e771c118130","local_time":"20190213175332","is_ascension_mode":true,"campfire_choices":[{"data":"Zap","floor":6,"key":"SMITH"},{"data":"Ball Lightning","floor":8,"key":"SMITH"},{"data":"Streamline","floor":12,"key":"SMITH"},{"data":"Beam Cell","floor":15,"key":"SMITH"}],"neow_cost":"NONE","seed_source_timestamp":0,"circlet_count":0,"master_deck":["AscendersBane","Strike_B","Strike_B","Strike_B","Strike_B","Defend_B","Defend_B","Defend_B","Defend_B","Zap+1","Dualcast","Rebound","Ball Lightning+1","White Noise","Streamline+1","Beam Cell+1","Echo Form"],"special_seed":0,"relics":["Busted Crown","Golden Idol","Bag of Preparation","Orichalcum","Bottled Lightning","Snecko Eye"],"potions_floor_usage":[10,10,13],"damage_taken":[{"damage":2,"enemies":"Jaw Worm","floor":1,"turns":4},{"damage":7,"enemies":"Small Slimes","floor":3,"turns":3},{"damage":1,"enemies":"Cultist","floor":5,"turns":3},{"damage":20,"enemies":"3 Sentries","floor":10,"turns":4},{"damage":4,"enemies":"Red Slaver","floor":11,"turns":3},{"damage":1,"enemies":"Lots of Slimes","floor":13,"turns":2},{"damage":2,"enemies":"Gremlin Nob","floor":14,"turns":3},{"damage":21,"enemies":"Hexaghost","floor":16,"turns":6},{"damage":63,"enemies":"Shell Parasite","floor":18,"turns":6}],"seed_played":"-977552734713931169","potions_obtained":[{"floor":1,"key":"SteroidPotion"},{"floor":3,"key":"Fire Potion"},{"floor":10,"key":"SteroidPotion"}],"is_trial":false,"path_per_floor":["M","?","M","?","M","R","$","R","T","E","M","R","M","E","R","B",null,"M"],"character_chosen":"DEFECT","items_purchased":["Ball Lightning","White Noise"],"campfire_rested":0,"item_purchase_floors":[7,7],"current_hp_per_floor":[62,62,55,64,63,63,63,63,63,43,39,39,38,36,36,15,52,0],"gold":273,"neow_bonus":"BOSS_RELIC","is_prod":false,"is_daily":false,"chose_seed":false,"campfire_upgraded":4,"win_rate":0,"timestamp":1550109212,"path_taken":["M","?","M","?","?","R","?","R","T","E","?","R","M","E","R","BOSS","M"],"build_version":"2019-02-06","purchased_purges":0,"victory":false,"max_hp_per_floor":[71,64,64,64,64,64,64,64,64,64,64,64,64,64,64,64,64,64],"card_choices":[{"not_picked":[],"picked":"Rebound","floor":5},{"not_picked":[],"picked":"Streamline","floor":10},{"not_picked":[],"picked":"Beam Cell","floor":14},{"not_picked":[],"picked":"Echo Form","floor":16}],"player_experience":1158923,"relics_obtained":[{"floor":9,"key":"Bag of Preparation"},{"floor":10,"key":"Orichalcum"},{"floor":14,"key":"Bottled Lightning"}],"event_choices":[{"damage_healed":0,"gold_gain":0,"player_choice":"Lose Max HP","damage_taken":0,"relics_obtained":["Golden Idol"],"max_hp_gain":0,"max_hp_loss":7,"event_name":"Golden Idol","floor":2,"gold_loss":0},{"damage_healed":9,"gold_gain":0,"player_choice":"Full Heal","damage_taken":0,"max_hp_gain":0,"max_hp_loss":0,"event_name":"Wheel of Change","floor":4,"gold_loss":0}],"is_beta":true,"boss_relics":[{"not_picked":["Sozu","Black Star"],"picked":"Snecko Eye"}],"items_purged_floors":[],"is_endless":false,"potions_floor_spawned":[1,3,10],"killed_by":"Shell Parasite","ascension_level":20}