{"gold_per_floor":[99,99,99,25,25,25,25,0,0,0,0,0,0,0,0,0],"floor_reached":16,"playtime":401,"items_purged":[],"score":189,"play_id":"204cf627-b833-41ad-bbf2-c5ddd5e67532","local_time":"20180711000932","is_ascension_mode":true,"campfire_choices":[{"data":"Neutralize","floor":6,"key":"SMITH"},{"data":"Dagger Throw","floor":10,"key":"SMITH"},{"floor":12,"key":"REST"},{"floor":15,"key":"REST"}],"neow_cost":"NONE","seed_source_timestamp":195741238725766,"circlet_count":0,"master_deck":["Defend_G","Defend_G","Defend_G","Defend_G","Defend_G","Strike_G","Strike_G","Strike_G","Strike_G","Strike_G","Survivor","Neutralize+1","AscendersBane","Dagger Throw+1","Heel Hook","Heel Hook","Blur","Quick Slash","Tools of the Trade","Malaise"],"relics":["Ectoplasm","Matryoshka","Omamori","Bottled Tornado","Bag of Preparation"],"potions_floor_usage":[],"damage_taken":[{"damage":0,"enemies":"Jaw Worm","floor":1,"turns":4},{"damage":7,"enemies":"Small Slimes","floor":2,"turns":4},{"damage":0,"enemies":"Cultist","floor":3,"turns":3},{"damage":6,"enemies":"Exordium Wildlife","floor":5,"turns":4},{"damage":15,"enemies":"Lagavulin","floor":7,"turns":9},{"damage":1,"enemies":"Looter","floor":8,"turns":4},{"damage":24,"enemies":"Gremlin Nob","floor":11,"turns":5},{"damage":0,"enemies":"Hexaghost","floor":16,"turns":8}],"seed_played":"4022591796270144250","potions_obtained":[{"floor":7,"key":"Ancient Potion"},{"floor":11,"key":"SneckoOil"}],"is_trial":false,"path_per_floor":["M","M","M","$","M","R","E","M","T","R","E","R","?","$","R"],"character_chosen":"THE_SILENT","items_purchased":["Blur"],"campfire_rested":2,"item_purchase_floors":[4],"current_hp_per_floor":[59,52,52,52,46,46,31,30,30,30,6,25,14,14,33,33],"gold":0,"neow_bonus":"BOSS_RELIC","is_prod":false,"is_daily":false,"chose_seed":false,"campfire_upgraded":2,"win_rate":0,"timestamp":1531292972,"path_taken":["M","M","M","$","M","R","E","M","T","R","E","R","?","$","R","BOSS"],"build_version":"2018-07-09","purchased_purges":0,"victory":false,"max_hp_per_floor":[66,66,66,66,66,66,66,66,66,66,66,66,66,66,66,66],"card_choices":[{"not_picked":["Bane","Poisoned Stab"],"picked":"Dagger Throw","floor":1},{"not_picked":["Outmaneuver","PiercingWail"],"picked":"Heel Hook","floor":2},{"not_picked":["Finisher","Deflect"],"picked":"Heel Hook","floor":3},{"not_picked":["Dagger Throw","Calculated Gamble"],"picked":"Quick Slash","floor":7},{"not_picked":["Flying Knee","Flechettes"],"picked":"Tools of the Trade","floor":8},{"not_picked":["PiercingWail","All Out Attack"],"picked":"Malaise","floor":11}],"player_experience":577511,"relics_obtained":[{"floor":7,"key":"Matryoshka"},{"floor":9,"key":"Omamori"},{"floor":9,"key":"Bottled Tornado"},{"floor":11,"key":"Bag of Preparation"}],"event_choices":[{"event_name":"Scrap Ooze","player_choice":"unsuccessful","floor":13,"damage_taken":11}],"boss_relics":[],"items_purged_floors":[],"is_endless":false,"potions_floor_spawned":[7,11],"killed_by":"Hexaghost","ascension_level":15}