{"gold_per_floor":[114,126,144,109,109,109,136,148,148,148,159,186,30,50,50,127,127,144,164,182,182,56,56,111,111,111,111,127,103,121,148,148,148],"floor_reached":33,"playtime":1903,"items_purged":["Strike_B"],"score":642,"play_id":"29eb2f61-958c-41cc-95da-93cc5150d8f9","local_time":"20190826235436","is_ascension_mode":true,"campfire_choices":[{"data":"Biased Cognition","floor":6.0,"key":"SMITH"},{"data":"Zap","floor":10.0,"key":"SMITH"},{"data":"Seek","floor":15.0,"key":"SMITH"},{"data":"Fission","floor":23.0,"key":"SMITH"},{"data":"Pain","floor":27.0,"key":"PURGE"},{"floor":32.0,"key":"REST"}],"neow_cost":"TEN_PERCENT_HP_LOSS","seed_source_timestamp":220905515689336,"circlet_count":0,"master_deck":["AscendersBane","Strike_B","Strike_B","Strike_B","Defend_B","Defend_B","Defend_B","Defend_B","Zap+1","Dualcast","Seek+1","Compile Driver","Compile Driver","Biased Cognition+1","Conserve Battery","Cold Snap","Storm","Recycle","Chill","Loop","Creative AI","Coolheaded","Fission+1","Shame","Storm","Genetic Algorithm","Undo","Glacier","Conserve Battery","Darkness+1"],"special_seed":0,"relics":["Cracked Core","Mercury Hourglass","Ice Cream","Peace Pipe","Anchor","Cursed Key","Letter Opener","Tiny Chest","Symbiotic Virus","Shuriken"],"potions_floor_usage":[],"damage_taken":[{"damage":8.0,"enemies":"Small Slimes","floor":1.0,"turns":3.0},{"damage":9.0,"enemies":"Jaw Worm","floor":2.0,"turns":4.0},{"damage":1.0,"enemies":"Cultist","floor":3.0,"turns":3.0},{"damage":10.0,"enemies":"Gremlin Nob","floor":7.0,"turns":3.0},{"damage":0.0,"enemies":"Exordium Thugs","floor":8.0,"turns":2.0},{"damage":0.0,"enemies":"Large Slime","floor":11.0,"turns":3.0},{"damage":10.0,"enemies":"3 Sentries","floor":12.0,"turns":4.0},{"damage":0.0,"enemies":"2 Fungi Beasts","floor":14.0,"turns":2.0},{"damage":0.0,"enemies":"Slime Boss","floor":16.0,"turns":7.0},{"damage":0.0,"enemies":"3 Byrds","floor":18.0,"turns":3.0},{"damage":0.0,"enemies":"Spheric Guardian","floor":19.0,"turns":3.0},{"damage":0.0,"enemies":"Snecko","floor":20.0,"turns":4.0},{"damage":15.0,"enemies":"Book of Stabbing","floor":24.0,"turns":5.0},{"damage":0.0,"enemies":"Cultist and Chosen","floor":28.0,"turns":3.0},{"damage":0.0,"enemies":"Shelled Parasite and Fungi","floor":30.0,"turns":4.0},{"damage":18.0,"enemies":"Gremlin Leader","floor":31.0,"turns":6.0},{"damage":54,"enemies":"Champ","floor":33,"turns":7}],"seed_played":"-332954838331561536","potions_obtained":[{"floor":1.0,"key":"Strength Potion"},{"floor":7.0,"key":"Explosive Potion"},{"floor":14.0,"key":"Dexterity Potion"},{"floor":16.0,"key":"SteroidPotion"},{"floor":18.0,"key":"Weak Potion"}],"is_trial":false,"path_per_floor":["M","M","M","?","?","R","E","M","T","R","M","E","$","M","R","B",null,"M","M","M","?","$","R","E","?","T","R","M","$","M","E","R","B"],"character_chosen":"DEFECT","items_purchased":["Chill","Storm","Genetic Algorithm","Conserve Battery"],"campfire_rested":1,"item_purchase_floors":[13,22,22,29],"current_hp_per_floor":[56,47,46,62,57,57,47,47,47,47,47,37,37,37,37,37,57,57,57,57,57,57,57,42,42,42,42,42,42,42,24,43,0],"gold":148,"neow_bonus":"THREE_RARE_CARDS","is_prod":false,"is_daily":false,"chose_seed":false,"campfire_upgraded":4,"win_rate":0,"timestamp":1566888876,"path_taken":["M","M","M","?","?","R","E","M","T","R","M","E","$","M","R","BOSS","M","M","M","?","$","R","E","?","T","R","M","?","M","E","R","BOSS"],"build_version":"2019-07-17","purchased_purges":1,"victory":false,"max_hp_per_floor":[64,64,64,64,64,64,64,64,64,64,64,64,64,64,64,64,64,64,64,64,64,64,64,64,64,64,64,64,64,64,64,64,64],"card_choices":[{"not_picked":["Amplify","Machine Learning"],"picked":"Seek","floor":0.0},{"not_picked":["Scrape","Auto Shields"],"picked":"Compile Driver","floor":1.0},{"not_picked":["Chaos","Beam Cell"],"picked":"Compile Driver","floor":2.0},{"not_picked":["Cold Snap","Sweeping Beam"],"picked":"Biased Cognition","floor":3.0},{"not_picked":["Redo","Static Discharge"],"picked":"Conserve Battery","floor":7.0},{"not_picked":["Consume","Static Discharge"],"picked":"Cold Snap","floor":8.0},{"not_picked":["Reprogram","Static Discharge"],"picked":"Storm","floor":11.0},{"not_picked":["Blizzard","Reprogram"],"picked":"Recycle","floor":12.0},{"not_picked":["Consume","Cold Snap"],"picked":"Loop","floor":14.0},{"not_picked":["Machine Learning","Fission"],"picked":"Creative AI","floor":16.0},{"not_picked":["Go for the Eyes+1","Reprogram"],"picked":"Coolheaded","floor":18.0},{"not_picked":["Streamline","Scrape"],"picked":"Fission","floor":19.0},{"not_picked":["Barrage","Turbo","Streamline"],"picked":"SKIP","floor":20.0},{"not_picked":["Barrage","Ball Lightning","Cold Snap"],"picked":"SKIP","floor":24.0},{"not_picked":["Double Energy","Consume"],"picked":"Glacier","floor":28.0},{"not_picked":["Gash","Recycle","Streamline"],"picked":"SKIP","floor":30.0},{"not_picked":["Cold Snap","Doom and Gloom"],"picked":"Darkness+1","floor":31.0}],"player_experience":732081,"relics_obtained":[{"floor":7.0,"key":"Ice Cream"},{"floor":9.0,"key":"Peace Pipe"},{"floor":12.0,"key":"Anchor"},{"floor":24.0,"key":"Tiny Chest"},{"floor":26.0,"key":"Symbiotic Virus"},{"floor":31.0,"key":"Shuriken"}],"event_choices":[{"damage_healed":16.0,"max_hp_gain":0.0,"max_hp_loss":0.0,"gold_gain":0.0,"event_name":"The Cleric","player_choice":"Healed","floor":4.0,"gold_loss":35.0,"damage_taken":0.0},{"damage_healed":0.0,"max_hp_gain":0.0,"max_hp_loss":0.0,"gold_gain":0.0,"event_name":"Scrap Ooze","player_choice":"Success","floor":5.0,"gold_loss":0.0,"damage_taken":5.0,"relics_obtained":["Mercury Hourglass"]},{"damage_healed":0.0,"max_hp_gain":0.0,"max_hp_loss":0.0,"gold_gain":0.0,"event_name":"Addict","player_choice":"Stole Relic","floor":21.0,"gold_loss":0.0,"damage_taken":0.0,"relics_obtained":["Letter Opener"],"cards_obtained":["Shame"]},{"damage_healed":0.0,"max_hp_gain":0.0,"max_hp_loss":0.0,"gold_gain":0.0,"event_name":"The Library","player_choice":"Read","floor":25.0,"gold_loss":0.0,"damage_taken":0.0,"cards_obtained":["Undo"]}],"is_beta":false,"boss_relics":[{"not_picked":["Black Star","Velvet Choker"],"picked":"Cursed Key"}],"items_purged_floors":[13],"is_endless":false,"potions_floor_spawned":[1,7,14,16,18,20,24],"killed_by":"Champ","ascension_level":17}