{"gold_per_floor":[117,117,62,212,212,251,251,285,312,333,333,349,362,385,385,478,478,502,525,525,525,525,525,525],"floor_reached":24,"playtime":508,"items_purged":[],"score":508,"play_id":"64a12bc8-27d5-43d7-bd17-ab21f039cf6f","local_time":"20190330003801","is_ascension_mode":true,"campfire_choices":[{"data":"Defragment","floor":7,"key":"SMITH"},{"data":"Zap","floor":11,"key":"SMITH"},{"data":"Hologram","floor":15,"key":"SMITH"},{"data":"Defragment","floor":23,"key":"SMITH"}],"neow_cost":"NONE","seed_source_timestamp":23156796583496,"circlet_count":0,"master_deck":["AscendersBane","Strike_B","Strike_B","Strike_B","Strike_B","Defend_B","Defend_B","Defend_B","Defend_B","Zap+1","Dualcast","Cold Snap","Gash","Defragment+1","Coolheaded","Gash","White Noise","Steam","Hologram+1","Echo Form","Defragment+1","Rebound"],"relics":["Cracked Core","NeowsBlessing","Golden Idol","Cables","Bottled Lightning","Bag of Marbles","Cursed Key","Nunchaku"],"potions_floor_usage":[16,16,19],"damage_taken":[{"damage":0,"enemies":"2 Louse","floor":1,"turns":1},{"damage":0,"enemies":"Lagavulin","floor":6,"turns":1},{"damage":0,"enemies":"Gremlin Nob","floor":8,"turns":1},{"damage":8,"enemies":"Jaw Worm","floor":10,"turns":3},{"damage":0,"enemies":"Small Slimes","floor":12,"turns":3},{"damage":0,"enemies":"2 Fungi Beasts","floor":13,"turns":3},{"damage":10,"enemies":"Exordium Thugs","floor":14,"turns":4},{"damage":31,"enemies":"Slime Boss","floor":16,"turns":10},{"damage":6,"enemies":"Spheric Guardian","floor":18,"turns":6},{"damage":5,"enemies":"2 Thieves","floor":19,"turns":3},{"damage":32,"enemies":"Book of Stabbing","floor":24,"turns":5}],"seed_played":"-7097190720952687448","potions_obtained":[{"floor":1,"key":"Regen Potion"},{"floor":8,"key":"EssenceOfSteel"},{"floor":16,"key":"FocusPotion"}],"is_trial":false,"path_per_floor":["M","?","$","?","?","E","R","E","T","M","R","M","M","M","R","B",null,"M","M","?","T","?","R","E"],"character_chosen":"DEFECT","items_purchased":["Gash"],"campfire_rested":0,"item_purchase_floors":[3],"current_hp_per_floor":[64,64,64,64,57,57,57,57,57,49,49,49,49,39,39,23,54,48,43,43,43,43,43,11],"gold":525,"neow_bonus":"THREE_ENEMY_KILL","is_prod":false,"is_daily":false,"chose_seed":false,"campfire_upgraded":4,"win_rate":0,"timestamp":1553931481,"path_taken":["M","?","$","?","?","E","R","E","T","M","R","M","M","M","R","BOSS","M","M","?","?","?","R","E"],"build_version":"2019-03-15","purchased_purges":0,"victory":false,"max_hp_per_floor":[71,64,64,64,64,64,64,64,64,64,64,64,64,64,64,64,64,64,64,64,64,64,64,64],"card_choices":[{"not_picked":["Darkness","Sunder"],"picked":"Cold Snap","floor":1},{"not_picked":["Sweeping Beam","Ball Lightning"],"picked":"Defragment","floor":6},{"not_picked":["Leap","Recycle"],"picked":"Coolheaded","floor":8},{"not_picked":["Steam Power","Conserve Battery"],"picked":"Gash","floor":10},{"not_picked":["Barrage","Force Field"],"picked":"White Noise","floor":12},{"not_picked":["Beam Cell","Leap"],"picked":"Steam","floor":13},{"not_picked":["FTL","Go for the Eyes"],"picked":"Hologram","floor":14},{"not_picked":["Biased Cognition","Creative AI"],"picked":"Echo Form","floor":16},{"not_picked":["Conserve Battery","Barrage"],"picked":"Defragment","floor":18},{"not_picked":["Scrape","Rip and Tear"],"picked":"Rebound","floor":19}],"player_experience":1387460,"relics_obtained":[{"floor":6,"key":"Cables"},{"floor":8,"key":"Bottled Lightning"},{"floor":9,"key":"Bag of Marbles"},{"floor":21,"key":"Nunchaku"}],"event_choices":[{"damage_healed":0,"gold_gain":0,"player_choice":"Lose Max HP","damage_taken":0,"relics_obtained":["Golden Idol"],"max_hp_gain":0,"max_hp_loss":7,"event_name":"Golden Idol","floor":2,"gold_loss":0},{"damage_healed":0,"gold_gain":150,"player_choice":"AGREE","damage_taken":0,"max_hp_gain":0,"max_hp_loss":0,"event_name":"Liars Game","floor":4,"gold_loss":0,"cards_obtained":["Doubt"]},{"cards_removed":["Doubt"],"damage_healed":0,"gold_gain":0,"player_choice":"Card Removal","damage_taken":7,"max_hp_gain":0,"max_hp_loss":0,"event_name":"Golden Wing","floor":5,"gold_loss":0},{"damage_healed":0,"gold_gain":0,"player_choice":"Ignored","damage_taken":0,"max_hp_gain":0,"max_hp_loss":0,"event_name":"Ghosts","floor":20,"gold_loss":0},{"cards_removed":["Writhe"],"damage_healed":0,"gold_gain":0,"player_choice":"Removed Curses","damage_taken":0,"max_hp_gain":0,"max_hp_loss":0,"event_name":"Fountain of Cleansing","floor":22,"gold_loss":0}],"is_beta":true,"boss_relics":[{"not_picked":["Ectoplasm","Sozu"],"picked":"Cursed Key"}],"items_purged_floors":[],"is_endless":false,"potions_floor_spawned":[1,8,12,14,16],"killed_by":"Book of Stabbing","ascension_level":20}