{"gold_per_floor":[111,111,129,129,149,149,74,74,150,160,160,160,160,180,180,180],"floor_reached":16,"playtime":322,"items_purged":["Strike_G"],"score":180,"play_id":"eac8d95c-944b-427b-8895-a02ba6bca3f4","local_time":"20190103175621","is_ascension_mode":true,"campfire_choices":[{"data":"Masterful Stab","floor":6,"key":"SMITH"},{"data":"Survivor","floor":8,"key":"SMITH"},{"data":"Acrobatics","floor":11,"key":"SMITH"},{"data":"Masterful Stab","floor":15,"key":"SMITH"}],"neow_cost":"NONE","seed_source_timestamp":53776940342363,"circlet_count":0,"master_deck":["AscendersBane","Defend_G","Defend_G","Defend_G","Defend_G","Strike_G","Strike_G","Strike_G","Survivor+1","Neutralize+1","Acrobatics+1","Masterful Stab+1","Masterful Stab+1"],"relics":["Empty Cage","CultistMask","Golden Idol","Prayer Wheel"],"potions_floor_usage":[],"damage_taken":[{"damage":1,"enemies":"Small Slimes","floor":1,"turns":3},{"damage":5,"enemies":"Cultist","floor":3,"turns":5},{"damage":6,"enemies":"Jaw Worm","floor":5,"turns":8},{"damage":0,"enemies":"Red Slaver","floor":10,"turns":3},{"damage":1,"enemies":"Looter","floor":14,"turns":3},{"damage":4,"enemies":"The Guardian","floor":16,"turns":8}],"seed_played":"3466739755238839196","potions_obtained":[{"floor":14,"key":"EssenceOfSteel"}],"is_trial":false,"path_per_floor":["M","?","M","?","M","R","$","R","T","M","R","?","T","M","R","B"],"character_chosen":"THE_SILENT","items_purchased":[],"campfire_rested":0,"item_purchase_floors":[],"current_hp_per_floor":[58,58,53,53,47,47,47,47,47,47,47,47,47,46,46,42],"gold":180,"neow_bonus":"BOSS_RELIC","is_prod":false,"is_daily":false,"chose_seed":false,"campfire_upgraded":4,"win_rate":0,"timestamp":1546566981,"path_taken":["M","?","?","?","?","R","?","R","T","M","R","?","?","M","R","BOSS"],"build_version":"2019-01-02","purchased_purges":1,"victory":false,"max_hp_per_floor":[66,66,66,66,66,66,66,66,66,66,66,60,60,60,60,60],"card_choices":[{"not_picked":["Deflect","Prepared"],"picked":"Acrobatics","floor":3},{"not_picked":["Leg Sweep","Caltrops"],"picked":"Masterful Stab","floor":5},{"not_picked":["All Out Attack","Catalyst"],"picked":"Masterful Stab","floor":14},{"not_picked":["Outmaneuver","Expertise","Skewer"],"picked":"SKIP","floor":14}],"player_experience":1006172,"relics_obtained":[{"floor":13,"key":"Prayer Wheel"}],"event_choices":[{"damage_healed":0,"gold_gain":0,"player_choice":"Trade","damage_taken":0,"relics_obtained":["CultistMask"],"max_hp_gain":0,"max_hp_loss":0,"event_name":"FaceTrader","floor":2,"gold_loss":0},{"damage_healed":0,"gold_gain":0,"player_choice":"Forge","damage_taken":0,"max_hp_gain":0,"max_hp_loss":0,"event_name":"Accursed Blacksmith","floor":4,"gold_loss":0,"cards_upgraded":["Neutralize"]},{"damage_healed":0,"gold_gain":0,"player_choice":"Lose Max HP","damage_taken":0,"relics_obtained":["Golden Idol"],"max_hp_gain":0,"max_hp_loss":6,"event_name":"Golden Idol","floor":12,"gold_loss":0}],"is_beta":true,"boss_relics":[],"items_purged_floors":[7],"is_endless":false,"potions_floor_spawned":[14],"killed_by":"The Guardian","ascension_level":20}