{"gold_per_floor":[111,111,91,91,105,105,117,117,117,133,133,148,175,194,194,298,298,309,408,424,443,9,42,54,54,54,54,68,84,84,98,98,196,196,216,148,161,177,187,187,203,228,228,240,240,253,253,264,264,264],"floor_reached":51,"playtime":4842,"items_purged":[],"score":727,"play_id":"cf6b9820-4ade-4aa9-a0d4-c0f80bda2557","local_time":"20180628201850","is_ascension_mode":false,"campfire_choices":[{"data":"Neutralize","floor":6,"key":"SMITH"},{"data":"A Thousand Cuts","floor":8,"key":"SMITH"},{"floor":11,"key":"REST"},{"floor":15,"key":"REST"},{"data":"Adrenaline","floor":25,"key":"SMITH"},{"floor":30,"key":"REST"},{"data":"Infinite Blades","floor":32,"key":"SMITH"},{"floor":40,"key":"REST"},{"floor":45,"key":"REST"},{"floor":49,"key":"REST"}],"neow_cost":"TEN_PERCENT_HP_LOSS","seed_source_timestamp":1288530324974629,"circlet_count":0,"master_deck":["Defend_G","Defend_G","Defend_G","Strike_G+1","Strike_G+1","Survivor","Neutralize+1","Bouncing Flask","PiercingWail","Acrobatics","A Thousand Cuts+1","Infinite Blades+1","Finisher","Blur","Dagger Throw","Adrenaline+1","Escape Plan","Cloak And Dagger+1","Endless Agony","Footwork","Dagger Spray","Acrobatics","Backflip","Outmaneuver+1","Cloak And Dagger","Footwork+1","Adrenaline","Crippling Poison+1","Skewer","Cloak And Dagger+1","Slice+1","Cloak And Dagger","Cloak And Dagger+1","Madness","Madness"],"relics":["Ring of the Snake","Letter Opener","Meat on the Bone","Empty Cage","Dead Branch","Pen Nib","Ornamental Fan","White Beast Statue","Juzu Bracelet","Bag of Preparation"],"potions_floor_usage":[10,13,16,16,16,18,21,23,28,29,33,33,35,38,41,50,50,50],"damage_taken":[{"damage":2,"enemies":"Small Slimes","floor":1,"turns":5},{"damage":3,"enemies":"Jaw Worm","floor":5,"turns":3},{"damage":0,"enemies":"Cultist","floor":7,"turns":3},{"damage":0,"enemies":"3 Louse","floor":10,"turns":2},{"damage":9,"enemies":"Looter","floor":12,"turns":4},{"damage":25,"enemies":"Gremlin Nob","floor":13,"turns":4},{"damage":5,"enemies":"2 Fungi Beasts","floor":14,"turns":3},{"damage":0,"enemies":"Slime Boss","floor":16,"turns":5},{"damage":0,"enemies":"Chosen","floor":18,"turns":4},{"damage":6,"enemies":"Spheric Guardian","floor":20,"turns":4},{"damage":10,"enemies":"Slaver and Parasite","floor":21,"turns":6},{"damage":4,"enemies":"Book of Stabbing","floor":23,"turns":6},{"damage":0,"enemies":"3 Cultists","floor":24,"turns":4},{"damage":6,"enemies":"Snecko","floor":28,"turns":5},{"damage":4,"enemies":"Slaver and Parasite","floor":29,"turns":5},{"damage":0,"enemies":"Snake Plant","floor":31,"turns":3},{"damage":17,"enemies":"Automaton","floor":33,"turns":13},{"damage":21,"enemies":"3 Shapes","floor":35,"turns":4},{"damage":7,"enemies":"3 Darklings","floor":37,"turns":5},{"damage":22,"enemies":"4 Shapes","floor":38,"turns":3},{"damage":22,"enemies":"Sphere and 2 Shapes","floor":39,"turns":5},{"damage":0,"enemies":"Maw","floor":41,"turns":7},{"damage":12,"enemies":"3 Darklings","floor":44,"turns":2},{"damage":17,"enemies":"4 Shapes","floor":46,"turns":6},{"damage":4,"enemies":"Maw","floor":48,"turns":9},{"damage":56,"enemies":"Awakened One","floor":50,"turns":11}],"seed_played":"8332095378613896094","potions_obtained":[{"floor":1,"key":"SteroidPotion"},{"floor":12,"key":"FearPotion"},{"floor":14,"key":"EntropicBrew"},{"floor":16,"key":"Block Potion"},{"floor":20,"key":"SpeedPotion"},{"floor":24,"key":"SkillPotion"},{"floor":33,"key":"Fire Potion"},{"floor":35,"key":"Strength Potion"},{"floor":37,"key":"Regen Potion"},{"floor":38,"key":"FearPotion"},{"floor":39,"key":"GamblersBrew"},{"floor":41,"key":"FearPotion"},{"floor":46,"key":"SteroidPotion"},{"floor":48,"key":"Energy Potion"}],"is_trial":false,"path_per_floor":["M","?","?","?","M","R","M","R","T","M","R","M","E","M","R","B",null,"M","?","M","M","$","E","M","R","T","?","M","M","R","M","R","B",null,"M","$","M","M","M","R","M","T","T","M","R","M","?","M","R","B"],"character_chosen":"THE_SILENT","items_purchased":["Dead Branch","Footwork","Dagger Spray","Acrobatics","Skewer"],"campfire_rested":6,"item_purchase_floors":[22,22,22,22,36],"current_hp_per_floor":[61,48,48,48,45,45,45,45,45,45,63,54,29,36,54,54,63,63,63,57,47,47,43,43,43,43,43,37,33,51,51,51,34,63,42,42,35,34,24,42,42,42,42,42,60,43,35,43,61,17],"gold":264,"neow_bonus":"REMOVE_TWO","is_prod":false,"is_daily":false,"chose_seed":false,"campfire_upgraded":4,"win_rate":0,"timestamp":1530231530,"path_taken":["M","?","?","?","M","R","M","R","T","M","R","?","E","M","R","BOSS","M","?","M","M","$","E","?","R","T","?","M","M","R","M","R","BOSS","M","$","?","M","?","R","M","?","T","M","R","M","?","M","R","BOSS"],"build_version":"2018-06-21v2","purchased_purges":0,"victory":true,"max_hp_per_floor":[63,63,63,63,63,63,63,63,63,63,63,63,63,63,63,63,63,63,63,63,63,63,63,63,63,63,63,63,63,63,63,63,63,63,63,63,63,63,63,63,63,63,63,63,63,63,63,63,63,63],"card_choices":[{"not_picked":["Choke","Deadly Poison"],"picked":"Bouncing Flask","floor":1},{"not_picked":["Dodge and Roll","Predator"],"picked":"Acrobatics","floor":5},{"not_picked":["PiercingWail","Expertise"],"picked":"A Thousand Cuts","floor":7},{"not_picked":["Underhanded Strike","Deflect"],"picked":"Infinite Blades","floor":10},{"not_picked":["Setup","PiercingWail"],"picked":"Finisher","floor":12},{"not_picked":["Slice","Flying Knee"],"picked":"Blur","floor":13},{"not_picked":["Slice","Choke"],"picked":"Dagger Throw","floor":14},{"not_picked":["Storm of Steel","Phantasmal Killer"],"picked":"Adrenaline","floor":16},{"not_picked":["Flying Knee","Accuracy"],"picked":"Escape Plan","floor":18},{"not_picked":["Deadly Poison","Outmaneuver"],"picked":"Cloak And Dagger+1","floor":20},{"not_picked":["Well Laid Plans+1","Cloak And Dagger"],"picked":"Endless Agony","floor":21},{"not_picked":["Underhanded Strike","Masterful Stab","Corpse Explosion"],"picked":"SKIP","floor":23},{"not_picked":["Masterful Stab+1","Flying Knee"],"picked":"Backflip","floor":24},{"not_picked":["Dagger Throw","Expertise"],"picked":"Outmaneuver+1","floor":28},{"not_picked":["Dodge and Roll","Deadly Poison"],"picked":"Cloak And Dagger","floor":29},{"not_picked":["Deflect","Flying Knee+1"],"picked":"Footwork+1","floor":31},{"not_picked":["Bullet Time","Grand Finale"],"picked":"Adrenaline","floor":33},{"not_picked":["Masterful Stab","Calculated Gamble+1"],"picked":"Crippling Poison+1","floor":35},{"not_picked":["Deadly Poison+1","Deflect","Heel Hook+1"],"picked":"SKIP","floor":37},{"not_picked":["Backflip+1","Bouncing Flask+1"],"picked":"Cloak And Dagger+1","floor":38},{"not_picked":["Quick Slash+1","Prepared","Setup"],"picked":"SKIP","floor":39},{"not_picked":["Flechettes+1","Dagger Spray"],"picked":"Slice+1","floor":41},{"not_picked":["Blade Dance","Masterful Stab+1"],"picked":"Cloak And Dagger","floor":44},{"not_picked":["Backflip+1","Dagger Spray"],"picked":"Cloak And Dagger+1","floor":46},{"not_picked":["Setup","Blade Dance","Accuracy"],"picked":"SKIP","floor":48}],"player_experience":155287,"relics_obtained":[{"floor":9,"key":"Letter Opener"},{"floor":13,"key":"Meat on the Bone"},{"floor":23,"key":"Pen Nib"},{"floor":26,"key":"Ornamental Fan"},{"floor":42,"key":"Juzu Bracelet"},{"floor":43,"key":"Bag of Preparation"}],"event_choices":[{"event_name":"Shining Light","player_choice":"Entered Light","floor":2,"damage_taken":0},{"event_name":"World of Goop","player_choice":"Left","floor":3,"damage_taken":0},{"event_name":"Transmorgrifier","player_choice":"Transform","floor":4,"damage_taken":0},{"event_name":"Nest","player_choice":"Stole From Cult","floor":19,"damage_taken":0},{"event_name":"Drug Dealer","player_choice":"Ignored","floor":27,"damage_taken":0},{"event_name":"Winding Halls","player_choice":"Embrace Madness","floor":47,"damage_taken":0}],"boss_relics":[{"not_picked":["Ectoplasm","Tiny House"],"picked":"Empty Cage"},{"not_picked":["Astrolabe","Lizard Tail"],"picked":"White Beast Statue"}],"items_purged_floors":[],"is_endless":false,"potions_floor_spawned":[1,12,14,16,20,24,33,35,37,38,39,41,44,46,48],"ascension_level":0}