{"gold_per_floor":[117,42,42,56,72,72,97,107,161,17,49,64,64,79,79,176,176,193,45,64,81,100,100,132,132,155,186,101,101,119,139,139,238,238,250,250,47,129,129,129,146,146,169,208,220,249,16,0,0,0,0,0,0,35,35],"floor_reached":56,"playtime":5158,"items_purged":["Regret","Strike_G"],"score":1250,"play_id":"a6863b58-c61e-4f34-81ec-aab134799a32","local_time":"20190707154743","is_ascension_mode":false,"campfire_choices":[{"data":"Neutralize","floor":6,"key":"SMITH"},{"data":"Footwork","floor":15,"key":"SMITH"},{"floor":23,"key":"RECALL"},{"floor":25,"key":"REST"},{"data":"Survivor","floor":32,"key":"SMITH"},{"data":"Noxious Fumes","floor":40,"key":"SMITH"},{"data":"Well Laid Plans","floor":42,"key":"SMITH"},{"data":"Prepared","floor":45,"key":"SMITH"},{"data":"Poisoned Stab","floor":49,"key":"SMITH"},{"data":"Crippling Poison","floor":52,"key":"SMITH"}],"neow_cost":"CURSE","seed_source_timestamp":522972730026372,"circlet_count":0,"master_deck":["Strike_G","Defend_G","Defend_G","Defend_G","Defend_G","Defend_G","Survivor+1","Neutralize+1","Slice","Prepared+1","Noxious Fumes+1","Well Laid Plans+1","Crippling Poison+1","Poisoned Stab+1","Tactician+1","Deadly Poison+1","Footwork+1","Acrobatics+1","Dagger Spray","Storm of Steel+1","Poisoned Stab+1","Underhanded Strike+1","Venomology+1","Catalyst+1","PiercingWail+1","Acrobatics+1","Terror+1","Deflect+1","Backflip+1","Doppelganger+1","Adrenaline+1","Dodge and Roll+1","Writhe","Acrobatics+1","Bouncing Flask+1"],"relics":["Ring of the Serpent","Toxic Egg 2","Happy Flower","Potion Belt","PreservedInsect","Whetstone","Smiling Mask","Coffee Dripper","MealTicket","Dodecahedron","MawBank","Darkstone Periapt","Mummified Hand","Red Mask","Anchor"],"potions_floor_usage":[16,16,22,22,24,30,30,33,35,36,41,44,46,46,50,54,54,55,55,55],"damage_taken":[{"damage":1,"enemies":"2 Louse","floor":1,"turns":3},{"damage":0,"enemies":"Cultist","floor":4,"turns":5},{"damage":0,"enemies":"Jaw Worm","floor":5,"turns":5},{"damage":8,"enemies":"3 Sentries","floor":7,"turns":9},{"damage":0,"enemies":"Red Slaver","floor":8,"turns":4},{"damage":22,"enemies":"Gremlin Nob","floor":11,"turns":4},{"damage":0,"enemies":"Lots of Slimes","floor":12,"turns":3},{"damage":1,"enemies":"Large Slime","floor":14,"turns":5},{"damage":2,"enemies":"Slime Boss","floor":16,"turns":8},{"damage":2,"enemies":"Shell Parasite","floor":18,"turns":5},{"damage":0,"enemies":"Spheric Guardian","floor":20,"turns":5},{"damage":14,"enemies":"Shelled Parasite and Fungi","floor":21,"turns":6},{"damage":9,"enemies":"Snecko","floor":22,"turns":5},{"damage":33,"enemies":"Slavers","floor":24,"turns":7},{"damage":4,"enemies":"Gremlin Leader","floor":27,"turns":5},{"damage":7,"enemies":"Centurion and Healer","floor":30,"turns":4},{"damage":3,"enemies":"Shelled Parasite and Fungi","floor":31,"turns":5},{"damage":20,"enemies":"Champ","floor":33,"turns":7},{"damage":38,"enemies":"3 Darklings","floor":35,"turns":4},{"damage":0,"enemies":"3 Shapes","floor":41,"turns":5},{"damage":0,"enemies":"Giant Head","floor":44,"turns":4},{"damage":0,"enemies":"Spire Growth","floor":46,"turns":3},{"damage":12,"enemies":"Donu and Deca","floor":50,"turns":9},{"damage":7,"enemies":"Shield and Spear","floor":54,"turns":4},{"damage":80,"enemies":"The Heart","floor":55,"turns":8}],"seed_played":"1285941149643867332","potions_obtained":[{"floor":4,"key":"SkillPotion"},{"floor":12,"key":"GamblersBrew"},{"floor":16,"key":"LiquidBronze"},{"floor":22,"key":"Fruit Juice"},{"floor":24,"key":"SpeedPotion"},{"floor":27,"key":"Swift Potion"},{"floor":35,"key":"SteroidPotion"},{"floor":36,"key":"Fruit Juice"},{"floor":36,"key":"FairyPotion"},{"floor":46,"key":"LiquidBronze"}],"is_trial":false,"path_per_floor":["M","$","?","M","M","R","E","M","T","$","E","M","$","M","R","B",null,"M","$","M","M","M","R","E","R","T","E","?","?","M","M","R","B",null,"M","?","$","T","?","R","M","R","T","E","R","M","$","?","R","B",null,"R","$","E","B",null],"character_chosen":"THE_SILENT","items_purchased":["Footwork","Acrobatics+1","Dagger Spray","PiercingWail+1","MealTicket","Mummified Hand"],"campfire_rested":1,"item_purchase_floors":[10,10,10,19,37,47],"current_hp_per_floor":[69,69,69,69,69,69,61,61,61,61,39,39,39,38,38,36,70,68,68,68,54,50,50,32,54,54,50,50,50,43,40,40,20,75,37,42,42,42,62,62,62,62,62,62,62,62,77,77,77,65,80,80,80,73,2],"gold":35,"neow_bonus":"TRANSFORM_TWO_CARDS","is_prod":false,"is_daily":false,"chose_seed":false,"campfire_upgraded":8,"win_rate":0,"timestamp":1562482063,"path_taken":["M","$","?","M","M","R","E","M","T","?","E","?","?","M","R","BOSS","M","?","M","M","M","R","E","R","T","E","?","?","M","M","R","BOSS","M","?","$","?","?","R","M","R","T","E","R","?","?","?","R","BOSS","R","$","E","BOSS"],"build_version":"2019-07-05","purchased_purges":2,"victory":true,"max_hp_per_floor":[70,70,70,70,70,70,70,70,70,70,70,70,70,70,70,70,70,70,70,70,70,75,75,75,75,75,75,75,75,75,75,75,75,75,75,80,80,80,80,80,80,80,80,80,80,80,80,80,80,80,80,80,80,80,80],"card_choices":[{"not_picked":["Blade Dance","Acrobatics"],"picked":"Noxious Fumes","floor":1},{"not_picked":["Heel Hook","Dagger Throw"],"picked":"Crippling Poison","floor":4},{"not_picked":["Flechettes","Finisher"],"picked":"Poisoned Stab","floor":5},{"not_picked":["Underhanded Strike","Crippling Poison"],"picked":"Tactician","floor":7},{"not_picked":["Slice","Poisoned Stab"],"picked":"Deadly Poison+1","floor":8},{"not_picked":["Sucker Punch","Poisoned Stab"],"picked":"Storm of Steel+1","floor":11},{"not_picked":["Finisher","Endless Agony"],"picked":"Poisoned Stab","floor":12},{"not_picked":["Quick Slash","Dagger Throw"],"picked":"Underhanded Strike","floor":14},{"not_picked":["Phantasmal Killer+1","Unload"],"picked":"Venomology+1","floor":16},{"not_picked":["Prepared+1","Predator"],"picked":"Catalyst+1","floor":18},{"not_picked":["Dagger Spray","Bane","Flying Knee+1"],"picked":"SKIP","floor":20},{"not_picked":["Flying Knee","Dagger Throw"],"picked":"Acrobatics+1","floor":21},{"not_picked":["Venomology+1","Quick Slash"],"picked":"Terror+1","floor":22},{"not_picked":["Poisoned Stab","Noxious Fumes"],"picked":"Deflect+1","floor":24},{"not_picked":["All Out Attack","Dagger Throw","Eviscerate"],"picked":"SKIP","floor":27},{"not_picked":["Distraction+1","Outmaneuver+1"],"picked":"Doppelganger+1","floor":30},{"not_picked":["Flying Knee+1","Backstab","Underhanded Strike"],"picked":"SKIP","floor":31},{"not_picked":["Die Die Die","Tools of the Trade"],"picked":"Adrenaline+1","floor":33},{"not_picked":["Calculated Gamble+1","Crippling Poison+1"],"picked":"Dodge and Roll+1","floor":35},{"not_picked":["Blade Dance+1","Prepared+1"],"picked":"Acrobatics+1","floor":41},{"not_picked":["Backstab","Dagger Spray+1"],"picked":"Bouncing Flask+1","floor":44},{"not_picked":["Predator+1","Bane+1","Endless Agony+1"],"picked":"SKIP","floor":46},{"not_picked":["Finisher","Escape Plan+1","Deadly Poison+1"],"picked":"SKIP","floor":54}],"player_experience":71956,"relics_obtained":[{"floor":7,"key":"Toxic Egg 2"},{"floor":9,"key":"Happy Flower"},{"floor":11,"key":"Potion Belt"},{"floor":24,"key":"PreservedInsect"},{"floor":27,"key":"Whetstone"},{"floor":38,"key":"Dodecahedron"},{"floor":43,"key":"MawBank"},{"floor":44,"key":"Darkstone Periapt"},{"floor":54,"key":"Anchor"}],"event_choices":[{"damage_healed":0,"gold_gain":0,"cards_transformed":["Strike_G"],"player_choice":"Transformed","damage_taken":0,"max_hp_gain":0,"max_hp_loss":0,"event_name":"Transmorgrifier","floor":3,"gold_loss":0,"cards_obtained":["Well Laid Plans"]},{"damage_healed":0,"gold_gain":0,"player_choice":"Obtained Relic","damage_taken":0,"relics_obtained":["Smiling Mask"],"max_hp_gain":0,"max_hp_loss":0,"event_name":"Addict","floor":28,"gold_loss":85},{"damage_healed":0,"gold_gain":0,"player_choice":"Read","damage_taken":0,"max_hp_gain":0,"max_hp_loss":0,"event_name":"The Library","floor":29,"gold_loss":0,"cards_obtained":["Backflip"]},{"damage_healed":0,"gold_gain":0,"player_choice":"Got Potions","damage_taken":0,"max_hp_gain":0,"max_hp_loss":0,"event_name":"Lab","floor":36,"gold_loss":0},{"damage_healed":20,"gold_gain":0,"player_choice":"Writhe","damage_taken":0,"max_hp_gain":0,"max_hp_loss":0,"event_name":"Winding Halls","floor":39,"gold_loss":0,"cards_obtained":["Writhe"]},{"damage_healed":0,"gold_gain":0,"player_choice":"Paid","damage_taken":0,"relics_obtained":["Red Mask"],"max_hp_gain":0,"max_hp_loss":0,"event_name":"Tomb of Lord Red Mask","floor":48,"gold_loss":16}],"is_beta":false,"boss_relics":[{"not_picked":["Calling Bell","Cursed Key"],"picked":"Ring of the Serpent"},{"not_picked":["Empty Cage","Orrery"],"picked":"Coffee Dripper"}],"items_purged_floors":[2,19],"is_endless":false,"potions_floor_spawned":[4,12,16,22,24,27,31,33,35,41,46],"ascension_level":0}