{"gold_per_floor":[412,184,184,196,215,215,240,240,266,283,18,18,18,37,37,114,114,126,136,48,48,61,61,9,9,9,22,41,66,81,101,101,101],"floor_reached":33,"playtime":2140,"items_purged":[],"score":573,"play_id":"6b9e37f3-e9f0-46b0-ab6c-b2252bddb3b7","local_time":"20190827005350","is_ascension_mode":true,"campfire_choices":[{"floor":6,"key":"REST"},{"data":"Zap","floor":8,"key":"SMITH"},{"data":"Beam Cell","floor":12,"key":"SMITH"},{"data":"Hologram","floor":15,"key":"SMITH"},{"floor":23,"key":"REST"},{"data":"Fusion","floor":25,"key":"SMITH"},{"floor":32,"key":"REST"}],"neow_cost":"PERCENT_DAMAGE","seed_source_timestamp":224449867518074,"circlet_count":0,"master_deck":["AscendersBane","Zap+1","Dualcast","Tempest","Melter","Self Repair","Glacier","Barrage","Rip and Tear","Go for the Eyes","Beam Cell+1","Reboot","Gash","Hologram+1","Electrodynamics","Static Discharge","Steam","Fusion+1","Meteor Strike","Chill","Gash","Creative AI","Reprogram","Gash","Reinforced Body","BootSequence","Shame","Capacitor+1","Coolheaded","Double Energy","Consume","White Noise","Tempest","Gash","Double Energy","BootSequence"],"relics":["Cracked Core","Old Coin","Dream Catcher","Prayer Wheel","Bag of Marbles","Shuriken","Pandora\u0027s Box","Gambling Chip","Mango","Strawberry"],"potions_floor_usage":[7,7,22,27,29,31],"damage_taken":[{"damage":8,"enemies":"Small Slimes","floor":1,"turns":2},{"damage":2,"enemies":"Jaw Worm","floor":4,"turns":3},{"damage":0,"enemies":"2 Louse","floor":5,"turns":2},{"damage":4,"enemies":"Gremlin Nob","floor":7,"turns":3},{"damage":0,"enemies":"Exordium Thugs","floor":10,"turns":4},{"damage":8,"enemies":"3 Louse","floor":14,"turns":3},{"damage":30,"enemies":"Hexaghost","floor":16,"turns":10},{"damage":12,"enemies":"Spheric Guardian","floor":18,"turns":4},{"damage":35,"enemies":"2 Thieves","floor":19,"turns":3},{"damage":13,"enemies":"Cultist and Chosen","floor":22,"turns":5},{"damage":17,"enemies":"Sentry and Sphere","floor":27,"turns":5},{"damage":24,"enemies":"Snecko","floor":28,"turns":6},{"damage":25,"enemies":"Slavers","floor":29,"turns":4},{"damage":1,"enemies":"Snake Plant","floor":30,"turns":4},{"damage":3,"enemies":"Centurion and Healer","floor":31,"turns":6},{"damage":40,"enemies":"Champ","floor":33,"turns":6}],"seed_played":"4519592036274453875","potions_obtained":[{"floor":4,"key":"Poison Potion"},{"floor":16,"key":"Poison Potion"},{"floor":18,"key":"SteroidPotion"},{"floor":27,"key":"Fire Potion"},{"floor":29,"key":"Explosive Potion"},{"floor":30,"key":"SpeedPotion"}],"is_trial":false,"path_per_floor":["M","$","?","M","M","R","E","R","T","M","$","R","?","M","R","B",null,"M","M","$","?","M","R","$","R","T","M","M","E","M","M","R","B"],"character_chosen":"DEFECT","items_purchased":["Melter","AttackPotion","Self Repair","Shuriken","BootSequence","Coolheaded"],"campfire_rested":3,"item_purchase_floors":[2,2,2,11,20,24],"current_hp_per_floor":[38,38,12,17,24,45,41,41,41,48,48,48,53,45,45,22,63,51,23,23,23,17,39,39,39,53,43,26,15,14,11,40,0],"gold":101,"neow_bonus":"ONE_RARE_RELIC","is_prod":false,"is_daily":false,"chose_seed":false,"campfire_upgraded":4,"win_rate":0,"timestamp":1566892430,"path_taken":["M","$","?","M","M","R","E","R","T","M","$","R","?","M","R","BOSS","M","M","$","?","M","R","$","R","T","M","M","E","M","M","R","BOSS"],"build_version":"2019-07-17","purchased_purges":0,"victory":false,"max_hp_per_floor":[71,71,71,71,71,71,71,71,71,71,71,71,76,76,76,76,76,76,76,76,76,76,76,76,76,90,90,90,97,97,97,97,97],"card_choices":[{"not_picked":["Redo","Hello World"],"picked":"Tempest","floor":1},{"not_picked":["Aggregate","Rebound"],"picked":"Glacier","floor":4},{"not_picked":["Gash","Turbo"],"picked":"Barrage","floor":5},{"not_picked":["Turbo","Undo"],"picked":"Rip and Tear","floor":6},{"not_picked":["Stack","Redo"],"picked":"Go for the Eyes","floor":7},{"not_picked":["Compile Driver","Sweeping Beam"],"picked":"Beam Cell","floor":10},{"not_picked":["Beam Cell","Leap"],"picked":"Reboot","floor":10},{"not_picked":["Undo","Leap"],"picked":"Gash","floor":14},{"not_picked":["Stack","Barrage"],"picked":"Hologram","floor":14},{"not_picked":["Biased Cognition","Meteor Strike"],"picked":"Electrodynamics","floor":16},{"not_picked":["Auto Shields","Compile Driver"],"picked":"Gash","floor":18},{"not_picked":["Sunder","Barrage","Rip and Tear+1"],"picked":"SKIP","floor":18},{"not_picked":["FTL","Go for the Eyes"],"picked":"Reinforced Body","floor":19},{"not_picked":["Fusion","Beam Cell","Melter+1"],"picked":"SKIP","floor":19},{"not_picked":["Heatsinks","Sweeping Beam"],"picked":"Capacitor+1","floor":22},{"not_picked":["Rebound","Steam","Barrage"],"picked":"SKIP","floor":22},{"not_picked":["Hello World","Static Discharge"],"picked":"Double Energy","floor":27},{"not_picked":["Sweeping Beam","Leap","Multi-Cast"],"picked":"SKIP","floor":27},{"not_picked":["Stack","Redo"],"picked":"Consume","floor":28},{"not_picked":["Fusion","Streamline"],"picked":"White Noise","floor":28},{"not_picked":["Undo","Static Discharge"],"picked":"Tempest","floor":29},{"not_picked":["Beam Cell","Go for the Eyes"],"picked":"Gash","floor":30},{"not_picked":["Cold Snap","Rebound+1"],"picked":"Double Energy","floor":30},{"not_picked":["Go for the Eyes","Beam Cell"],"picked":"BootSequence","floor":31},{"not_picked":["Consume","Redo","Streamline"],"picked":"SKIP","floor":31}],"player_experience":733984,"relics_obtained":[{"floor":7,"key":"Prayer Wheel"},{"floor":9,"key":"Bag of Marbles"},{"floor":26,"key":"Mango"},{"floor":29,"key":"Strawberry"}],"event_choices":[{"damage_healed":0,"gold_gain":0,"player_choice":"Success","damage_taken":26,"relics_obtained":["Dream Catcher"],"max_hp_gain":0,"max_hp_loss":0,"event_name":"Scrap Ooze","floor":3,"gold_loss":0},{"damage_healed":0,"gold_gain":0,"player_choice":"Donut","damage_taken":0,"max_hp_gain":5,"max_hp_loss":0,"event_name":"Big Fish","floor":13,"gold_loss":0},{"damage_healed":0,"gold_gain":0,"player_choice":"Stole Relic","damage_taken":0,"relics_obtained":["Gambling Chip"],"max_hp_gain":0,"max_hp_loss":0,"event_name":"Addict","floor":21,"gold_loss":0,"cards_obtained":["Shame"]}],"is_beta":false,"boss_relics":[{"not_picked":["Orrery","Calling Bell"],"picked":"Pandora\u0027s Box"}],"items_purged_floors":[],"is_endless":false,"potions_floor_spawned":[4,16,18,27,29,30],"killed_by":"Champ","ascension_level":17}