{"gold_per_floor":[119,119,136,136,61,61,73,99,126,126,146,146,176,186,186,260,260,280,555,106,126,143,143,143,143,143,159,176,0,26,46,46,46],"floor_reached":33,"playtime":937,"items_purged":["Regret"],"score":654,"play_id":"1affabf7-b703-420a-b6b3-d1414ee94dba","local_time":"20190202124116","is_ascension_mode":true,"campfire_choices":[{"data":"Zap","floor":6,"key":"SMITH"},{"data":"Beam Cell","floor":10,"key":"SMITH"},{"data":"Go for the Eyes","floor":12,"key":"SMITH"},{"data":"Dualcast","floor":15,"key":"SMITH"},{"data":"Chaos","floor":23,"key":"SMITH"},{"data":"Multi-Cast","floor":25,"key":"SMITH"},{"floor":32,"key":"REST"}],"neow_cost":"NONE","seed_source_timestamp":36079903481034,"circlet_count":0,"master_deck":["AscendersBane","Zap+1","Dualcast+1","Conserve Battery","Auto Shields","Beam Cell+1","Conserve Battery","Go for the Eyes+1","Echo Form","Ball Lightning","Electrodynamics","Hello World","Ball Lightning","Tempest","Multi-Cast+1","Go for the Eyes","Conserve Battery","Coolheaded","Beam Cell","Chaos+1","Conserve Battery","Hello World","Stack","Cold Snap","Hologram"],"relics":["Cracked Core","NeowsBlessing","DataDisk","Potion Belt","Orichalcum","Pandora\u0027s Box","Mango","Letter Opener","Bag of Marbles"],"potions_floor_usage":[8,8,13,33,33],"damage_taken":[{"damage":0,"enemies":"Small Slimes","floor":1,"turns":1},{"damage":0,"enemies":"2 Louse","floor":3,"turns":1},{"damage":0,"enemies":"Cultist","floor":7,"turns":1},{"damage":0,"enemies":"Gremlin Nob","floor":8,"turns":3},{"damage":4,"enemies":"Lots of Slimes","floor":11,"turns":4},{"damage":19,"enemies":"3 Sentries","floor":13,"turns":9},{"damage":0,"enemies":"3 Louse","floor":14,"turns":3},{"damage":20,"enemies":"Hexaghost","floor":16,"turns":8},{"damage":0,"enemies":"Spheric Guardian","floor":18,"turns":3},{"damage":13,"enemies":"2 Thieves","floor":21,"turns":2},{"damage":18,"enemies":"Snake Plant","floor":22,"turns":4},{"damage":0,"enemies":"Snecko","floor":27,"turns":5},{"damage":0,"enemies":"Centurion and Healer","floor":28,"turns":4},{"damage":23,"enemies":"Slavers","floor":30,"turns":3},{"damage":12,"enemies":"Snake Plant","floor":31,"turns":4},{"damage":71,"enemies":"Champ","floor":33,"turns":11}],"seed_played":"2231864019721106837","potions_obtained":[{"floor":1,"key":"LiquidBronze"},{"floor":3,"key":"Explosive Potion"},{"floor":11,"key":"Dexterity Potion"},{"floor":16,"key":"FearPotion"},{"floor":21,"key":"GamblersBrew"},{"floor":22,"key":"FairyPotion"},{"floor":31,"key":"Fire Potion"}],"is_trial":false,"path_per_floor":["M","?","M","?","?","R","M","E","T","R","M","R","E","M","R","B",null,"M","?","$","M","M","R","?","R","T","M","M","$","E","M","R","B"],"character_chosen":"DEFECT","items_purchased":["Coolheaded","Mango","Hello World","Stack","Cold Snap"],"campfire_rested":1,"item_purchase_floors":[20,20,29,29,29],"current_hp_per_floor":[64,69,69,62,62,62,62,62,62,62,58,58,39,39,39,19,62,62,62,76,63,45,45,45,45,45,45,45,45,22,10,37,0],"gold":46,"neow_bonus":"THREE_ENEMY_KILL","is_prod":false,"is_daily":false,"chose_seed":false,"campfire_upgraded":6,"win_rate":0,"timestamp":1549140076,"path_taken":["M","?","M","?","?","R","M","E","T","R","M","R","E","M","R","BOSS","M","?","?","M","?","R","?","R","T","M","M","?","E","?","R","BOSS"],"build_version":"2019-01-23","purchased_purges":1,"victory":false,"max_hp_per_floor":[71,76,76,76,76,76,76,76,76,76,76,76,76,76,76,76,76,76,76,90,90,90,90,90,90,90,90,90,90,90,90,90,90],"card_choices":[{"not_picked":["Reprogram","Blizzard"],"picked":"Conserve Battery","floor":1},{"not_picked":["Capacitor","Sweeping Beam"],"picked":"Auto Shields","floor":3},{"not_picked":["Hologram","Conserve Battery"],"picked":"Beam Cell","floor":7},{"not_picked":["Go for the Eyes","Steam"],"picked":"Conserve Battery","floor":8},{"not_picked":["Fission","Recycle"],"picked":"Go for the Eyes","floor":11},{"not_picked":["Leap","Rip and Tear"],"picked":"Echo Form","floor":13},{"not_picked":["Coolheaded","Redo"],"picked":"Ball Lightning","floor":14},{"not_picked":["Amplify","Hyperbeam"],"picked":"Electrodynamics","floor":16},{"not_picked":["Heatsinks","Streamline"],"picked":"Conserve Battery","floor":18},{"not_picked":["Streamline","Ball Lightning"],"picked":"Beam Cell","floor":21},{"not_picked":["Rip and Tear","Blizzard"],"picked":"Chaos","floor":22},{"not_picked":["Go for the Eyes","Recycle"],"picked":"Conserve Battery","floor":28},{"not_picked":["Sweeping Beam","Cold Snap"],"picked":"Hologram","floor":31}],"player_experience":1098328,"relics_obtained":[{"floor":8,"key":"DataDisk"},{"floor":9,"key":"Potion Belt"},{"floor":13,"key":"Orichalcum"},{"floor":26,"key":"Letter Opener"},{"floor":30,"key":"Bag of Marbles"}],"event_choices":[{"damage_healed":0,"gold_gain":0,"player_choice":"Donut","damage_taken":0,"max_hp_gain":5,"max_hp_loss":0,"event_name":"Big Fish","floor":2,"gold_loss":0},{"cards_removed":["Defend_B"],"damage_healed":0,"gold_gain":0,"player_choice":"Card Removal","damage_taken":7,"max_hp_gain":0,"max_hp_loss":0,"event_name":"Golden Wing","floor":4,"gold_loss":0},{"cards_removed":["Defend_B"],"damage_healed":0,"gold_gain":0,"player_choice":"Card Removal","damage_taken":0,"max_hp_gain":0,"max_hp_loss":0,"event_name":"The Cleric","floor":5,"gold_loss":75},{"damage_healed":0,"gold_gain":275,"player_choice":"Desecrate","damage_taken":0,"max_hp_gain":0,"max_hp_loss":0,"event_name":"Golden Shrine","floor":19,"gold_loss":0,"cards_obtained":["Regret"]},{"cards_removed":["Scrape"],"damage_healed":0,"gold_gain":0,"player_choice":"Purged","damage_taken":0,"max_hp_gain":0,"max_hp_loss":0,"event_name":"Purifier","floor":24,"gold_loss":0}],"is_beta":true,"boss_relics":[{"not_picked":["Velvet Choker","Black Star"],"picked":"Pandora\u0027s Box"}],"items_purged_floors":[20],"is_endless":false,"potions_floor_spawned":[1,3,11,16,21,22,31],"killed_by":"Champ","ascension_level":20}