{"gold_per_floor":[117,192,203,203,3,37,37,50,50,50,50],"floor_reached":11,"playtime":241,"items_purged":[],"score":142,"play_id":"9e7a2a4e-9468-4726-bd58-a0a5594e9bad","local_time":"20190319085009","is_ascension_mode":true,"campfire_choices":[{"data":"Neutralize","floor":7,"key":"SMITH"},{"data":"Magnetism","floor":10,"key":"SMITH"}],"neow_cost":"NONE","seed_source_timestamp":203479377601,"circlet_count":0,"master_deck":["AscendersBane","Defend_G","Defend_G","Defend_G","Defend_G","Defend_G","Strike_G","Strike_G","Strike_G","Strike_G","Strike_G","Survivor","Neutralize+1","Quick Slash","Magnetism+1","Crippling Poison","All Out Attack"],"relics":["Eternal Feather","Sundial","Boot"],"potions_floor_usage":[6,11],"damage_taken":[{"damage":3,"enemies":"2 Louse","floor":1,"turns":4},{"damage":0,"enemies":"Cultist","floor":3,"turns":4},{"damage":17,"enemies":"Lagavulin","floor":6,"turns":7},{"damage":7,"enemies":"Jaw Worm","floor":8,"turns":4},{"damage":51,"enemies":"Gremlin Nob","floor":11,"turns":4}],"seed_played":"-4256363452641790701","potions_obtained":[{"floor":1,"key":"Fire Potion"},{"floor":3,"key":"PowerPotion"}],"is_trial":false,"path_per_floor":["M","?","M","?","$","E","R","M","T","R","E"],"character_chosen":"THE_SILENT","items_purchased":["Magnetism"],"campfire_rested":0,"item_purchase_floors":[5],"current_hp_per_floor":[56,45,45,41,41,24,33,26,26,35,0],"gold":50,"neow_bonus":"BOSS_RELIC","is_prod":false,"is_daily":false,"chose_seed":false,"campfire_upgraded":2,"win_rate":0,"timestamp":1553010609,"path_taken":["M","?","M","?","$","E","R","?","T","R","E"],"build_version":"2019-03-15","purchased_purges":0,"victory":false,"max_hp_per_floor":[66,66,66,66,66,66,66,66,66,66,66],"card_choices":[{"not_picked":["Outmaneuver","Finisher"],"picked":"Quick Slash","floor":1},{"not_picked":["Dagger Throw","Prepared"],"picked":"Crippling Poison","floor":6},{"not_picked":["Dagger Spray","Heel Hook"],"picked":"All Out Attack","floor":8}],"player_experience":1320133,"relics_obtained":[{"floor":6,"key":"Sundial"},{"floor":9,"key":"Boot"}],"event_choices":[{"damage_healed":0,"gold_gain":75,"player_choice":"Gather Gold","damage_taken":11,"max_hp_gain":0,"max_hp_loss":0,"event_name":"World of Goop","floor":2,"gold_loss":0},{"damage_healed":0,"gold_gain":0,"player_choice":"Bought 0 Potions","damage_taken":0,"max_hp_gain":0,"max_hp_loss":0,"event_name":"The Woman in Blue","floor":4,"gold_loss":0}],"is_beta":true,"boss_relics":[],"items_purged_floors":[],"is_endless":false,"potions_floor_spawned":[1,3],"killed_by":"Gremlin Nob","ascension_level":20}