{"gold_per_floor":[111,111,128,128,48,73,73,100,100,100,111,13,13,24,24,96,96,111,131,55,68,68,97,97,97,120,120,8,28,28,56,56,56],"floor_reached":33,"playtime":811,"items_purged":["Strike_R+1"],"score":632,"play_id":"a0db6bd9-0160-4a02-a8ba-05320f6b7e83","local_time":"20190324011627","is_ascension_mode":true,"campfire_choices":[{"data":"Carnage","floor":7.0,"key":"SMITH"},{"data":"Metallicize","floor":13.0,"key":"SMITH"},{"data":"Metallicize","floor":15.0,"key":"SMITH"},{"floor":24,"key":"REST"},{"data":"Dual Wield","floor":27,"key":"SMITH"},{"data":"Shockwave","floor":32,"key":"SMITH"}],"neow_cost":"NONE","seed_source_timestamp":49438990605372,"circlet_count":0,"master_deck":["AscendersBane","Strike_R+1","Strike_R+1","Strike_R+1","Defend_R+1","Defend_R+1","Defend_R+1","Defend_R+1","Bash+1","Carnage+1","Thunderclap","Flame Barrier","Metallicize+1","Bludgeon","Metallicize+1","Shrug It Off","Double Tap","Battle Trance","Flame Barrier","Shockwave+1","Clothesline","Dual Wield+1","Feel No Pain","Power Through"],"special_seed":0,"relics":["Burning Blood","NeowsBlessing","Potion Belt","Bronze Scales","Ornamental Fan","Sozu","Pear","Regal Pillow","Mummified Hand"],"potions_floor_usage":[21],"damage_taken":[{"damage":0.0,"enemies":"Cultist","floor":1.0,"turns":1.0},{"damage":0.0,"enemies":"Small Slimes","floor":3.0,"turns":1.0},{"damage":0.0,"enemies":"Lagavulin","floor":6.0,"turns":1.0},{"damage":11.0,"enemies":"3 Sentries","floor":8.0,"turns":7.0},{"damage":0.0,"enemies":"Jaw Worm","floor":11.0,"turns":1.0},{"damage":2.0,"enemies":"Lots of Slimes","floor":14.0,"turns":3.0},{"damage":34.0,"enemies":"The Guardian","floor":16.0,"turns":9.0},{"damage":14,"enemies":"3 Byrds","floor":18,"turns":3},{"damage":13,"enemies":"2 Thieves","floor":19,"turns":5},{"damage":22,"enemies":"Snecko","floor":21,"turns":5},{"damage":35,"enemies":"Gremlin Leader","floor":23,"turns":10},{"damage":0,"enemies":"Cultist and Chosen","floor":29,"turns":7},{"damage":6,"enemies":"Book of Stabbing","floor":31,"turns":6},{"damage":58,"enemies":"Collector","floor":33,"turns":8}],"seed_played":"-3177668581679090932","potions_obtained":[{"floor":1.0,"key":"BloodPotion"},{"floor":6.0,"key":"Explosive Potion"},{"floor":10.0,"key":"Poison Potion"},{"floor":10.0,"key":"Weak Potion"},{"floor":11.0,"key":"EntropicBrew"}],"is_trial":false,"path_per_floor":["M","?","M","?","$","E","R","E","T","?","M","$","R","M","R","B",null,"M","M","$","M","?","E","R","?","T","R","$","M","$","E","R","B"],"character_chosen":"IRONCLAD","items_purchased":["Flame Barrier","Metallicize","Shrug It Off","Shockwave","Feel No Pain"],"campfire_rested":1,"item_purchase_floors":[5,12,12,20,28],"current_hp_per_floor":[74,74,75,75,75,75,75,70,70,70,75,75,75,75,75,47,68,60,53,53,44,44,25,50,45,45,45,45,51,51,51,51,0],"gold":56,"neow_bonus":"THREE_ENEMY_KILL","is_prod":false,"is_daily":false,"chose_seed":false,"campfire_upgraded":5,"win_rate":0,"timestamp":1553415387,"path_taken":["M","?","?","?","$","E","R","E","T","?","M","$","R","M","R","BOSS","M","?","?","M","?","E","R","?","T","R","$","M","$","E","R","BOSS"],"build_version":"2019-03-15","purchased_purges":1,"victory":false,"max_hp_per_floor":[75,75,75,75,75,75,75,75,75,75,75,75,75,75,75,75,75,75,75,75,75,75,85,85,85,85,85,85,85,85,85,85,85],"card_choices":[{"not_picked":["Bloodletting","Anger"],"picked":"Carnage","floor":1.0},{"not_picked":["Flex","Sentinel"],"picked":"Thunderclap","floor":3.0},{"not_picked":["Rampage","Double Tap"],"picked":"Metallicize","floor":6.0},{"not_picked":["Clothesline","Sword Boomerang"],"picked":"Bludgeon","floor":8.0},{"not_picked":["Fiend Fire","Brutality"],"picked":"Double Tap","floor":16.0},{"not_picked":["Rampage","Heavy Blade+1"],"picked":"Battle Trance","floor":18},{"not_picked":["Cleave","Heavy Blade"],"picked":"Flame Barrier","floor":19},{"not_picked":["Pommel Strike","Hemokinesis"],"picked":"Clothesline","floor":21},{"not_picked":["Rampage","Cleave"],"picked":"Dual Wield","floor":23},{"not_picked":["Heavy Blade","Sever Soul"],"picked":"Power Through","floor":29}],"player_experience":1358865,"relics_obtained":[{"floor":6.0,"key":"Potion Belt"},{"floor":8.0,"key":"Bronze Scales"},{"floor":9.0,"key":"Ornamental Fan"},{"floor":23,"key":"Pear"},{"floor":26,"key":"Regal Pillow"},{"floor":31,"key":"Mummified Hand"}],"event_choices":[{"cards_removed":["Strike_R"],"damage_healed":0.0,"max_hp_gain":0.0,"max_hp_loss":0.0,"gold_gain":0.0,"event_name":"Bonfire Elementals","player_choice":"Offered Basic","floor":2.0,"gold_loss":0.0,"damage_taken":0.0},{"damage_healed":0.0,"max_hp_gain":0.0,"max_hp_loss":0.0,"gold_gain":0.0,"event_name":"Living Wall","player_choice":"Grow","floor":4.0,"gold_loss":0.0,"damage_taken":0.0,"cards_upgraded":["Bash"]},{"damage_healed":0.0,"max_hp_gain":0.0,"max_hp_loss":0.0,"gold_gain":0.0,"event_name":"Lab","player_choice":"Got Potions","floor":10.0,"gold_loss":0.0,"damage_taken":0.0},{"damage_healed":0,"gold_gain":0,"player_choice":"Simplicity","damage_taken":0,"max_hp_gain":0,"max_hp_loss":0,"event_name":"Back to Basics","floor":22,"gold_loss":0,"cards_upgraded":["Strike_R","Strike_R","Strike_R","Strike_R","Defend_R","Defend_R","Defend_R","Defend_R"]},{"damage_healed":0,"gold_gain":0,"player_choice":"Bought 0 Potions","damage_taken":0,"max_hp_gain":0,"max_hp_loss":0,"event_name":"The Woman in Blue","floor":25,"gold_loss":0}],"is_beta":true,"boss_relics":[{"not_picked":["Tiny House","Calling Bell"],"picked":"Sozu"}],"items_purged_floors":[28],"is_endless":false,"potions_floor_spawned":[1,6,11,23,29,31],"killed_by":"Collector","ascension_level":20}