{"gold_per_floor":[360,285,300,43,62,62,76,46,46,46,65,31,64,80,80,80],"floor_reached":16,"playtime":1434,"items_purged":["Shame"],"score":104,"play_id":"95f7f979-a099-4bac-a22d-4822e4854dda","local_time":"20180826213421","is_ascension_mode":false,"campfire_choices":[{"data":"Neutralize","floor":6,"key":"SMITH"},{"floor":10,"key":"REST"},{"floor":15,"key":"REST"}],"neow_cost":"CURSE","seed_source_timestamp":805374550369876,"circlet_count":0,"master_deck":["Defend_G","Defend_G","Defend_G","Defend_G","Defend_G","Strike_G","Strike_G","Strike_G","Strike_G","Strike_G","Survivor","Neutralize+1","Well Laid Plans","Dodge and Roll","Heel Hook","Cloak And Dagger","Dagger Spray","Burst","Calculated Gamble"],"relics":["Ring of the Snake","Bottled Tornado","The Courier","Peace Pipe"],"potions_floor_usage":[7,8],"damage_taken":[{"damage":6,"enemies":"Cultist","floor":1,"turns":5},{"damage":2,"enemies":"Small Slimes","floor":3,"turns":5},{"damage":2,"enemies":"Jaw Worm","floor":5,"turns":5},{"damage":16,"enemies":"Gremlin Gang","floor":7,"turns":7},{"damage":6,"enemies":"Looter","floor":8,"turns":4},{"damage":0,"enemies":"Large Slime","floor":11,"turns":10},{"damage":6,"enemies":"Exordium Thugs","floor":12,"turns":5},{"damage":21,"enemies":"Gremlin Nob","floor":13,"turns":5},{"damage":5,"enemies":"Looter","floor":14,"turns":4},{"damage":65,"enemies":"Slime Boss","floor":16,"turns":12}],"seed_played":"-3560911951585143269","potions_obtained":[{"floor":3,"key":"SkillPotion"},{"floor":7,"key":"Regen Potion"},{"floor":13,"key":"Weak Potion"}],"is_trial":false,"path_per_floor":["M","$","M","$","M","R","M","M","T","R","M","M","E","M","R"],"character_chosen":"THE_SILENT","items_purchased":["Bottled Tornado"],"campfire_rested":2,"item_purchase_floors":[4],"current_hp_per_floor":[64,64,62,62,60,60,44,52,52,70,70,64,43,38,59,0],"gold":80,"neow_bonus":"TWO_FIFTY_GOLD","is_prod":false,"is_daily":false,"chose_seed":false,"campfire_upgraded":1,"win_rate":0,"timestamp":1535333661,"path_taken":["M","$","M","$","M","R","M","?","T","R","?","M","E","M","R","BOSS"],"build_version":"2018-08-23v2","purchased_purges":1,"victory":false,"max_hp_per_floor":[70,70,70,70,70,70,70,70,70,70,70,70,70,70,70,70],"card_choices":[{"not_picked":["Blade Dance","Deflect"],"picked":"Well Laid Plans","floor":1},{"not_picked":["Flying Knee","Deadly Poison","Masterful Stab"],"picked":"SKIP","floor":3},{"not_picked":["Deflect","Terror"],"picked":"Dodge and Roll","floor":5},{"not_picked":["Deflect","Deadly Poison","Sucker Punch"],"picked":"SKIP","floor":7},{"not_picked":["Accuracy","Bane"],"picked":"Heel Hook","floor":8},{"not_picked":["PiercingWail","Blade Dance"],"picked":"Cloak And Dagger","floor":11},{"not_picked":["Prepared","Distraction"],"picked":"Dagger Spray","floor":12},{"not_picked":["Poisoned Stab","Blade Dance"],"picked":"Burst","floor":13},{"not_picked":["Distraction","Blade Dance"],"picked":"Calculated Gamble","floor":14}],"player_experience":340834,"relics_obtained":[{"floor":9,"key":"The Courier"},{"floor":13,"key":"Peace Pipe"}],"event_choices":[],"is_beta":true,"boss_relics":[],"items_purged_floors":[2],"is_endless":false,"potions_floor_spawned":[3,7,13],"killed_by":"Slime Boss","ascension_level":0}