{"gold_per_floor":[109,4,23,23,23,62,86,86,86,106,5,44,44,59,59,149,149,163,204,204],"floor_reached":20,"playtime":385,"items_purged":[],"score":514,"play_id":"2ae48982-0c50-4124-8caf-8c1adfffc1b5","local_time":"20190218155635","is_ascension_mode":true,"campfire_choices":[{"data":"Sunder","floor":8,"key":"SMITH"},{"data":"Turbo","floor":13,"key":"SMITH"},{"data":"Zap","floor":15,"key":"SMITH"}],"neow_cost":"NONE","seed_source_timestamp":3954600116051,"circlet_count":0,"master_deck":["AscendersBane","Zap+1","Dualcast","Streamline","Ball Lightning","Leap","Sunder+1","Streamline","Sunder","Conserve Battery","Hello World","Go for the Eyes","Turbo+1","Ball Lightning","Echo Form","Amplify","Chill","Hyperbeam","Melter","Thunder Strike","Storm","BootSequence","Skim","Defragment","Conserve Battery"],"relics":["Cracked Core","NeowsBlessing","Golden Idol","Sundial","Centennial Puzzle","Gremlin Horn","Unceasing Top","Pandora\u0027s Box","Red Mask"],"potions_floor_usage":[16,16],"damage_taken":[{"damage":0,"enemies":"Cultist","floor":1,"turns":1},{"damage":0,"enemies":"2 Louse","floor":3,"turns":1},{"damage":0,"enemies":"Gremlin Nob","floor":6,"turns":1},{"damage":7,"enemies":"Jaw Worm","floor":7,"turns":2},{"damage":11,"enemies":"Looter","floor":10,"turns":2},{"damage":11,"enemies":"Lagavulin","floor":12,"turns":5},{"damage":7,"enemies":"Blue Slaver","floor":14,"turns":3},{"damage":0,"enemies":"Slime Boss","floor":16,"turns":4},{"damage":2,"enemies":"3 Byrds","floor":18,"turns":4},{"damage":34,"enemies":"Masked Bandits","floor":19,"turns":5},{"damage":0,"enemies":"2 Thieves","floor":20,"turns":1}],"seed_played":"-4174835336885639790","potions_obtained":[{"floor":1,"key":"Strength Potion"},{"floor":6,"key":"Swift Potion"},{"floor":14,"key":"SteroidPotion"}],"is_trial":false,"path_per_floor":["M","$","M","?","?","E","M","R","T","M","$","E","R","M","R","B",null,"M","?","M"],"character_chosen":"DEFECT","items_purchased":["Ball Lightning","Leap","Hello World","Go for the Eyes"],"campfire_rested":0,"item_purchase_floors":[2,2,11,11],"current_hp_per_floor":[64,64,64,64,46,46,39,39,39,28,28,17,17,10,10,10,51,49,15,15],"gold":204,"neow_bonus":"THREE_ENEMY_KILL","is_prod":false,"is_daily":false,"chose_seed":false,"campfire_upgraded":3,"win_rate":0,"timestamp":1550534195,"path_taken":["M","$","M","?","?","E","M","R","T","M","$","E","R","M","R","BOSS","M","?","M"],"build_version":"2019-02-06","purchased_purges":0,"victory":false,"max_hp_per_floor":[71,71,71,64,64,64,64,64,64,64,64,64,64,64,64,64,64,64,64,64],"card_choices":[{"not_picked":["Chaos","Conserve Battery"],"picked":"Streamline","floor":1},{"not_picked":["Aggregate","Coolheaded"],"picked":"Sunder","floor":3},{"not_picked":["Sweeping Beam","Turbo"],"picked":"Streamline","floor":6},{"not_picked":["Turbo","Double Energy"],"picked":"Sunder","floor":7},{"not_picked":["Turbo","Loop"],"picked":"Conserve Battery","floor":10},{"not_picked":["Steam","Blizzard"],"picked":"Turbo","floor":12},{"not_picked":["Capacitor","Leap"],"picked":"Ball Lightning","floor":14},{"not_picked":["Biased Cognition","Hyperbeam"],"picked":"Echo Form","floor":16},{"not_picked":["Tempest","Coolheaded"],"picked":"Defragment","floor":18},{"not_picked":["Glacier","Leap"],"picked":"Conserve Battery","floor":19}],"player_experience":1168032,"relics_obtained":[{"floor":6,"key":"Centennial Puzzle"},{"floor":9,"key":"Gremlin Horn"},{"floor":12,"key":"Unceasing Top"},{"floor":19,"key":"Red Mask"}],"event_choices":[{"damage_healed":0,"gold_gain":0,"player_choice":"Lose Max HP","damage_taken":0,"relics_obtained":["Golden Idol"],"max_hp_gain":0,"max_hp_loss":7,"event_name":"Golden Idol","floor":4,"gold_loss":0},{"damage_healed":0,"gold_gain":0,"player_choice":"Success","damage_taken":18,"relics_obtained":["Sundial"],"max_hp_gain":0,"max_hp_loss":0,"event_name":"Scrap Ooze","floor":5,"gold_loss":0},{"damage_healed":0,"gold_gain":0,"player_choice":"Fought Bandits","damage_taken":0,"max_hp_gain":0,"max_hp_loss":0,"event_name":"Masked Bandits","floor":19,"gold_loss":0}],"is_beta":true,"boss_relics":[{"not_picked":["Philosopher\u0027s Stone","Calling Bell"],"picked":"Pandora\u0027s Box"}],"items_purged_floors":[],"is_endless":false,"potions_floor_spawned":[1,6,12,14],"killed_by":"2 Thieves","ascension_level":20}