{"gold_per_floor":[117,43,43,43,55,55,72,104,104,114,124,142,93,45,45,123,123,107,31,31,31,45,45,58,58,58,78,78,78,7,17,17,17],"floor_reached":33,"playtime":741,"items_purged":[],"score":432,"play_id":"799eaa5e-fba9-4f8f-9ffe-c7120e6ca5e4","local_time":"20180714231744","daily_mods":["Binary"],"is_ascension_mode":true,"campfire_choices":[{"data":"Zap","floor":6,"key":"SMITH"},{"data":"Ball Lightning","floor":15,"key":"SMITH"},{"data":"Beam Cell","floor":23,"key":"SMITH"},{"floor":25,"key":"REST"},{"floor":28,"key":"REST"},{"floor":32,"key":"REST"}],"neow_cost":"","seed_source_timestamp":0,"circlet_count":0,"master_deck":["Strike_B+1","Strike_B+1","Strike_B+1","Strike_B+1","Defend_B+1","Defend_B+1","Defend_B+1","Defend_B+1","Zap+1","Dualcast","AscendersBane","Sunder+1","Ball Lightning+1","Stack","Parasite","Doubt","Normality","Coolheaded","Beam Cell+1","Hello World"],"relics":["Cracked Core","Busted Crown","Unceasing Top","Gremlin Horn","Ancient Tea Set","Shuriken","Prayer Wheel","Blood Vial","Nloth\u0027s Gift"],"potions_floor_usage":[8,18,22,31],"damage_taken":[{"damage":2,"enemies":"Jaw Worm","floor":1,"turns":3},{"damage":0,"enemies":"Small Slimes","floor":5,"turns":2},{"damage":0,"enemies":"2 Louse","floor":7,"turns":3},{"damage":10,"enemies":"Gremlin Nob","floor":8,"turns":4},{"damage":9,"enemies":"Red Slaver","floor":10,"turns":2},{"damage":1,"enemies":"Lots of Slimes","floor":11,"turns":2},{"damage":0,"enemies":"Exordium Wildlife","floor":12,"turns":1},{"damage":33,"enemies":"Hexaghost","floor":16,"turns":9},{"damage":20,"enemies":"2 Thieves","floor":18,"turns":4},{"damage":26,"enemies":"Shell Parasite","floor":22,"turns":5},{"damage":14,"enemies":"3 Cultists","floor":24,"turns":5},{"damage":27,"enemies":"Cultist and Chosen","floor":27,"turns":6},{"damage":17,"enemies":"Centurion and Healer","floor":31,"turns":6},{"damage":44,"enemies":"Champ","floor":33,"turns":9}],"seed_played":"-2489571585020258929","potions_obtained":[{"floor":1,"key":"EssenceOfSteel"},{"floor":11,"key":"Block Potion"},{"floor":12,"key":"Regen Potion"},{"floor":18,"key":"Energy Potion"}],"is_trial":true,"path_per_floor":["M","$","?","?","M","R","M","E","T","M","M","M","$","$","R","B",null,"M","$","?","?","M","R","M","R","T","M","R","?","$","M","R"],"character_chosen":"DEFECT","items_purchased":["Sunder","Ball Lightning","Stack","Coolheaded","Beam Cell","Hello World"],"campfire_rested":3,"item_purchase_floors":[2,13,14,19,19,30],"current_hp_per_floor":[62,62,67,67,67,67,67,57,57,48,47,47,47,47,47,14,61,41,41,41,41,29,29,15,37,37,12,34,34,34,19,41,0],"gold":17,"neow_bonus":"","is_prod":false,"is_daily":false,"chose_seed":false,"campfire_upgraded":3,"win_rate":0,"timestamp":1531635464,"path_taken":["M","$","?","?","M","R","M","E","T","M","M","?","?","$","R","BOSS","M","$","?","?","M","R","M","R","T","M","R","?","$","M","R","BOSS"],"build_version":"2018-07-13","purchased_purges":0,"victory":false,"max_hp_per_floor":[71,71,76,76,76,76,76,76,76,76,76,76,76,76,76,76,76,76,76,76,76,76,76,76,76,76,76,76,76,76,76,76,76],"card_choices":[],"player_experience":649874,"relics_obtained":[{"floor":8,"key":"Unceasing Top"},{"floor":9,"key":"Gremlin Horn"},{"floor":17,"key":"Ancient Tea Set"},{"floor":17,"key":"Shuriken"},{"floor":17,"key":"Prayer Wheel"},{"floor":26,"key":"Blood Vial"}],"event_choices":[{"event_name":"Big Fish","player_choice":"Donut","floor":3,"damage_taken":0},{"event_name":"Upgrade Shrine","player_choice":"Upgraded","floor":4,"damage_taken":0},{"event_name":"Back to Basics","player_choice":"Simplicity","floor":20,"damage_taken":0},{"event_name":"Beggar","player_choice":"Ignored","floor":21,"damage_taken":0},{"event_name":"N\u0027loth","player_choice":"Traded a Calling Bell","floor":29,"damage_taken":0}],"boss_relics":[{"not_picked":["Coffee Dripper","Tiny House"],"picked":"Calling Bell"}],"items_purged_floors":[],"is_endless":false,"potions_floor_spawned":[1,11,12,18],"killed_by":"Champ","ascension_level":15}