{"gold_per_floor":[113,130,130,147,165,165,53,73,99,118,182,182,182,194,194,294,294,309,234,234,247,263,293,303,314,340,352,352,352,352,364,364,364],"floor_reached":33,"playtime":1440,"items_purged":["Defend_B"],"score":273,"play_id":"62d941c7-5940-4ed4-a2fc-370ee043af00","local_time":"20190818192048","is_ascension_mode":false,"campfire_choices":[{"data":"Genetic Algorithm","floor":6,"key":"SMITH"},{"floor":13,"key":"REST"},{"floor":15,"key":"REST"},{"floor":32,"key":"REST"}],"neow_cost":"NONE","seed_source_timestamp":347706555804700,"circlet_count":0,"master_deck":["Strike_B","Strike_B+1","Defend_B","Defend_B+1","Zap+1","Dualcast+1","Auto Shields+1","Leap","Genetic Algorithm+1","Loop","Darkness","Self Repair","Electrodynamics","Ball Lightning+1","Coolheaded+1","Defragment+1","Coolheaded","Glacier","Decay"],"relics":["Cracked Core","War Paint","Tiny Chest","Sozu","Potion Belt","Ancient Tea Set"],"potions_floor_usage":[11,16,33],"damage_taken":[{"damage":5,"enemies":"Small Slimes","floor":1,"turns":4},{"damage":0,"enemies":"Cultist","floor":2,"turns":4},{"damage":0,"enemies":"Jaw Worm","floor":4,"turns":3},{"damage":2,"enemies":"Exordium Thugs","floor":5,"turns":5},{"damage":5,"enemies":"3 Louse","floor":8,"turns":4},{"damage":0,"enemies":"Large Slime","floor":10,"turns":6},{"damage":23,"enemies":"Gremlin Nob","floor":11,"turns":4},{"damage":0,"enemies":"2 Fungi Beasts","floor":14,"turns":4},{"damage":26,"enemies":"Hexaghost","floor":16,"turns":10},{"damage":10,"enemies":"Shell Parasite","floor":18,"turns":5},{"damage":14,"enemies":"Spheric Guardian","floor":21,"turns":4},{"damage":27,"enemies":"3 Cultists","floor":22,"turns":5},{"damage":30,"enemies":"Gremlin Leader","floor":23,"turns":6},{"damage":5,"enemies":"Centurion and Healer","floor":24,"turns":4},{"damage":21,"enemies":"Snake Plant","floor":25,"turns":4},{"damage":6,"enemies":"Sentry and Sphere","floor":27,"turns":5},{"damage":0,"enemies":"Colosseum Slavers","floor":30,"turns":5},{"damage":8,"enemies":"Snecko","floor":31,"turns":5},{"damage":64,"enemies":"Champ","floor":33,"turns":12}],"seed_played":"8805030510744965814","potions_obtained":[{"floor":1,"key":"Regen Potion"},{"floor":4,"key":"Block Potion"},{"floor":8,"key":"Fire Potion"},{"floor":11,"key":"LiquidBronze"}],"is_trial":false,"path_per_floor":["M","M","?","M","M","R","$","M","T","M","E","?","R","M","R","B",null,"M","?","?","M","M","E","M","M","T","M","?","?","?","M","R","B"],"character_chosen":"DEFECT","items_purchased":["Loop"],"campfire_rested":3,"item_purchase_floors":[7],"current_hp_per_floor":[70,70,70,70,68,68,68,63,63,63,40,25,47,47,69,50,75,72,72,72,65,45,22,24,10,10,11,11,11,18,17,39,0],"gold":364,"neow_bonus":"UPGRADE_CARD","is_prod":false,"is_daily":false,"chose_seed":false,"campfire_upgraded":1,"win_rate":0,"timestamp":1566170448,"path_taken":["M","M","?","M","M","R","$","?","T","M","E","?","R","M","R","BOSS","M","?","?","M","M","E","M","M","T","?","?","?","?","M","R","BOSS"],"build_version":"2019-07-17","purchased_purges":1,"victory":false,"max_hp_per_floor":[75,75,75,75,75,75,75,75,75,75,75,75,75,75,75,75,75,75,75,75,75,75,75,75,75,75,75,75,75,75,75,75,75],"card_choices":[{"not_picked":["Scrape","Gash"],"picked":"Auto Shields","floor":1},{"not_picked":["Turbo","Gash"],"picked":"Leap","floor":2},{"not_picked":["Reprogram","Streamline","Leap"],"picked":"SKIP","floor":4},{"not_picked":["Gash","Beam Cell"],"picked":"Genetic Algorithm","floor":5},{"not_picked":["Stack","Skim","Rebound"],"picked":"SKIP","floor":8},{"not_picked":["BootSequence","Capacitor"],"picked":"Darkness","floor":10},{"not_picked":["Go for the Eyes","Darkness","Gash"],"picked":"SKIP","floor":11},{"not_picked":["Blizzard","Melter"],"picked":"Self Repair","floor":14},{"not_picked":["Creative AI","Hyperbeam"],"picked":"Electrodynamics","floor":16},{"not_picked":["Melter","Stack+1"],"picked":"Ball Lightning+1","floor":18},{"not_picked":["Rebound","Barrage","Heatsinks"],"picked":"SKIP","floor":21},{"not_picked":["Heatsinks","Force Field"],"picked":"Coolheaded+1","floor":22},{"not_picked":["Steam","Ball Lightning"],"picked":"Defragment+1","floor":23},{"not_picked":["Loop+1","Buffer","Sweeping Beam"],"picked":"SKIP","floor":24},{"not_picked":["Hologram","Turbo"],"picked":"Coolheaded","floor":25},{"not_picked":["Stack","Reinforced Body"],"picked":"Glacier","floor":27},{"not_picked":["Rainbow","Go for the Eyes","Turbo"],"picked":"SKIP","floor":31}],"player_experience":53707,"relics_obtained":[{"floor":9,"key":"War Paint"},{"floor":11,"key":"Tiny Chest"},{"floor":23,"key":"Potion Belt"},{"floor":26,"key":"Ancient Tea Set"}],"event_choices":[{"cards_removed":["Strike_B"],"damage_healed":0,"gold_gain":0,"player_choice":"Purged","damage_taken":0,"max_hp_gain":0,"max_hp_loss":0,"event_name":"Purifier","floor":3,"gold_loss":0},{"damage_healed":0,"gold_gain":0,"player_choice":"Entered Light","damage_taken":15,"max_hp_gain":0,"max_hp_loss":0,"event_name":"Shining Light","floor":12,"gold_loss":0,"cards_upgraded":["Strike_B","Zap"]},{"cards_removed":["Strike_B"],"damage_healed":0,"gold_gain":0,"player_choice":"Gave Gold","damage_taken":0,"max_hp_gain":0,"max_hp_loss":0,"event_name":"Beggar","floor":19,"gold_loss":75},{"cards_removed":["Defend_B"],"damage_healed":0,"gold_gain":0,"player_choice":"Elegance","damage_taken":0,"max_hp_gain":0,"max_hp_loss":0,"event_name":"Back to Basics","floor":20,"gold_loss":0},{"damage_healed":0,"gold_gain":0,"player_choice":"Ignored","damage_taken":0,"max_hp_gain":0,"max_hp_loss":0,"event_name":"The Mausoleum","floor":28,"gold_loss":0},{"damage_healed":0,"gold_gain":0,"player_choice":"Smashed Altar","damage_taken":0,"max_hp_gain":0,"max_hp_loss":0,"event_name":"Forgotten Altar","floor":29,"gold_loss":0,"cards_obtained":["Decay"]},{"damage_healed":0,"gold_gain":0,"player_choice":"Fight","damage_taken":0,"max_hp_gain":0,"max_hp_loss":0,"event_name":"Colosseum","floor":30,"gold_loss":0},{"damage_healed":0,"gold_gain":0,"player_choice":"Fled From Nobs","damage_taken":0,"max_hp_gain":0,"max_hp_loss":0,"event_name":"Colosseum","floor":30,"gold_loss":0}],"is_beta":false,"boss_relics":[{"not_picked":["Empty Cage","Ectoplasm"],"picked":"Sozu"}],"items_purged_floors":[7],"is_endless":false,"potions_floor_spawned":[1,4,8,11,21,23,31],"killed_by":"Champ","ascension_level":0}