{"gold_per_floor":[112,112,124,124,27,27,27,62,62,62,19,19,35,35],"floor_reached":14,"playtime":195,"items_purged":[],"score":172,"play_id":"d742b809-3479-4413-a7f9-ce25ab69dd5a","local_time":"20190218151021","is_ascension_mode":true,"campfire_choices":[{"data":"Coolheaded","floor":6,"key":"SMITH"},{"data":"Loop","floor":10,"key":"SMITH"}],"neow_cost":"NONE","seed_source_timestamp":1375167420732,"circlet_count":0,"master_deck":["AscendersBane","Strike_B","Strike_B","Strike_B","Strike_B","Defend_B","Defend_B","Defend_B","Defend_B","Zap","Dualcast","Loop+1","Coolheaded+1","Glacier","Cold Snap","Leap","Sunder","Streamline"],"relics":["Busted Crown","Boot","Singing Bowl","Cables"],"potions_floor_usage":[8],"damage_taken":[{"damage":1,"enemies":"2 Louse","floor":1,"turns":2},{"damage":2,"enemies":"Jaw Worm","floor":3,"turns":4},{"damage":48,"enemies":"Gremlin Nob","floor":8,"turns":7},{"damage":0,"enemies":"Cultist","floor":13,"turns":4},{"damage":0,"enemies":"Exordium Thugs","floor":14,"turns":1}],"seed_played":"181863497965039375","potions_obtained":[{"floor":1,"key":"Weak Potion"}],"is_trial":false,"path_per_floor":["M","?","M","?","$","R","?","E","T","R","$","?","M","M"],"character_chosen":"DEFECT","items_purchased":["Glacier","Cold Snap","Sunder"],"campfire_rested":0,"item_purchase_floors":[5,5,11],"current_hp_per_floor":[63,52,50,50,50,50,55,7,7,7,7,7,7,7],"gold":35,"neow_bonus":"BOSS_RELIC","is_prod":false,"is_daily":false,"chose_seed":false,"campfire_upgraded":2,"win_rate":0,"timestamp":1550531421,"path_taken":["M","?","M","?","$","R","?","E","T","R","$","?","M","M"],"build_version":"2019-02-06","purchased_purges":0,"victory":false,"max_hp_per_floor":[71,71,71,71,71,71,76,76,76,76,76,76,76,76],"card_choices":[{"not_picked":[],"picked":"Loop","floor":1},{"not_picked":[],"picked":"Coolheaded","floor":3},{"not_picked":[],"picked":"Leap","floor":8},{"not_picked":[],"picked":"Streamline","floor":13}],"player_experience":1165721,"relics_obtained":[{"floor":8,"key":"Singing Bowl"},{"floor":9,"key":"Cables"}],"event_choices":[{"damage_healed":0,"gold_gain":0,"player_choice":"Success","damage_taken":11,"relics_obtained":["Boot"],"max_hp_gain":0,"max_hp_loss":0,"event_name":"Scrap Ooze","floor":2,"gold_loss":0},{"damage_healed":0,"gold_gain":0,"player_choice":"Leave","damage_taken":0,"max_hp_gain":0,"max_hp_loss":0,"event_name":"The Cleric","floor":4,"gold_loss":0},{"damage_healed":0,"gold_gain":0,"player_choice":"Donut","damage_taken":0,"max_hp_gain":5,"max_hp_loss":0,"event_name":"Big Fish","floor":7,"gold_loss":0},{"damage_healed":0,"gold_gain":0,"player_choice":"Ignored","damage_taken":0,"max_hp_gain":0,"max_hp_loss":0,"event_name":"Shining Light","floor":12,"gold_loss":0}],"is_beta":true,"boss_relics":[],"items_purged_floors":[],"is_endless":false,"potions_floor_spawned":[1],"killed_by":"Exordium Thugs","ascension_level":20}