{"gold_per_floor":[114,128,128,148,163,163,194,194,194,244,273,4,15,29,29,108,108,122,137,156,49,49,49,49,64,137,13,13,45,45,77,77,149,149,168,178,190,207,51,51,51],"floor_reached":41,"playtime":1946,"items_purged":[],"score":844,"play_id":"95994acd-e46b-4e43-88cd-1cd5efc1063c","local_time":"20180801163531","is_ascension_mode":true,"campfire_choices":[{"data":"Doom and Gloom","floor":6,"key":"SMITH"},{"data":"Go for the Eyes","floor":8,"key":"SMITH"},{"data":"Defragment","floor":15,"key":"SMITH"},{"data":"Defragment","floor":23,"key":"SMITH"},{"data":"Beam Cell","floor":28,"key":"SMITH"},{"data":"Defragment","floor":30,"key":"SMITH"},{"data":"Capacitor","floor":32,"key":"SMITH"},{"data":"Amplify","floor":40,"key":"SMITH"}],"neow_cost":"","seed_source_timestamp":489135690427498,"circlet_count":0,"master_deck":["Strike_B","Strike_B","Strike_B","Strike_B","Defend_B","Defend_B","Defend_B","Defend_B","Zap","Dualcast","AscendersBane","Hello World","Go for the Eyes+1","Coolheaded","Doom and Gloom+1","Glacier","Auto Shields","Defragment+1","Chrysalis","Conserve Battery","Compile Driver","Amplify+1","Leap","Leap+1","Ball Lightning+1","Defragment+1","Stack","Bandage Up","Beam Cell+1","Defragment+1","Capacitor+1","Buffer","Static Discharge","Glacier","Leap+1","Core Surge","Capacitor"],"relics":["FrozenCore","Juzu Bracelet","Bag of Marbles","Meat on the Bone","Coffee Dripper","Nilry\u0027s Codex","Gremlin Horn","Potion Belt","Thread and Needle"],"potions_floor_usage":[11,16,29,38,41,41],"damage_taken":[{"damage":9,"enemies":"2 Louse","floor":1,"turns":3},{"damage":6,"enemies":"Cultist","floor":2,"turns":4},{"damage":7,"enemies":"Jaw Worm","floor":4,"turns":3},{"damage":8,"enemies":"Blue Slaver","floor":5,"turns":4},{"damage":13,"enemies":"Gremlin Nob","floor":7,"turns":4},{"damage":4,"enemies":"3 Sentries","floor":11,"turns":5},{"damage":2,"enemies":"2 Fungi Beasts","floor":13,"turns":4},{"damage":6,"enemies":"Looter","floor":14,"turns":3},{"damage":11,"enemies":"The Guardian","floor":16,"turns":14},{"damage":12,"enemies":"2 Thieves","floor":18,"turns":4},{"damage":0,"enemies":"Chosen","floor":19,"turns":5},{"damage":5,"enemies":"Snake Plant","floor":20,"turns":7},{"damage":12,"enemies":"Snecko","floor":25,"turns":8},{"damage":16,"enemies":"Book of Stabbing","floor":29,"turns":6},{"damage":0,"enemies":"Gremlin Leader","floor":31,"turns":6},{"damage":12,"enemies":"Collector","floor":33,"turns":9},{"damage":5,"enemies":"Flame Bruiser 1 Orb","floor":35,"turns":6},{"damage":0,"enemies":"3 Shapes","floor":36,"turns":6},{"damage":24,"enemies":"Transient","floor":37,"turns":5},{"damage":5,"enemies":"Spire Growth","floor":38,"turns":11},{"damage":57,"enemies":"2 Orb Walkers","floor":41,"turns":5}],"seed_played":"4300276507589328354","potions_obtained":[{"floor":1,"key":"Regen Potion"},{"floor":3,"key":"SteroidPotion"},{"floor":11,"key":"Swift Potion"},{"floor":18,"key":"SteroidPotion"},{"floor":25,"key":"Regen Potion"},{"floor":29,"key":"GamblersBrew"},{"floor":35,"key":"Weak Potion"},{"floor":37,"key":"Explosive Potion"}],"is_trial":false,"path_per_floor":["M","M","?","M","M","R","E","R","T","?","E","$","M","M","R","B",null,"M","M","M","$","?","R","?","M","T","$","R","E","R","E","R","B",null,"M","M","M","M","$","R"],"character_chosen":"DEFECT","items_purchased":["Defragment","Chrysalis","Defragment","Stack","Bandage Up","Beam Cell","Core Surge","Capacitor"],"campfire_rested":0,"item_purchase_floors":[12,12,21,21,27,27,39,39],"current_hp_per_floor":[55,49,49,42,34,34,21,21,21,21,31,31,41,47,47,36,62,50,50,45,45,24,24,24,38,38,38,38,40,40,48,48,40,63,58,62,38,44,44,44,0],"gold":51,"neow_bonus":"","is_prod":false,"is_daily":false,"chose_seed":false,"campfire_upgraded":8,"win_rate":0,"timestamp":1533166531,"path_taken":["M","M","?","M","M","R","E","R","T","?","E","$","M","M","R","BOSS","M","M","M","$","?","R","?","M","T","$","R","E","R","E","R","BOSS","M","M","M","M","$","R","E"],"build_version":"2018-07-31","purchased_purges":0,"victory":false,"max_hp_per_floor":[71,71,71,71,71,71,71,71,71,71,71,71,71,71,71,71,71,71,71,71,71,71,71,71,71,71,71,71,71,71,71,71,71,71,71,71,71,71,71,71,71],"card_choices":[{"not_picked":["Tempest","Redo"],"picked":"Hello World","floor":1},{"not_picked":["Gash","Sweeping Beam"],"picked":"Go for the Eyes","floor":2},{"not_picked":["Rebound","Ball Lightning"],"picked":"Coolheaded","floor":4},{"not_picked":["Heatsinks","Blizzard"],"picked":"Doom and Gloom","floor":5},{"not_picked":["Leap","Steam"],"picked":"Glacier","floor":7},{"not_picked":["Beam Cell","Streamline"],"picked":"Auto Shields","floor":11},{"not_picked":["Chaos","Rip and Tear"],"picked":"Conserve Battery","floor":13},{"not_picked":["Redo","Turbo"],"picked":"Compile Driver","floor":14},{"not_picked":["Core Surge","Biased Cognition"],"picked":"Amplify","floor":16},{"not_picked":["Steam+1","Conserve Battery"],"picked":"Leap","floor":18},{"not_picked":["Conserve Battery","Barrage"],"picked":"Leap+1","floor":19},{"not_picked":["Gash","Skim"],"picked":"Ball Lightning+1","floor":20},{"not_picked":["Reprogram","Steam","Sweeping Beam"],"picked":"SKIP","floor":25},{"not_picked":["Static Discharge","Compile Driver"],"picked":"Defragment","floor":29},{"not_picked":["Rip and Tear+1","Scrape"],"picked":"Capacitor","floor":31},{"not_picked":["Hyperbeam","Thunder Strike"],"picked":"Buffer","floor":33},{"not_picked":["Reinforced Body","Streamline"],"picked":"Static Discharge","floor":36},{"not_picked":["Force Field+1","Conserve Battery"],"picked":"Glacier","floor":37},{"not_picked":["Genetic Algorithm","Streamline+1"],"picked":"Leap+1","floor":38}],"player_experience":707522,"relics_obtained":[{"floor":7,"key":"Juzu Bracelet"},{"floor":9,"key":"Bag of Marbles"},{"floor":11,"key":"Meat on the Bone"},{"floor":22,"key":"Nilry\u0027s Codex"},{"floor":26,"key":"Gremlin Horn"},{"floor":29,"key":"Potion Belt"},{"floor":31,"key":"Thread and Needle"}],"event_choices":[{"event_name":"The Lab","player_choice":"Got Potions","floor":3,"damage_taken":0},{"event_name":"Golden Wing","player_choice":"Gained Gold","floor":10,"damage_taken":0},{"event_name":"Cursed Tome","player_choice":"Obtained Book","floor":22,"damage_taken":0},{"event_name":"The Mausoleum","player_choice":"No","floor":24,"damage_taken":0}],"is_beta":true,"boss_relics":[{"not_picked":["Eternal Feather","Fusion Hammer"],"picked":"Coffee Dripper"},{"not_picked":["Tiny House","Velvet Choker"],"picked":"FrozenCore"}],"items_purged_floors":[],"is_endless":false,"potions_floor_spawned":[1,4,11,13,14,18,25,29,35,37],"killed_by":"2 Orb Walkers","ascension_level":15}