{"gold_per_floor":[113,113,113,63,76,76,107,182,207,220,70,70,70,87,87,161,161,151,164,57,67,27,52,52,52,103,116,116],"floor_reached":28,"playtime":917,"items_purged":["Injury"],"score":413,"play_id":"ca237d29-71d8-4d55-85d2-fe447634d862","local_time":"20180709123323","daily_mods":["Binary"],"is_ascension_mode":true,"campfire_choices":[{"data":"Coolheaded","floor":6,"key":"SMITH"},{"data":"Coolheaded","floor":12,"key":"SMITH"},{"data":"Dualcast","floor":15,"key":"SMITH"},{"floor":24,"key":"REST"}],"neow_cost":"","seed_source_timestamp":0,"circlet_count":0,"master_deck":["Strike_B","Strike_B","Strike_B","Strike_B","Defend_B","Defend_B","Defend_B","Defend_B","Zap+1","Dualcast+1","AscendersBane","Coolheaded+1","Coolheaded+1","Cold Snap","Parasite","Streamline","Conserve Battery","Defragment","Decay"],"relics":["Cracked Core","Busted Crown","Anchor","Orichalcum","Inserter","Ice Cream","Potion Belt"],"potions_floor_usage":[23,28,28],"damage_taken":[{"damage":0,"enemies":"2 Louse","floor":1,"turns":2},{"damage":1,"enemies":"Cultist","floor":5,"turns":3},{"damage":11,"enemies":"3 Sentries","floor":7,"turns":9},{"damage":0,"enemies":"Small Slimes","floor":10,"turns":2},{"damage":0,"enemies":"Blue Slaver","floor":14,"turns":3},{"damage":24,"enemies":"The Guardian","floor":16,"turns":16},{"damage":8,"enemies":"2 Thieves","floor":18,"turns":4},{"damage":14,"enemies":"Shell Parasite","floor":19,"turns":10},{"damage":37,"enemies":"Snake Plant","floor":21,"turns":6},{"damage":6,"enemies":"Book of Stabbing","floor":23,"turns":8},{"damage":9,"enemies":"Snecko","floor":27,"turns":6},{"damage":20,"enemies":"Cultist and Chosen","floor":28,"turns":6}],"seed_played":"1045173174403605222","potions_obtained":[{"floor":1,"key":"Strength Potion"},{"floor":5,"key":"FocusPotion"},{"floor":23,"key":"Strength Potion"}],"is_trial":true,"path_per_floor":["M","?","?","$","M","R","E","?","T","M","$","R","?","M","R","B",null,"M","M","$","M","$","E","R","?","T","M"],"character_chosen":"DEFECT","items_purchased":["Coolheaded","Coolheaded","Cold Snap","Streamline","Conserve Battery","Defragment"],"campfire_rested":1,"item_purchase_floors":[4,11,11,20,20,22],"current_hp_per_floor":[64,64,69,69,68,68,57,46,46,46,46,46,65,65,65,41,67,59,45,45,8,8,2,24,24,24,15,0],"gold":116,"neow_bonus":"","is_prod":false,"is_daily":false,"chose_seed":false,"campfire_upgraded":3,"win_rate":0,"timestamp":1531164803,"path_taken":["M","?","?","$","?","R","E","?","T","M","$","R","?","M","R","BOSS","M","M","$","M","$","E","R","?","T","M","?"],"build_version":"2018-07-05","purchased_purges":1,"victory":false,"max_hp_per_floor":[71,71,76,76,76,76,76,76,76,76,76,76,76,76,76,76,76,76,76,76,76,76,76,76,76,76,76,76],"card_choices":[],"player_experience":546797,"relics_obtained":[{"floor":7,"key":"Anchor"},{"floor":9,"key":"Orichalcum"},{"floor":23,"key":"Ice Cream"},{"floor":26,"key":"Potion Belt"}],"event_choices":[{"event_name":"Accursed Blacksmith","player_choice":"Forge","floor":2,"damage_taken":0},{"event_name":"Big Fish","player_choice":"Donut","floor":3,"damage_taken":0},{"event_name":"World of Goop","player_choice":"Gather Gold","floor":8,"damage_taken":0},{"event_name":"Mushrooms","player_choice":"Healed and dodged fight","floor":13,"damage_taken":0},{"event_name":"Forgotten Altar","player_choice":"Smashed Altar","floor":25,"damage_taken":0}],"boss_relics":[{"not_picked":["White Beast Statue","Philosopher\u0027s Stone"],"picked":"Inserter"}],"items_purged_floors":[11],"is_endless":false,"potions_floor_spawned":[1,5,14,16,19,23],"killed_by":"Cultist and Chosen","ascension_level":15}