{"gold_per_floor":[116,127,127,52,52,84,84,102,150,161,174,204,154,174,174,274,274,288,305,180,191,191,191,211,211],"floor_reached":25,"playtime":1274,"items_purged":["Defend_G","Defend_G","Strike_G"],"score":277,"play_id":"37f4ab0a-1637-4ebf-8fea-be475084e9ee","local_time":"20190806174332","is_ascension_mode":true,"campfire_choices":[{"data":"Neutralize","floor":7.0,"key":"SMITH"},{"data":"Survivor","floor":15,"key":"SMITH"},{"floor":23,"key":"REST"}],"neow_cost":"NONE","seed_source_timestamp":4416062129586,"circlet_count":0,"master_deck":["Strike_G","Strike_G","Strike_G","Strike_G","Defend_G+1","Defend_G+1","Defend_G","Survivor+1","Neutralize+1","Tactician","Tactician+1"],"special_seed":0,"relics":["Ring of the Snake","NeowsBlessing","FossilizedHelix","War Paint","Smiling Mask","Singing Bowl","Orrery"],"potions_floor_usage":[16,16,21,25,25],"damage_taken":[{"damage":0.0,"enemies":"Cultist","floor":1.0,"turns":1.0},{"damage":0.0,"enemies":"Small Slimes","floor":2.0,"turns":1.0},{"damage":0.0,"enemies":"Lagavulin","floor":6.0,"turns":1.0},{"damage":0.0,"enemies":"Jaw Worm","floor":8.0,"turns":3.0},{"damage":0.0,"enemies":"Exordium Wildlife","floor":10.0,"turns":4.0},{"damage":0.0,"enemies":"2 Fungi Beasts","floor":11.0,"turns":4.0},{"damage":12,"enemies":"Gremlin Nob","floor":12,"turns":6},{"damage":0,"enemies":"Blue Slaver","floor":14,"turns":4},{"damage":38,"enemies":"The Guardian","floor":16,"turns":23},{"damage":17,"enemies":"Chosen","floor":18,"turns":10},{"damage":0,"enemies":"3 Byrds","floor":19,"turns":10},{"damage":37,"enemies":"Snecko","floor":21,"turns":13},{"damage":11,"enemies":"Shelled Parasite and Fungi","floor":24,"turns":20},{"damage":94,"enemies":"Gremlin Leader","floor":25,"turns":12}],"seed_played":"-2907800687723118278","potions_obtained":[{"floor":6.0,"key":"Poison Potion"},{"floor":11.0,"key":"Energy Potion"},{"floor":14,"key":"SkillPotion"},{"floor":16,"key":"Regen Potion"},{"floor":24,"key":"Regen Potion"}],"is_trial":false,"path_per_floor":["M","M","?","$","T","E","R","M","T","M","M","E","$","M","R","B",null,"M","M","$","M","?","R","M","E"],"character_chosen":"THE_SILENT","items_purchased":["GhostInAJar"],"campfire_rested":1,"item_purchase_floors":[20],"current_hp_per_floor":[70,70,70,70,70,70,70,70,70,70,70,60,60,62,62,26,84,69,71,71,51,51,78,69,0],"gold":211,"neow_bonus":"THREE_ENEMY_KILL","is_prod":false,"is_daily":false,"chose_seed":false,"campfire_upgraded":2,"win_rate":0,"timestamp":1565138612,"path_taken":["M","M","?","$","?","E","R","?","T","M","M","E","$","M","R","BOSS","M","M","$","M","?","R","M","E"],"build_version":"2019-07-18","purchased_purges":3,"victory":false,"max_hp_per_floor":[70,70,70,70,70,70,70,70,70,70,70,72,72,74,74,76,84,86,88,88,90,90,90,92,92],"card_choices":[{"not_picked":["Flying Knee","Cloak And Dagger"],"picked":"Tactician","floor":2.0},{"not_picked":["Slice","Caltrops","Outmaneuver"],"picked":"SKIP","floor":6.0},{"not_picked":["Dash","Adrenaline","Dodge and Roll"],"picked":"Singing Bowl","floor":12},{"not_picked":["Acrobatics","Dodge and Roll","Outmaneuver"],"picked":"Singing Bowl","floor":14},{"not_picked":["Glass Knife","Unload","Envenom"],"picked":"Singing Bowl","floor":16},{"not_picked":["Dagger Spray","Escape Plan"],"picked":"Tactician","floor":17},{"not_picked":["Outmaneuver","Bane","Finisher"],"picked":"Singing Bowl","floor":17},{"not_picked":["Flechettes","Backflip","Cloak And Dagger"],"picked":"Singing Bowl","floor":17},{"not_picked":["Eviscerate","Well Laid Plans","Bane"],"picked":"Singing Bowl","floor":17},{"not_picked":["Accuracy","Underhanded Strike","Poisoned Stab"],"picked":"Singing Bowl","floor":17},{"not_picked":["Skewer","Cloak And Dagger","Sucker Punch"],"picked":"Singing Bowl","floor":18},{"not_picked":["Poisoned Stab","Deadly Poison","Cloak And Dagger"],"picked":"Singing Bowl","floor":19},{"not_picked":["Heel Hook","Cloak And Dagger+1","Noxious Fumes"],"picked":"Singing Bowl","floor":21},{"not_picked":["Backflip","Dagger Throw","Tactician"],"picked":"Singing Bowl","floor":24}],"player_experience":1376680,"relics_obtained":[{"floor":5.0,"key":"FossilizedHelix"},{"floor":6.0,"key":"War Paint"},{"floor":9.0,"key":"Smiling Mask"},{"floor":12,"key":"Singing Bowl"}],"event_choices":[{"damage_healed":0.0,"max_hp_gain":0.0,"max_hp_loss":0.0,"gold_gain":0.0,"event_name":"The Woman in Blue","player_choice":"Bought 0 Potions","floor":3.0,"gold_loss":0.0,"damage_taken":0.0},{"damage_healed":0,"gold_gain":0,"player_choice":"Upgraded","damage_taken":0,"max_hp_gain":0,"max_hp_loss":0,"event_name":"Upgrade Shrine","floor":22,"gold_loss":0,"cards_upgraded":["Tactician"]}],"is_beta":true,"boss_relics":[{"not_picked":["Lizard Tail","WristBlade"],"picked":"Orrery"}],"items_purged_floors":[4,13,20],"is_endless":false,"potions_floor_spawned":[6,11,14,16,24],"killed_by":"Gremlin Leader","ascension_level":1}