{"gold_per_floor":[217,167,18,118,138,138,169,183,183,194,206,218,233,247,247,247],"floor_reached":16,"playtime":790,"items_purged":[],"score":106,"play_id":"e015d035-50c4-43f2-af46-afcb018cb752","local_time":"20190112193353","is_ascension_mode":false,"campfire_choices":[{"data":"Shrug It Off","floor":6,"key":"SMITH"},{"data":"Flame Barrier","floor":15,"key":"SMITH"}],"neow_cost":"NONE","seed_source_timestamp":264400552646498,"circlet_count":0,"master_deck":["Strike_R","Strike_R","Strike_R","Strike_R","Defend_R","Defend_R","Defend_R","Defend_R","Bash","Flex","Shrug It Off+1","Discovery","Clothesline","Flame Barrier+1","Cleave","Iron Wave","Spot Weakness"],"relics":["Burning Blood","PreservedInsect","Self Forming Clay"],"potions_floor_usage":[16,16],"damage_taken":[{"damage":8,"enemies":"Jaw Worm","floor":1,"turns":5},{"damage":0,"enemies":"2 Louse","floor":5,"turns":3},{"damage":33,"enemies":"Gremlin Nob","floor":7,"turns":5},{"damage":0,"enemies":"Cultist","floor":8,"turns":4},{"damage":8,"enemies":"2 Fungi Beasts","floor":10,"turns":4},{"damage":5,"enemies":"Large Slime","floor":11,"turns":9},{"damage":1,"enemies":"3 Louse","floor":12,"turns":5},{"damage":12,"enemies":"Exordium Wildlife","floor":13,"turns":4},{"damage":7,"enemies":"Blue Slaver","floor":14,"turns":4},{"damage":59,"enemies":"Slime Boss","floor":16,"turns":9}],"seed_played":"-5393646204434960836","potions_obtained":[{"floor":1,"key":"EssenceOfSteel"},{"floor":10,"key":"SkillPotion"},{"floor":12,"key":"Ancient Potion"}],"is_trial":false,"path_per_floor":["M","?","$","?","M","R","E","M","T","M","M","M","M","M","R","B"],"character_chosen":"IRONCLAD","items_purchased":["Shrug It Off","Discovery"],"campfire_rested":0,"item_purchase_floors":[3,3],"current_hp_per_floor":[78,78,78,78,80,80,53,59,59,57,58,63,57,56,56,0],"gold":247,"neow_bonus":"HUNDRED_GOLD","is_prod":false,"is_daily":false,"chose_seed":false,"campfire_upgraded":2,"win_rate":0.0,"timestamp":1547339633,"path_taken":["M","?","$","?","M","R","E","M","T","M","?","M","M","M","R","BOSS"],"build_version":"2019-01-10","purchased_purges":0,"victory":false,"max_hp_per_floor":[80,80,80,80,80,80,80,80,80,80,80,80,80,80,80,80],"card_choices":[{"not_picked":["Evolve","Clash"],"picked":"Flex","floor":1},{"not_picked":["Warcry","Rage"],"picked":"Clothesline","floor":5},{"not_picked":["Fire Breathing","Whirlwind","Corruption"],"picked":"SKIP","floor":7},{"not_picked":["Warcry","Evolve","Feel No Pain"],"picked":"SKIP","floor":8},{"not_picked":["Dual Wield","Whirlwind","Rampage"],"picked":"SKIP","floor":10},{"not_picked":["Burning Pact","Seeing Red"],"picked":"Flame Barrier","floor":11},{"not_picked":["Fire Breathing","Rupture"],"picked":"Cleave","floor":12},{"not_picked":["Anger","Shrug It Off"],"picked":"Iron Wave","floor":13},{"not_picked":["Flex","Searing Blow"],"picked":"Spot Weakness","floor":14}],"player_experience":15491,"relics_obtained":[{"floor":7,"key":"PreservedInsect"},{"floor":9,"key":"Self Forming Clay"}],"event_choices":[{"cards_removed":["Strike_R"],"damage_healed":0,"gold_gain":0,"player_choice":"Card Removal","damage_taken":0,"max_hp_gain":0,"max_hp_loss":0,"event_name":"The Cleric","floor":2,"gold_loss":50},{"damage_healed":0,"gold_gain":100,"player_choice":"Pray","damage_taken":0,"max_hp_gain":0,"max_hp_loss":0,"event_name":"Golden Shrine","floor":4,"gold_loss":0}],"is_beta":false,"boss_relics":[],"items_purged_floors":[],"is_endless":false,"potions_floor_spawned":[1,10,12,13],"killed_by":"Slime Boss","ascension_level":0}