{"gold_per_floor":[114,189,17,33,43,43,75,75,75,75,87,87,17,17,17,90,90,104,104,13,63,73,73,73,73,96,111,139,139,149,169,169,240,240,254,254,274,292,21,21,53,76,100,100,100,7,26,39,39,39],"floor_reached":50,"playtime":1421,"items_purged":["Defend_G"],"score":904,"play_id":"426ea457-7797-4da4-99c7-92d42553a871","local_time":"20180715232618","is_ascension_mode":true,"campfire_choices":[{"data":"Neutralize","floor":6,"key":"SMITH"},{"floor":8,"key":"REST"},{"data":"Infinite Blades","floor":10,"key":"SMITH"},{"data":"Infinite Blades","floor":15,"key":"SMITH"},{"data":"After Image","floor":23,"key":"SMITH"},{"data":"Noxious Fumes","floor":25,"key":"SMITH"},{"data":"Noxious Fumes","floor":32,"key":"SMITH"},{"data":"Footwork","floor":40,"key":"SMITH"},{"floor":44,"key":"REST"},{"data":"Caltrops","floor":49,"key":"SMITH"}],"neow_cost":"NONE","seed_source_timestamp":337246311138327,"circlet_count":0,"master_deck":["Defend_G","Defend_G","Strike_G","Strike_G","Survivor","Neutralize+1","AscendersBane","Backstab","Backflip","Deadly Poison","Backflip","Deflect","Infinite Blades+1","Infinite Blades+1","Caltrops","Caltrops+1","After Image+1","Flying Knee+1","Slice+1","Catalyst+1","PiercingWail","Noxious Fumes+1","Backflip","Finisher","Noxious Fumes+1","Endless Agony","Corpse Explosion","Endless Agony+1","PiercingWail+1","Dagger Throw","Footwork+1","Deflect+1","Distraction+1","Jack Of All Trades","Backflip","Backstab","PiercingWail"],"relics":["WristBlade","Mercury Hourglass","Regal Pillow","Ornamental Fan","Astrolabe","Lantern","Tough Bandages","Busted Crown","War Paint","Blood Vial","Anchor"],"potions_floor_usage":[7,27,30,31,33,41,50],"damage_taken":[{"damage":7,"enemies":"Small Slimes","floor":1,"turns":4},{"damage":0,"enemies":"2 Louse","floor":4,"turns":2},{"damage":9,"enemies":"Jaw Worm","floor":5,"turns":2},{"damage":20,"enemies":"Gremlin Nob","floor":7,"turns":4},{"damage":0,"enemies":"Large Slime","floor":11,"turns":4},{"damage":6,"enemies":"Hexaghost","floor":16,"turns":8},{"damage":0,"enemies":"Spheric Guardian","floor":18,"turns":3},{"damage":7,"enemies":"Chosen","floor":22,"turns":4},{"damage":5,"enemies":"Sentry and Sphere","floor":27,"turns":3},{"damage":15,"enemies":"Book of Stabbing","floor":28,"turns":5},{"damage":2,"enemies":"Centurion and Healer","floor":30,"turns":5},{"damage":0,"enemies":"Snecko","floor":31,"turns":4},{"damage":24,"enemies":"Automaton","floor":33,"turns":9},{"damage":2,"enemies":"3 Shapes","floor":35,"turns":4},{"damage":0,"enemies":"Flame Bruiser 1 Orb","floor":37,"turns":4},{"damage":5,"enemies":"Spire Growth","floor":38,"turns":3},{"damage":44,"enemies":"Nemesis","floor":41,"turns":7},{"damage":0,"enemies":"4 Shapes","floor":47,"turns":5},{"damage":0,"enemies":"Sphere and 2 Shapes","floor":48,"turns":5},{"damage":76,"enemies":"Time Eater","floor":50,"turns":10}],"seed_played":"6929324934951030325","potions_obtained":[{"floor":4,"key":"Poison Potion"},{"floor":11,"key":"Poison Potion"},{"floor":19,"key":"GhostInAJar"},{"floor":19,"key":"Fire Potion"},{"floor":30,"key":"GhostInAJar"},{"floor":31,"key":"GhostInAJar"},{"floor":33,"key":"Regen Potion"},{"floor":41,"key":"Energy Potion"},{"floor":47,"key":"PowerPotion"}],"is_trial":false,"path_per_floor":["M","?","$","M","M","R","E","R","T","R","M","?","$","T","R","B",null,"M","?","$","?","M","R","?","R","T","M","E","?","M","M","R","B",null,"M","?","M","M","$","R","E","T","T","R","?","$","M","M","R"],"character_chosen":"THE_SILENT","items_purchased":["Backflip","Deadly Poison","Caltrops","Noxious Fumes","Backflip","Footwork","Deflect","Distraction","Jack Of All Trades","Backflip","Backstab"],"campfire_rested":2,"item_purchase_floors":[3,3,13,20,20,39,39,39,39,46,46],"current_hp_per_floor":[52,41,41,41,32,32,12,31,31,31,31,31,31,31,31,25,56,56,56,56,56,49,49,49,49,49,44,29,66,64,64,64,40,60,58,58,58,53,53,53,24,24,24,58,66,66,66,66,66,0],"gold":39,"neow_bonus":"BOSS_RELIC","is_prod":false,"is_daily":false,"chose_seed":false,"campfire_upgraded":8,"win_rate":0,"timestamp":1531722378,"path_taken":["M","?","?","M","M","R","E","R","T","R","M","?","$","?","R","BOSS","M","?","$","?","M","R","?","R","T","M","E","?","M","M","R","BOSS","M","?","?","M","$","R","E","?","T","R","?","$","M","?","R","BOSS"],"build_version":"2018-07-13","purchased_purges":1,"victory":false,"max_hp_per_floor":[66,66,66,66,66,66,66,66,66,66,66,66,66,66,66,66,66,66,66,66,66,66,66,66,66,66,66,66,66,66,66,66,66,66,66,66,66,66,66,66,66,66,66,66,66,66,66,66,66,66],"card_choices":[{"not_picked":["PiercingWail","Quick Slash"],"picked":"Backstab","floor":1},{"not_picked":["Masterful Stab","PiercingWail"],"picked":"Backflip","floor":4},{"not_picked":["Outmaneuver","Backflip"],"picked":"Deflect","floor":5},{"not_picked":["Predator","Distraction"],"picked":"Infinite Blades","floor":7},{"not_picked":["Bane","Slice"],"picked":"Infinite Blades","floor":11},{"not_picked":["Storm of Steel","Tools of the Trade"],"picked":"After Image","floor":16},{"not_picked":["Acrobatics","Prepared"],"picked":"PiercingWail","floor":18},{"not_picked":["Poisoned Stab","Bouncing Flask"],"picked":"Escape Plan","floor":27},{"not_picked":["Night Terror","Underhanded Strike"],"picked":"Finisher","floor":28},{"not_picked":["Acrobatics","Skewer"],"picked":"Noxious Fumes","floor":30},{"not_picked":["Masterful Stab","Reflex"],"picked":"Endless Agony","floor":31},{"not_picked":["Phantasmal Killer","Night Terror"],"picked":"Corpse Explosion","floor":33},{"not_picked":[],"picked":"Endless Agony+1","floor":35},{"not_picked":[],"picked":"PiercingWail+1","floor":37},{"not_picked":[],"picked":"Dagger Throw","floor":38},{"not_picked":["Poisoned Stab"],"picked":"SKIP","floor":41},{"not_picked":[],"picked":"PiercingWail","floor":48}],"player_experience":655921,"relics_obtained":[{"floor":7,"key":"Mercury Hourglass"},{"floor":9,"key":"Regal Pillow"},{"floor":14,"key":"Ornamental Fan"},{"floor":26,"key":"Lantern"},{"floor":28,"key":"Tough Bandages"},{"floor":41,"key":"War Paint"},{"floor":42,"key":"Blood Vial"},{"floor":43,"key":"Anchor"}],"event_choices":[{"event_name":"World of Goop","player_choice":"Gather Gold","floor":2,"damage_taken":0},{"event_name":"Transmorgrifier","player_choice":"Transform","floor":12,"damage_taken":0},{"event_name":"The Lab","player_choice":"Got Potions","floor":19,"damage_taken":0},{"event_name":"Nest","player_choice":"Stole From Cult","floor":21,"damage_taken":0},{"event_name":"Addict","player_choice":"Ignored","floor":24,"damage_taken":0},{"event_name":"Bonfire Elementals","player_choice":"UNCOMMON","floor":29,"damage_taken":0},{"event_name":"Falling","player_choice":"Removed Skill","floor":36,"damage_taken":0},{"event_name":"Wheel of Change","player_choice":"Full Heal","floor":45,"damage_taken":0}],"boss_relics":[{"not_picked":["White Beast Statue","Runic Pyramid"],"picked":"Astrolabe"},{"not_picked":["Empty Cage","Black Star"],"picked":"Busted Crown"}],"items_purged_floors":[3],"is_endless":false,"potions_floor_spawned":[4,11,30,31,33,41,47],"killed_by":"Time Eater","ascension_level":15}