{"gold_per_floor":[114,124,29,29,29,29,62,62,62,75,100,100,110,142,142,142],"floor_reached":16,"playtime":373,"items_purged":[],"score":336,"play_id":"966fbb37-27a5-406c-848c-c94a6a24a878","local_time":"20190228222857","is_ascension_mode":true,"campfire_choices":[{"data":"Chill","floor":6,"key":"SMITH"},{"data":"Biased Cognition","floor":12,"key":"SMITH"},{"data":"Coolheaded","floor":15,"key":"SMITH"}],"neow_cost":"NONE","seed_source_timestamp":19080746212046,"circlet_count":0,"master_deck":["AscendersBane","Strike_B","Strike_B","Strike_B+1","Strike_B","Defend_B","Defend_B","Defend_B","Defend_B","Zap+1","Dualcast","Chill+1","FTL+1","Hologram+1","Conserve Battery","Capacitor","Biased Cognition+1","Coolheaded+1","Stack"],"relics":["Cracked Core","NeowsBlessing","Bag of Preparation","Blood Vial","WingedGreaves","Whetstone"],"potions_floor_usage":[11,11],"damage_taken":[{"damage":0,"enemies":"Cultist","floor":1,"turns":1},{"damage":0,"enemies":"2 Louse","floor":2,"turns":1},{"damage":0,"enemies":"3 Sentries","floor":7,"turns":1},{"damage":0,"enemies":"Jaw Worm","floor":10,"turns":4},{"damage":16,"enemies":"Lagavulin","floor":11,"turns":9},{"damage":0,"enemies":"Exordium Wildlife","floor":13,"turns":2},{"damage":0,"enemies":"Gremlin Nob","floor":14,"turns":3},{"damage":42,"enemies":"Slime Boss","floor":16,"turns":10}],"seed_played":"1060687283116863454","potions_obtained":[{"floor":1,"key":"Dexterity Potion"},{"floor":2,"key":"SmokeBomb"},{"floor":10,"key":"Block Potion"}],"is_trial":false,"path_per_floor":["M","M","$","?","$","R","E","?","T","M","E","R","M","E","R","B"],"character_chosen":"DEFECT","items_purchased":["FTL","Hologram"],"campfire_rested":0,"item_purchase_floors":[3,3],"current_hp_per_floor":[64,64,64,43,43,43,43,48,48,50,36,36,38,40,40,0],"gold":142,"neow_bonus":"THREE_ENEMY_KILL","is_prod":false,"is_daily":false,"chose_seed":false,"campfire_upgraded":3,"win_rate":0,"timestamp":1551421737,"path_taken":["M","M","?","?","$","R","E","?","T","?","E","R","M","E","R","BOSS"],"build_version":"2019-02-06","purchased_purges":0,"victory":false,"max_hp_per_floor":[71,71,71,71,71,71,71,76,76,76,76,76,76,76,76,76],"card_choices":[{"not_picked":["Coolheaded","Conserve Battery"],"picked":"Chill","floor":2},{"not_picked":["Steam Power","Redo"],"picked":"Conserve Battery","floor":7},{"not_picked":["Leap","Double Energy"],"picked":"Capacitor","floor":10},{"not_picked":["Storm","FTL"],"picked":"Biased Cognition","floor":11},{"not_picked":["Go for the Eyes","Hologram"],"picked":"Coolheaded","floor":13},{"not_picked":["Scrape","Skim"],"picked":"Stack","floor":14}],"player_experience":1241568,"relics_obtained":[{"floor":7,"key":"Bag of Preparation"},{"floor":9,"key":"Blood Vial"},{"floor":11,"key":"WingedGreaves"},{"floor":14,"key":"Whetstone"}],"event_choices":[{"damage_healed":0,"gold_gain":0,"player_choice":"Entered Light","damage_taken":21,"max_hp_gain":0,"max_hp_loss":0,"event_name":"Shining Light","floor":4,"gold_loss":0,"cards_upgraded":["Zap","Hologram"]},{"damage_healed":0,"gold_gain":0,"player_choice":"Donut","damage_taken":0,"max_hp_gain":5,"max_hp_loss":0,"event_name":"Big Fish","floor":8,"gold_loss":0}],"is_beta":true,"boss_relics":[],"items_purged_floors":[],"is_endless":false,"potions_floor_spawned":[1,2,10],"killed_by":"Slime Boss","ascension_level":20}