{"gold_per_floor":[117,137,157,157,173,207,207,222,245,258,25,25,25,25,25,120,120,134,134,134,153,153,153,183,183,236,236,253,253,253,268,268,369,369,379,390,93,107,7,7,7,0,75,102,102,102,4,14,14,14],"floor_reached":51,"playtime":6176,"items_purged":["Strike_B","Defend_B"],"score":643,"play_id":"898b56cc-ae61-43d1-af60-367ef6e670c3","local_time":"20190525162257","is_ascension_mode":false,"campfire_choices":[{"floor":7,"key":"REST"},{"floor":12,"key":"REST"},{"floor":15,"key":"REST"},{"data":"Fission","floor":23,"key":"SMITH"},{"data":"1","floor":25,"key":"LIFT"},{"data":"2","floor":27,"key":"LIFT"},{"floor":29,"key":"REST"},{"floor":32,"key":"REST"},{"floor":40,"key":"REST"},{"floor":49,"key":"REST"}],"neow_cost":"NONE","seed_source_timestamp":841865074747699,"circlet_count":0,"master_deck":["Strike_B","Strike_B","Defend_B","Defend_B","Defend_B","Zap","Dualcast","Cold Snap","Genetic Algorithm","Consume","Reinforced Body","Ball Lightning","Conserve Battery","Fission+1","Seek","Go for the Eyes","Lockon","Genetic Algorithm","Multi-Cast","White Noise+1","Glacier+1","Chaos+1","Compile Driver+1","Panache","Dark Shackles","Secret Technique","Compile Driver+1"],"relics":["Cracked Core","Calipers","Bag of Marbles","Oddly Smooth Stone","Busted Crown","Girya","Question Card","Strawberry","Potion Belt","Runic Pyramid","Gambling Chip","Red Mask","Shuriken","Sundial"],"potions_floor_usage":[10,10,21,28,33,36,48,50,50,50],"damage_taken":[{"damage":1,"enemies":"2 Louse","floor":1,"turns":3},{"damage":0,"enemies":"Cultist","floor":2,"turns":3},{"damage":3,"enemies":"Small Slimes","floor":3,"turns":3},{"damage":12,"enemies":"3 Louse","floor":5,"turns":3},{"damage":40,"enemies":"3 Sentries","floor":6,"turns":7},{"damage":15,"enemies":"Exordium Thugs","floor":8,"turns":5},{"damage":13,"enemies":"Gremlin Gang","floor":10,"turns":4},{"damage":37,"enemies":"Slime Boss","floor":16,"turns":15},{"damage":18,"enemies":"2 Thieves","floor":18,"turns":4},{"damage":0,"enemies":"Chosen","floor":21,"turns":4},{"damage":28,"enemies":"Slavers","floor":24,"turns":6},{"damage":7,"enemies":"Snecko","floor":28,"turns":4},{"damage":14,"enemies":"Snake Plant","floor":31,"turns":4},{"damage":76,"enemies":"Automaton","floor":33,"turns":14},{"damage":5,"enemies":"3 Shapes","floor":35,"turns":5},{"damage":46,"enemies":"3 Darklings","floor":36,"turns":9},{"damage":0,"enemies":"Spire Growth","floor":38,"turns":6},{"damage":5,"enemies":"Reptomancer","floor":44,"turns":9},{"damage":5,"enemies":"Writhing Mass","floor":48,"turns":6},{"damage":34,"enemies":"Donu and Deca","floor":50,"turns":13}],"seed_played":"3459597197905323597","potions_obtained":[{"floor":2,"key":"GamblersBrew"},{"floor":5,"key":"PowerPotion"},{"floor":10,"key":"Regen Potion"},{"floor":16,"key":"SteroidPotion"},{"floor":18,"key":"Fire Potion"},{"floor":24,"key":"SteroidPotion"},{"floor":35,"key":"LiquidBronze"},{"floor":36,"key":"Strength Potion"},{"floor":44,"key":"Swift Potion"}],"is_trial":false,"path_per_floor":["M","M","M","?","M","E","R","M","T","M","$","R","?","$","R","B",null,"M","?","T","M","T","R","E","R","T","R","M","R","?","M","R","B",null,"M","M","$","M","$","R","?","?","T","E","?","?","$","M","R","B",null],"character_chosen":"DEFECT","items_purchased":["Fission","Gambling Chip","Swift Potion","Weak Potion"],"campfire_rested":7,"item_purchase_floors":[11,37,47,47],"current_hp_per_floor":[81,81,78,78,66,26,50,35,35,22,22,46,43,43,67,30,82,64,64,64,64,64,64,43,43,43,43,45,71,71,57,83,7,89,84,38,38,38,38,64,64,64,64,59,59,49,49,44,69,35],"gold":14,"neow_bonus":"TEN_PERCENT_HP_BONUS","is_prod":false,"is_daily":false,"chose_seed":false,"campfire_upgraded":1,"win_rate":0.0,"timestamp":1558815777,"path_taken":["M","M","M","?","M","E","R","M","T","M","?","R","?","$","R","BOSS","M","?","?","?","?","R","E","R","T","R","M","R","?","M","R","BOSS","M","?","$","M","$","R","?","?","T","E","?","?","?","M","R","BOSS"],"build_version":"2019-01-23","purchased_purges":2,"victory":true,"max_hp_per_floor":[82,82,82,82,82,82,82,82,82,82,82,82,82,82,82,82,82,82,82,82,82,82,82,89,89,89,89,89,89,89,89,89,89,89,89,89,89,89,89,89,89,89,89,89,85,85,85,85,85,85],"card_choices":[{"not_picked":["Sweeping Beam","Leap"],"picked":"Cold Snap","floor":1},{"not_picked":["Conserve Battery","Stack"],"picked":"Ball Lightning","floor":2},{"not_picked":["Consume","Redo"],"picked":"Genetic Algorithm","floor":3},{"not_picked":["Barrage","Stack"],"picked":"Consume","floor":5},{"not_picked":["Scrape","Double Energy"],"picked":"Reinforced Body","floor":6},{"not_picked":["Conserve Battery","Scrape"],"picked":"Ball Lightning","floor":8},{"not_picked":["Coolheaded","Hologram"],"picked":"Conserve Battery","floor":10},{"not_picked":["Machine Learning","Buffer"],"picked":"Seek","floor":16},{"not_picked":["Gash"],"picked":"SKIP","floor":18},{"not_picked":[],"picked":"Go for the Eyes","floor":21},{"not_picked":["Amplify","Stack"],"picked":"SKIP","floor":24},{"not_picked":["Redo"],"picked":"Lockon","floor":28},{"not_picked":["Leap","Beam Cell"],"picked":"SKIP","floor":31},{"not_picked":["Amplify"],"picked":"Multi-Cast","floor":33},{"not_picked":["Chaos+1"],"picked":"White Noise+1","floor":35},{"not_picked":["Auto Shields"],"picked":"Glacier+1","floor":36},{"not_picked":["Steam"],"picked":"Chaos+1","floor":38},{"not_picked":["Conserve Battery"],"picked":"Compile Driver+1","floor":44},{"not_picked":["Purity"],"picked":"Panache","floor":46},{"not_picked":["Discovery"],"picked":"Dark Shackles","floor":46},{"not_picked":["PanicButton"],"picked":"Secret Technique","floor":46},{"not_picked":["Stack"],"picked":"Compile Driver+1","floor":48}],"player_experience":7556,"relics_obtained":[{"floor":6,"key":"Calipers"},{"floor":9,"key":"Bag of Marbles"},{"floor":20,"key":"Girya"},{"floor":22,"key":"Question Card"},{"floor":24,"key":"Strawberry"},{"floor":26,"key":"Potion Belt"},{"floor":43,"key":"Shuriken"},{"floor":44,"key":"Sundial"}],"event_choices":[{"cards_removed":["Strike_B"],"damage_healed":0,"gold_gain":0,"player_choice":"Offered Basic","damage_taken":0,"max_hp_gain":0,"max_hp_loss":0,"event_name":"Bonfire Elementals","floor":4,"gold_loss":0},{"damage_healed":0,"gold_gain":0,"player_choice":"Success","damage_taken":3,"relics_obtained":["Oddly Smooth Stone"],"max_hp_gain":0,"max_hp_loss":0,"event_name":"Scrap Ooze","floor":13,"gold_loss":0},{"damage_healed":0,"gold_gain":0,"player_choice":"Ignored","damage_taken":0,"max_hp_gain":0,"max_hp_loss":0,"event_name":"Vampires","floor":19,"gold_loss":0},{"damage_healed":0,"gold_gain":0,"player_choice":"Copied","damage_taken":0,"max_hp_gain":0,"max_hp_loss":0,"event_name":"Duplicator","floor":30,"gold_loss":0,"cards_obtained":["Genetic Algorithm"]},{"cards_removed":["Ball Lightning"],"damage_healed":0,"gold_gain":0,"player_choice":"Removed Attack","damage_taken":0,"max_hp_gain":0,"max_hp_loss":0,"event_name":"Falling","floor":41,"gold_loss":0},{"damage_healed":0,"gold_gain":0,"player_choice":"Paid","damage_taken":0,"relics_obtained":["Red Mask"],"max_hp_gain":0,"max_hp_loss":0,"event_name":"Tomb of Lord Red Mask","floor":42,"gold_loss":7},{"damage_healed":0,"gold_gain":0,"player_choice":"Max HP","damage_taken":0,"max_hp_gain":0,"max_hp_loss":4,"event_name":"Winding Halls","floor":45,"gold_loss":0},{"damage_healed":0,"gold_gain":0,"player_choice":"Memory 3","damage_taken":10,"max_hp_gain":0,"max_hp_loss":0,"event_name":"SensoryStone","floor":46,"gold_loss":0}],"is_beta":false,"boss_relics":[{"not_picked":["Runic Dome","Calling Bell"],"picked":"Busted Crown"},{"not_picked":["Eternal Feather","Black Star"],"picked":"Runic Pyramid"}],"items_purged_floors":[11,39],"is_endless":false,"potions_floor_spawned":[2,5,10,16,18,24,35,36,44],"ascension_level":0}