{"gold_per_floor":[115,115,115,67,81,96,96,106,151,151,166,191,191,217,217,314,314,329,347,272,272],"floor_reached":21,"playtime":1485,"items_purged":[],"score":236,"play_id":"9cf1fb92-6f56-492d-aaf9-8090a17eb687","local_time":"20181126223751","is_ascension_mode":true,"campfire_choices":[{"data":"Rampage","floor":7,"key":"SMITH"},{"data":"Armaments","floor":10,"key":"SMITH"},{"data":"Warcry","floor":13,"key":"SMITH"},{"data":"Twin Strike","floor":15,"key":"SMITH"}],"neow_cost":"NONE","seed_source_timestamp":355965609340500,"circlet_count":0,"master_deck":["Strike_R","Strike_R","Strike_R","Strike_R+1","Defend_R","Defend_R+1","Defend_R","Defend_R","Bash+1","Armaments+1","Spot Weakness+1","Rampage+1","Flex","Warcry+1","Twin Strike+1","Heavy Blade"],"relics":["Black Blood","Red Skull","Whetstone","War Paint"],"potions_floor_usage":[3,11,12,14,14],"damage_taken":[{"damage":8,"enemies":"2 Louse","floor":1,"turns":5},{"damage":5,"enemies":"Small Slimes","floor":5,"turns":5},{"damage":1,"enemies":"Cultist","floor":6,"turns":3},{"damage":9,"enemies":"Exordium Wildlife","floor":8,"turns":5},{"damage":0,"enemies":"Large Slime","floor":11,"turns":4},{"damage":28,"enemies":"Gremlin Nob","floor":12,"turns":4},{"damage":12,"enemies":"Lagavulin","floor":14,"turns":5},{"damage":39,"enemies":"Hexaghost","floor":16,"turns":7},{"damage":35,"enemies":"3 Byrds","floor":18,"turns":7},{"damage":27,"enemies":"Spheric Guardian","floor":19,"turns":5},{"damage":35,"enemies":"Snake Plant","floor":21,"turns":2}],"seed_played":"-3296245002873992312","potions_obtained":[{"floor":0,"key":"SneckoOil"},{"floor":0,"key":"FearPotion"},{"floor":0,"key":"Fruit Juice"},{"floor":3,"key":"Fire Potion"},{"floor":3,"key":"FearPotion"},{"floor":6,"key":"Block Potion"},{"floor":11,"key":"Weak Potion"},{"floor":19,"key":"Ancient Potion"}],"is_trial":false,"path_per_floor":["M","?","?","$","M","M","R","M","T","R","M","E","R","E","R","B",null,"M","M","?","M"],"character_chosen":"IRONCLAD","items_purchased":["Armaments"],"campfire_rested":0,"item_purchase_floors":[4],"current_hp_per_floor":[78,83,88,88,89,90,90,87,87,87,90,68,68,62,62,29,75,50,33,33,0],"gold":272,"neow_bonus":"THREE_SMALL_POTIONS","is_prod":false,"is_daily":false,"chose_seed":false,"campfire_upgraded":4,"win_rate":0,"timestamp":1543268271,"path_taken":["M","?","?","$","?","M","R","M","T","R","M","E","R","E","R","BOSS","M","M","?","M"],"build_version":"2018-11-15","purchased_purges":0,"victory":false,"max_hp_per_floor":[80,85,90,90,90,90,90,90,90,90,90,90,90,90,90,90,90,90,90,90,90],"card_choices":[{"not_picked":["Wild Strike","Reckless Charge","True Grit"],"picked":"SKIP","floor":1},{"not_picked":["Sword Boomerang","Wild Strike"],"picked":"Spot Weakness","floor":5},{"not_picked":["Anger","Seeing Red"],"picked":"Rampage","floor":6},{"not_picked":["Bloodletting","Headbutt"],"picked":"Flex","floor":8},{"not_picked":["Wild Strike","Blood for Blood","Exhume"],"picked":"SKIP","floor":11},{"not_picked":["Metallicize","Clothesline"],"picked":"Warcry","floor":12},{"not_picked":["Sever Soul","Thunderclap"],"picked":"Twin Strike","floor":14},{"not_picked":["Havoc","True Grit","Warcry+1"],"picked":"SKIP","floor":18},{"not_picked":["Combust","Wild Strike+1"],"picked":"Heavy Blade","floor":19}],"player_experience":319370,"relics_obtained":[{"floor":9,"key":"Red Skull"},{"floor":12,"key":"Whetstone"},{"floor":14,"key":"War Paint"}],"event_choices":[{"damage_healed":0,"gold_gain":0,"player_choice":"Donut","damage_taken":0,"max_hp_gain":5,"max_hp_loss":0,"event_name":"Big Fish","floor":2,"gold_loss":0},{"damage_healed":0,"gold_gain":0,"player_choice":"Got Potions","damage_taken":0,"max_hp_gain":0,"max_hp_loss":0,"event_name":"Lab","floor":3,"gold_loss":0},{"cards_removed":["Strike_R"],"damage_healed":0,"gold_gain":0,"player_choice":"Gave Gold","damage_taken":0,"max_hp_gain":0,"max_hp_loss":0,"event_name":"Beggar","floor":20,"gold_loss":75}],"is_beta":false,"boss_relics":[{"not_picked":["Runic Cube","Runic Pyramid"],"picked":"Black Blood"}],"items_purged_floors":[],"is_endless":false,"potions_floor_spawned":[1,6,11,19],"killed_by":"Snake Plant","ascension_level":5}