{"gold_per_floor":[117,117,117,133,145,145,157,157,157,176,194,227,35,51,51,128,128,146,158,11,11,11,11,11,28,52,52,68,15,15,30,30,107,107,124,135,135,145,12,12],"floor_reached":40,"playtime":1378,"items_purged":["Defend_G","Shame"],"score":708,"play_id":"f8028dda-a31a-4a5c-b64d-f9b96ccfd0c6","local_time":"20180712203907","is_ascension_mode":true,"campfire_choices":[{"floor":6,"key":"REST"},{"floor":8,"key":"REST"},{"floor":15,"key":"REST"},{"floor":23,"key":"REST"},{"floor":30,"key":"REST"},{"floor":32,"key":"REST"}],"neow_cost":"NONE","seed_source_timestamp":241788298288145,"circlet_count":0,"master_deck":["Defend_G+1","Defend_G+1","Defend_G+1","Strike_G+1","Strike_G+1","Strike_G+1","Strike_G+1","Survivor","Neutralize","AscendersBane","Distraction","Storm of Steel","Backstab","Leg Sweep","Quick Slash","Quick Slash","Die Die Die","Dagger Spray","Skewer","Infinite Blades","Escape Plan","Glass Knife","Backflip","Leg Sweep","Noxious Fumes","Bullet Time","Blur","Decay","Slice","Bane+1","After Image","Cloak And Dagger","Writhe","Acrobatics","Noxious Fumes"],"relics":["Fusion Hammer","Shuriken","Mercury Hourglass","Cursed Key","Nilry\u0027s Codex","Oddly Smooth Stone","Sozu"],"potions_floor_usage":[40,40],"damage_taken":[{"damage":2,"enemies":"Small Slimes","floor":1,"turns":5},{"damage":0,"enemies":"Cultist","floor":4,"turns":4},{"damage":12,"enemies":"Jaw Worm","floor":5,"turns":3},{"damage":23,"enemies":"Large Slime","floor":7,"turns":11},{"damage":4,"enemies":"Red Slaver","floor":10,"turns":4},{"damage":0,"enemies":"3 Louse","floor":11,"turns":3},{"damage":25,"enemies":"Lagavulin","floor":12,"turns":6},{"damage":0,"enemies":"Gremlin Gang","floor":14,"turns":1},{"damage":14,"enemies":"The Guardian","floor":16,"turns":8},{"damage":16,"enemies":"Chosen","floor":18,"turns":4},{"damage":0,"enemies":"Spheric Guardian","floor":19,"turns":3},{"damage":0,"enemies":"Chosen and Byrds","floor":25,"turns":5},{"damage":2,"enemies":"Slaver and Parasite","floor":28,"turns":5},{"damage":0,"enemies":"Snake Plant","floor":31,"turns":4},{"damage":19,"enemies":"Champ","floor":33,"turns":10},{"damage":0,"enemies":"3 Shapes","floor":35,"turns":5},{"damage":10,"enemies":"Orb Walker","floor":36,"turns":3},{"damage":17,"enemies":"Maw","floor":38,"turns":9},{"damage":49,"enemies":"2 Orb Walkers","floor":40,"turns":3}],"seed_played":"8750291220559188763","potions_obtained":[{"floor":10,"key":"LiquidBronze"}],"is_trial":false,"path_per_floor":["M","?","?","M","M","R","M","R","T","M","M","E","$","M","R","B",null,"M","M","$","?","?","R","?","M","T","?","M","$","R","M","R","B",null,"M","M","?","M","$"],"character_chosen":"THE_SILENT","items_purchased":["Skewer","Infinite Blades","Noxious Fumes","Bullet Time","Slice","Noxious Fumes"],"campfire_rested":6,"item_purchase_floors":[13,13,20,20,29,39],"current_hp_per_floor":[57,57,50,50,38,57,34,53,53,49,49,24,24,24,43,29,57,41,41,41,41,20,39,39,39,39,39,37,37,56,56,66,47,61,61,51,64,47,47,0],"gold":12,"neow_bonus":"BOSS_RELIC","is_prod":false,"is_daily":false,"chose_seed":false,"campfire_upgraded":0,"win_rate":0,"timestamp":1531453147,"path_taken":["M","?","?","?","M","R","M","R","T","M","M","E","$","M","R","BOSS","M","M","$","?","?","R","?","M","T","?","M","$","R","?","R","BOSS","M","M","?","M","$","E"],"build_version":"2018-07-12","purchased_purges":2,"victory":false,"max_hp_per_floor":[66,66,66,66,66,66,66,66,66,66,66,66,66,66,66,66,66,66,66,66,66,66,66,66,66,66,66,66,66,66,66,66,66,66,66,66,66,66,66,66],"card_choices":[{"not_picked":["Poisoned Stab","Outmaneuver"],"picked":"Distraction","floor":1},{"not_picked":["Underhanded Strike","Choke"],"picked":"Backstab","floor":4},{"not_picked":["Deadly Poison","Backflip"],"picked":"Leg Sweep","floor":5},{"not_picked":["Deflect","Prepared"],"picked":"Quick Slash","floor":7},{"not_picked":["Well Laid Plans","Caltrops"],"picked":"Quick Slash","floor":10},{"not_picked":["Acrobatics","Underhanded Strike"],"picked":"Die Die Die","floor":11},{"not_picked":["Distraction","Acrobatics"],"picked":"Dagger Spray","floor":12},{"not_picked":["Quick Slash","Bouncing Flask"],"picked":"Escape Plan","floor":14},{"not_picked":["Phantasmal Killer","Tools of the Trade"],"picked":"Glass Knife","floor":16},{"not_picked":["Deflect","Well Laid Plans"],"picked":"Backflip","floor":18},{"not_picked":["PiercingWail","Blade Dance"],"picked":"Leg Sweep","floor":19},{"not_picked":["Quick Slash","Distraction"],"picked":"Blur","floor":25},{"not_picked":["Prepared","Dagger Spray"],"picked":"Bane+1","floor":31},{"not_picked":["Storm of Steel","Tactician"],"picked":"After Image","floor":33},{"not_picked":["Poisoned Stab+1","PiercingWail"],"picked":"Cloak And Dagger","floor":35},{"not_picked":["Heel Hook","Dagger Spray"],"picked":"Acrobatics","floor":38}],"player_experience":615780,"relics_obtained":[{"floor":9,"key":"Shuriken"},{"floor":12,"key":"Mercury Hourglass"},{"floor":22,"key":"Nilry\u0027s Codex"},{"floor":26,"key":"Oddly Smooth Stone"}],"event_choices":[{"event_name":"Transmorgrifier","player_choice":"Transform","floor":2,"damage_taken":0},{"event_name":"Golden Wing","player_choice":"Card Removal","floor":3,"damage_taken":0},{"event_name":"Back to Basics","player_choice":"Simplicity","floor":21,"damage_taken":0},{"event_name":"Cursed Tome","player_choice":"Obtained Book","floor":22,"damage_taken":0},{"event_name":"Addict","player_choice":"Ignored","floor":24,"damage_taken":0},{"event_name":"Forgotten Altar","player_choice":"Smashed Altar","floor":27,"damage_taken":0},{"event_name":"Winding Halls","player_choice":"Writhe","floor":37,"damage_taken":0}],"boss_relics":[{"not_picked":["Runic Pyramid","Empty Cage"],"picked":"Cursed Key"},{"not_picked":["Lizard Tail","Velvet Choker"],"picked":"Sozu"}],"items_purged_floors":[13,39],"is_endless":false,"potions_floor_spawned":[10,11,12,16,18,19,25,35],"killed_by":"2 Orb Walkers","ascension_level":15}