{"path_per_floor":["M","M","$","M","?","R","?","R","T","?","M","E","R","M","R","B",null,"M","?","M","M"],"character_chosen":"IRONCLAD","items_purchased":["Whirlwind","Shrug It Off"],"gold_per_floor":[116,129,9,23,23,23,23,23,23,23,35,70,70,85,85,185,185,199,199,215,234],"floor_reached":22,"campfire_rested":0,"playtime":2462,"current_hp_per_floor":[80,80,80,80,80,80,80,80,80,80,80,79,79,78,78,23,80,59,59,48,19],"items_purged":[],"gold":234,"score":186,"play_id":"321307ca-a3f4-4a3f-ac84-dc7494cacca5","is_prod":false,"is_daily":false,"is_ascension_mode":false,"campfire_upgraded":4,"path_taken":["M","M","$","M","?","R","?","R","T","?","?","E","R","M","R","BOSS","M","?","M","?","M"],"build_version":"2018-02-22-PROD2","purchased_purges":0,"victory":false,"master_deck":["Strike_R","Strike_R","Strike_R","Strike_R","Defend_R","Defend_R","Defend_R","Defend_R","Bash+1","Flex","Corruption","Whirlwind+1","Shrug It Off","Rampage+1","Armaments+1","Body Slam+1","Spot Weakness","Pommel Strike","Demon Form","Pommel Strike","Headbutt","Iron Wave"],"max_hp_per_floor":[80,80,80,80,80,80,80,80,80,80,80,80,80,80,80,80,80,80,80,80,80],"relics":["Burning Blood","Paper Frog","Prayer Wheel","White Beast Statue","Magic Flower"],"card_choices":[{"not_picked":["Perfected Strike","Havoc"],"picked":"Flex"},{"not_picked":["Twin Strike","True Grit"],"picked":"Corruption"},{"not_picked":["Immolate","Reckless Charge"],"picked":"Rampage"},{"not_picked":["Armaments","Hemokinesis"],"picked":"Body Slam"},{"not_picked":["Uppercut","Intimidate"],"picked":"Spot Weakness"},{"not_picked":["Havoc","Carnage"],"picked":"Pommel Strike"},{"not_picked":["Juggernaut","Dark Embrace"],"picked":"Demon Form"},{"not_picked":["Fire Breathing","Warcry"],"picked":"Pommel Strike"},{"not_picked":["Rage","Armaments"],"picked":"Headbutt"},{"not_picked":["Uppercut","Armaments"],"picked":"Iron Wave"}],"player_experience":72788,"potions_floor_usage":[12,16,20,21,22],"damage_taken":[{"damage":1,"enemies":"2 Louse","floor":1,"turns":3},{"damage":5,"enemies":"Cultist","floor":2,"turns":4},{"damage":3,"enemies":"Jaw Worm","floor":4,"turns":4},{"damage":4,"enemies":"Looter","floor":11,"turns":4},{"damage":22,"enemies":"3 Sentries","floor":12,"turns":7},{"damage":7,"enemies":"3 Louse","floor":14,"turns":4},{"damage":75,"enemies":"Hexaghost","floor":16,"turns":11},{"damage":27,"enemies":"Chosen","floor":18,"turns":6},{"damage":20,"enemies":"Spheric Guardian","floor":20,"turns":4},{"damage":38,"enemies":"Snake Plant","floor":21,"turns":5},{"damage":22,"enemies":"Centurion and Healer","floor":22,"turns":4}],"event_choices":[{"event_name":"Upgrade Shrine","player_choice":"Upgraded","floor":5,"damage_taken":0},{"event_name":"Liars Game","player_choice":"disagreed","floor":7,"damage_taken":0},{"event_name":"Match and Keep!","player_choice":"1 cards matched","floor":10,"damage_taken":0},{"event_name":"Match and Keep!","player_choice":"1 cards matched","floor":10,"damage_taken":0},{"event_name":"The Mausoleum","player_choice":"Yes","floor":19,"damage_taken":0}],"boss_relics":[{"not_picked":["Question Card","Astrolabe"],"picked":"White Beast Statue"}],"potions_floor_spawned":[2,12,18,20,21],"seed_played":"-1769230215704719316","killed_by":"Centurion and Healer","ascension_level":0,"is_trial":false}