{"gold_per_floor":[112,37,37,37,50,50,86,86,111,132,155,155,155,195,195,314,314,329,244,144,157,173,173,193,209,209,209,249,249,269,292,292,292],"floor_reached":33,"playtime":2258,"items_purged":["Clumsy","Strike_R"],"score":344,"play_id":"0ab879c9-3101-4851-b2d7-e8716c8e6958","local_time":"20180713131236","is_ascension_mode":true,"campfire_choices":[{"data":"Armaments","floor":6,"key":"SMITH"},{"floor":8,"key":"REST"},{"floor":13,"key":"REST"},{"data":"Whirlwind","floor":15,"key":"SMITH"},{"floor":23,"key":"REST"},{"floor":29,"key":"REST"},{"floor":32,"key":"REST"}],"neow_cost":"CURSE","seed_source_timestamp":142639620927255,"circlet_count":0,"master_deck":["Strike_R","Strike_R","Strike_R","Defend_R","Defend_R","Defend_R","Defend_R","Bash","Ghostly Armor","Armaments+1","Clothesline","Sword Boomerang","Clothesline","Disarm","Corruption","Whirlwind+1","Barricade","True Grit+1","Disarm","Spot Weakness","Metallicize","Shrug It Off","Infernal Blade","Inflame","Impervious","Battle Trance","Sword Boomerang+1"],"special_seed":17725,"relics":["Burning Blood","Golden Idol","Dream Catcher","Pen Nib","Orichalcum","Fusion Hammer","Bag of Preparation","Bag of Marbles","Unceasing Top"],"potions_floor_usage":[7,10,30,33,33],"damage_taken":[{"damage":8,"enemies":"2 Louse","floor":1,"turns":3},{"damage":7,"enemies":"Jaw Worm","floor":5,"turns":3},{"damage":33,"enemies":"Lagavulin","floor":7,"turns":7},{"damage":2,"enemies":"Small Slimes","floor":10,"turns":3},{"damage":22,"enemies":"Exordium Thugs","floor":11,"turns":6},{"damage":30,"enemies":"3 Sentries","floor":14,"turns":10},{"damage":40,"enemies":"The Guardian","floor":16,"turns":16},{"damage":4,"enemies":"Chosen","floor":18,"turns":5},{"damage":22,"enemies":"Spheric Guardian","floor":21,"turns":4},{"damage":44,"enemies":"Slaver and Parasite","floor":22,"turns":11},{"damage":6,"enemies":"Snake Plant","floor":24,"turns":3},{"damage":0,"enemies":"Snecko","floor":25,"turns":5},{"damage":65,"enemies":"Slavers","floor":28,"turns":8},{"damage":1,"enemies":"Centurion and Healer","floor":30,"turns":2},{"damage":9,"enemies":"Snake Plant","floor":31,"turns":6},{"damage":79,"enemies":"Collector","floor":33,"turns":8}],"seed_played":"-4567362630330987607","potions_obtained":[{"floor":1,"key":"FearPotion"},{"floor":7,"key":"Energy Potion"},{"floor":22,"key":"Dexterity Potion"},{"floor":28,"key":"SkillPotion"},{"floor":31,"key":"Ancient Potion"}],"is_trial":false,"path_per_floor":["M","$","?","$","M","R","E","R","T","M","M","?","R","E","R","B",null,"M","?","$","M","M","R","M","M","T","?","E","R","M","M","R"],"character_chosen":"IRONCLAD","items_purchased":[],"campfire_rested":5,"item_purchase_floors":[],"current_hp_per_floor":[94,94,70,70,69,69,42,70,70,74,58,58,86,62,62,28,96,96,96,96,80,42,70,70,76,76,76,17,45,50,47,75,0],"gold":292,"neow_bonus":"TWENTY_PERCENT_HP_BONUS","is_prod":false,"is_daily":false,"chose_seed":false,"campfire_upgraded":2,"win_rate":0,"timestamp":1531501956,"path_taken":["M","$","?","?","M","R","E","R","T","M","?","?","R","E","R","BOSS","M","?","$","M","M","R","M","M","T","?","E","R","?","M","R","BOSS"],"build_version":"2018-07-12","purchased_purges":2,"victory":false,"max_hp_per_floor":[96,96,96,96,96,96,96,96,96,96,96,96,96,96,96,96,96,96,96,96,96,96,96,96,96,96,96,96,96,96,96,96,96],"card_choices":[{"not_picked":["Sentinel","Blood for Blood"],"picked":"Ghostly Armor","floor":1},{"not_picked":["Iron Wave","Warcry"],"picked":"Armaments","floor":5},{"not_picked":["Battle Trance","Intimidate"],"picked":"Clothesline","floor":7},{"not_picked":["Dual Wield","Clash"],"picked":"Sword Boomerang","floor":8},{"not_picked":["Thunderclap","Pummel"],"picked":"Clothesline","floor":10},{"not_picked":["Pommel Strike","Rage"],"picked":"Disarm","floor":11},{"not_picked":["Iron Wave","Sword Boomerang"],"picked":"Corruption","floor":13},{"not_picked":["Combust","Seeing Red"],"picked":"Whirlwind","floor":14},{"not_picked":["Double Tap","Juggernaut"],"picked":"Barricade","floor":16},{"not_picked":["Corruption","Havoc","Rage"],"picked":"SKIP","floor":18},{"not_picked":["Clothesline","Thunderclap"],"picked":"True Grit+1","floor":21},{"not_picked":["Limit Break","Fire Breathing+1"],"picked":"Disarm","floor":22},{"not_picked":["Wild Strike","Sever Soul+1"],"picked":"Spot Weakness","floor":23},{"not_picked":["Disarm","Heavy Blade"],"picked":"Metallicize","floor":24},{"not_picked":["True Grit+1","Dropkick"],"picked":"Shrug It Off","floor":25},{"not_picked":["Searing Blow+1","Rupture"],"picked":"Inflame","floor":28},{"not_picked":["Perfected Strike","Anger"],"picked":"Impervious","floor":30},{"not_picked":["Infernal Blade+1","Armaments"],"picked":"Battle Trance","floor":31},{"not_picked":["Clash+1","Intimidate"],"picked":"Sword Boomerang+1","floor":32}],"player_experience":269461,"relics_obtained":[{"floor":7,"key":"Dream Catcher"},{"floor":9,"key":"Pen Nib"},{"floor":14,"key":"Orichalcum"},{"floor":26,"key":"Bag of Marbles"},{"floor":28,"key":"Unceasing Top"}],"event_choices":[{"event_name":"Golden Idol","player_choice":"Take Damage","floor":3,"damage_taken":0},{"event_name":"FaceTrader","player_choice":"Leave","floor":12,"damage_taken":0},{"event_name":"Addict","player_choice":"Obtained Relic","floor":19,"damage_taken":0},{"event_name":"Transmorgrifier","player_choice":"Transform","floor":27,"damage_taken":0}],"boss_relics":[{"not_picked":["Tiny House","Busted Crown"],"picked":"Fusion Hammer"}],"items_purged_floors":[2,20],"is_endless":false,"potions_floor_spawned":[1,7,22,28,31],"killed_by":"Collector","ascension_level":3}