{"gold_per_floor":[118,133,133,148,159,159,188,188,188,201,4,35,35,59,59,132,132,132,132,57,57,11,11,11,0,0,0,0,0,0,0,0,0,0,0,0,0,0,0,0,0,0,0,0,0,0],"floor_reached":46,"playtime":1419,"items_purged":[],"score":947,"play_id":"10e0af6d-bf29-4c97-a6b8-d01a0f5cace9","local_time":"20180803203514","is_ascension_mode":true,"campfire_choices":[{"floor":6.0,"key":"REST"},{"floor":13.0,"key":"REST"},{"data":"Uppercut","floor":15.0,"key":"SMITH"},{"data":"Immolate","floor":23,"key":"SMITH"},{"data":"Body Slam","floor":27,"key":"SMITH"},{"data":"Spot Weakness","floor":32,"key":"SMITH"},{"data":"True Grit","floor":40,"key":"SMITH"},{"floor":44,"key":"REST"}],"neow_cost":"NONE","seed_source_timestamp":0,"circlet_count":0,"master_deck":["Strike_R","Strike_R","Strike_R","Defend_R+1","Defend_R","Defend_R","Defend_R","Bash+1","AscendersBane","Headbutt","Uppercut+1","Body Slam+1","Impervious","Inflame+1","Shrug It Off","Clothesline","Anger","Barricade+1","Feel No Pain+1","Shockwave","Immolate+1","Shrug It Off","Metallicize+1","Immolate","Spot Weakness+1","Double Tap","Entrench","Disarm+1","True Grit+1","Dual Wield","Body Slam+1","Shockwave","Wild Strike","Inflame+1","Shrug It Off","True Grit"],"special_seed":0,"relics":["Sozu","Frozen Egg 2","Torii","Medical Kit","Incense Burner","Odd Mushroom","Ectoplasm","Dodecahedron","Kunai","Orrery","Ice Cream","Shovel"],"potions_floor_usage":[],"damage_taken":[{"damage":6.0,"enemies":"2 Louse","floor":1.0,"turns":2.0},{"damage":2.0,"enemies":"Jaw Worm","floor":2.0,"turns":3.0},{"damage":0.0,"enemies":"Small Slimes","floor":4.0,"turns":3.0},{"damage":20.0,"enemies":"Gremlin Gang","floor":5.0,"turns":4.0},{"damage":22.0,"enemies":"Lagavulin","floor":7.0,"turns":5.0},{"damage":1.0,"enemies":"Blue Slaver","floor":10.0,"turns":3.0},{"damage":1.0,"enemies":"Gremlin Nob","floor":12.0,"turns":3.0},{"damage":6.0,"floor":14.0,"turns":4.0},{"damage":1.0,"enemies":"Hexaghost","floor":16.0,"turns":8.0},{"damage":1.0,"enemies":"Chosen","floor":18.0,"turns":4.0},{"damage":2,"enemies":"Shell Parasite","floor":19,"turns":3},{"damage":2,"enemies":"3 Cultists","floor":24,"turns":6},{"damage":1,"enemies":"Chosen and Byrds","floor":28,"turns":4},{"damage":1,"enemies":"Gremlin Leader","floor":29,"turns":6},{"damage":6,"enemies":"Sentry and Sphere","floor":30,"turns":3},{"damage":0,"enemies":"Collector","floor":33,"turns":8},{"damage":18,"enemies":"Flame Bruiser 1 Orb","floor":35,"turns":6},{"damage":8,"enemies":"Orb Walker","floor":36,"turns":2},{"damage":0,"floor":38,"turns":8},{"damage":1,"enemies":"4 Shapes","floor":39,"turns":9},{"damage":27,"enemies":"Transient","floor":41,"turns":5},{"damage":7,"enemies":"Sphere and 2 Shapes","floor":42,"turns":4},{"damage":1,"enemies":"Spire Growth","floor":45,"turns":4},{"damage":30,"enemies":"Nemesis","floor":46,"turns":2}],"seed_played":"5975711829847740524","potions_obtained":[],"is_trial":false,"path_per_floor":["M","M","?","M","M","R","E","?","T","M","$","E","R","?","R","B",null,"M","M","$","?","$","R","M","?","T","R","M","E","M","?","R","B",null,"M","M","$","?","M","R","M","M","T","R","M"],"character_chosen":"IRONCLAD","items_purchased":["Medical Kit","Immolate","Shrug It Off"],"campfire_rested":3,"item_purchase_floors":[11,20,22],"current_hp_per_floor":[62,60,37,37,17,39,17,17,17,16,16,15,37,31,31,30,64,63,61,61,61,61,61,59,59,59,59,58,57,51,51,51,51,69,51,43,43,43,42,42,15,8,8,30,29,0],"gold":0,"neow_bonus":"BOSS_RELIC","is_prod":false,"is_daily":false,"chose_seed":false,"campfire_upgraded":5,"win_rate":0,"timestamp":1533353714,"path_taken":["M","M","?","M","M","R","E","?","T","M","$","E","R","?","R","BOSS","M","?","$","?","$","R","M","?","T","R","?","E","M","?","R","BOSS","M","M","$","?","M","R","M","M","T","R","M","E"],"build_version":"2018-08-01","purchased_purges":0,"victory":false,"max_hp_per_floor":[75,75,75,75,75,75,75,75,75,75,75,75,75,75,75,75,75,75,75,75,75,75,75,75,75,75,75,75,75,75,75,75,75,75,75,75,75,75,75,75,75,75,75,75,75,75],"card_choices":[{"not_picked":["Warcry","Burning Pact"],"picked":"Headbutt","floor":1.0},{"not_picked":["Armaments","Clash"],"picked":"Uppercut","floor":2.0},{"not_picked":["Burning Pact","Anger"],"picked":"Body Slam","floor":4.0},{"not_picked":["Cleave","Rage"],"picked":"Impervious","floor":5.0},{"not_picked":["Iron Wave","Reckless Charge"],"picked":"Inflame","floor":7.0},{"not_picked":["Warcry","Anger"],"picked":"Shrug It Off","floor":10.0},{"not_picked":["Dark Embrace+1","Iron Wave"],"picked":"Clothesline","floor":12.0},{"not_picked":["Clothesline","Cleave"],"picked":"Anger","floor":14.0},{"not_picked":["Berserk+1","Reaper"],"picked":"Barricade+1","floor":16.0},{"not_picked":["Sever Soul","Headbutt"],"picked":"Feel No Pain+1","floor":18},{"not_picked":["Rage","Iron Wave"],"picked":"Shockwave","floor":19},{"not_picked":["Rage","Clothesline"],"picked":"Metallicize+1","floor":24},{"not_picked":["Intimidate+1","Dark Embrace+1"],"picked":"Immolate","floor":29},{"not_picked":["Sword Boomerang","Headbutt"],"picked":"Spot Weakness","floor":30},{"not_picked":["Brutality+1","Fiend Fire"],"picked":"Double Tap","floor":33},{"not_picked":["Iron Wave","Body Slam"],"picked":"Entrench","floor":34},{"not_picked":["Fire Breathing+1","Clash"],"picked":"Disarm+1","floor":34},{"not_picked":["Clothesline","Pommel Strike"],"picked":"True Grit","floor":34},{"not_picked":["Havoc","Pummel"],"picked":"Dual Wield","floor":34},{"not_picked":["Rage","Clothesline"],"picked":"Body Slam+1","floor":35},{"not_picked":["Fiend Fire","Body Slam"],"picked":"Shockwave","floor":36},{"not_picked":["Perfected Strike","Sword Boomerang+1"],"picked":"Wild Strike","floor":39},{"not_picked":["Pommel Strike","Infernal Blade"],"picked":"Inflame+1","floor":41},{"not_picked":["Sentinel","Sever Soul"],"picked":"Shrug It Off","floor":42},{"not_picked":["Cleave+1","Anger"],"picked":"True Grit","floor":45}],"player_experience":718658,"relics_obtained":[{"floor":7.0,"key":"Frozen Egg 2"},{"floor":9.0,"key":"Torii"},{"floor":12.0,"key":"Incense Burner"},{"floor":14.0,"key":"Odd Mushroom"},{"floor":26,"key":"Dodecahedron"},{"floor":29,"key":"Kunai"},{"floor":38,"key":"Ice Cream"},{"floor":43,"key":"Shovel"}],"event_choices":[{"event_name":"Shining Light","player_choice":"Entered Light","floor":3.0,"damage_taken":0.0},{"event_name":"Purifier","player_choice":"One Purge","floor":8.0,"damage_taken":0.0},{"event_name":"Mushrooms","player_choice":"Fought Mushrooms","floor":14.0,"damage_taken":0.0},{"event_name":"Drug Dealer","player_choice":"Ignored","floor":21,"damage_taken":0},{"event_name":"Masked Bandits","player_choice":"Paid Bandits 11 gold","floor":25,"damage_taken":0},{"event_name":"Purifier","player_choice":"One Purge","floor":31,"damage_taken":0},{"event_name":"MindBloom","player_choice":"Fight","floor":38,"damage_taken":0}],"is_beta":true,"boss_relics":[{"not_picked":["Velvet Choker","Tiny House"],"picked":"Ectoplasm"},{"not_picked":["Cursed Key","Black Star"],"picked":"Orrery"}],"items_purged_floors":[],"is_endless":false,"potions_floor_spawned":[2,4,12,14,19,29,33,36,39],"killed_by":"Nemesis","ascension_level":15}