{"gold_per_floor":[118,66,85,0,0,0,25,25,25,50,50,22,22,52,52,129,129,149,161,24,24,39,39,72,72,72,97,22,55,55,66,66,137,137,154,154,154,12,29,60,60,60,86,86,4,17,17,17,17,17],"floor_reached":50,"playtime":1253,"items_purged":["Strike_R","Defend_R"],"score":1201,"play_id":"4311bcd5-8926-4898-a44f-8c90432499ba","local_time":"20190218164904","is_ascension_mode":true,"campfire_choices":[{"data":"Bash","floor":6.0,"key":"SMITH"},{"data":"Disarm","floor":8.0,"key":"SMITH"},{"data":"Feed","floor":11.0,"key":"SMITH"},{"data":"Shrug It Off","floor":15.0,"key":"SMITH"},{"data":"Immolate","floor":23,"key":"SMITH"},{"floor":25,"key":"REST"},{"data":"Pommel Strike","floor":32,"key":"SMITH"},{"data":"Whirlwind","floor":42,"key":"SMITH"},{"data":"Heavy Blade","floor":44,"key":"SMITH"},{"data":"Body Slam","floor":47,"key":"SMITH"},{"data":"Heavy Blade","floor":49,"key":"SMITH"}],"neow_cost":"NONE","seed_source_timestamp":6181517339842,"circlet_count":0,"master_deck":["AscendersBane","Strike_R","Strike_R","Strike_R","Defend_R","Defend_R","Defend_R","Bash+1","Perfected Strike+1","Shrug It Off+1","Disarm+1","Shrug It Off+1","Feed+1","True Grit+1","Flex+1","Immolate+1","Spot Weakness+1","Spot Weakness+1","Shockwave+1","Heavy Blade+1","Pommel Strike+1","Dropkick","Heavy Blade+1","Whirlwind+1","Ghostly+1","Ghostly+1","Ghostly+1","Ghostly Armor+1","Reaper","Discovery+1","Chrysalis+1","Discovery+1","Disarm+1","Thunderclap+1","True Grit+1","True Grit+1","Body Slam+1"],"special_seed":0,"relics":["Burning Blood","NeowsBlessing","Toxic Egg 2","Ornamental Fan","Strawberry","Art of War","StoneCalendar","Philosopher\u0027s Stone","Ancient Tea Set","Bottled Flame","Vajra","Lantern","Sozu","Pocketwatch","Regal Pillow"],"potions_floor_usage":[19,22,40],"damage_taken":[{"damage":0.0,"enemies":"Cultist","floor":1.0,"turns":1.0},{"damage":0.0,"enemies":"Jaw Worm","floor":3.0,"turns":1.0},{"damage":0.0,"enemies":"Gremlin Nob","floor":7.0,"turns":1.0},{"damage":27.0,"enemies":"3 Sentries","floor":10.0,"turns":9.0},{"damage":20.0,"enemies":"Gremlin Nob","floor":14.0,"turns":4.0},{"damage":14.0,"enemies":"Slime Boss","floor":16.0,"turns":8.0},{"damage":12.0,"enemies":"2 Thieves","floor":18.0,"turns":2.0},{"damage":1,"enemies":"3 Byrds","floor":19,"turns":3},{"damage":9,"enemies":"Snake Plant","floor":22,"turns":4},{"damage":46,"enemies":"Slavers","floor":24,"turns":6},{"damage":2,"enemies":"Gremlin Leader","floor":27,"turns":4},{"damage":17,"enemies":"Book of Stabbing","floor":29,"turns":4},{"damage":3,"enemies":"3 Cultists","floor":31,"turns":3},{"damage":21,"enemies":"Automaton","floor":33,"turns":9},{"damage":0,"enemies":"3 Shapes","floor":35,"turns":1},{"damage":0,"enemies":"3 Darklings","floor":39,"turns":5},{"damage":42,"enemies":"Nemesis","floor":40,"turns":5},{"damage":4,"enemies":"Transient","floor":46,"turns":6},{"damage":63,"enemies":"Awakened One","floor":50,"turns":13}],"seed_played":"-5577568957216300799","potions_obtained":[{"floor":1.0,"key":"GamblersBrew"},{"floor":10.0,"key":"LiquidBronze"},{"floor":22,"key":"LiquidBronze"},{"floor":24,"key":"Regen Potion"}],"is_trial":false,"path_per_floor":["M","$","M","$","?","R","E","R","T","E","R","$","?","E","R","B",null,"M","M","$","?","M","R","E","R","T","E","$","E","?","M","R","B",null,"M","?","?","$","M","E","?","R","T","R","$","M","R","$","R","B"],"character_chosen":"IRONCLAD","items_purchased":["Shrug It Off","Disarm","True Grit+1","Shockwave+1","Heavy Blade","Disarm+1","True Grit+1","Body Slam"],"campfire_rested":1,"item_purchase_floors":[2,4,12,20,20,38,45,45],"current_hp_per_floor":[74,74,75,75,75,75,75,75,75,61,61,61,50,40,40,32,73,71,80,80,80,77,77,41,70,70,74,74,67,51,51,51,36,47,51,51,41,41,47,16,42,42,42,42,42,42,42,42,42,0],"gold":17,"neow_bonus":"THREE_ENEMY_KILL","is_prod":false,"is_daily":false,"chose_seed":false,"campfire_upgraded":10,"win_rate":0,"timestamp":1550537344,"path_taken":["M","$","?","$","?","R","E","R","T","E","R","?","?","E","R","BOSS","M","M","$","?","M","R","E","R","T","E","$","E","?","M","R","BOSS","M","?","?","?","?","E","?","R","T","R","?","M","R","$","R","BOSS"],"build_version":"2019-02-06","purchased_purges":2,"victory":false,"max_hp_per_floor":[75,75,75,75,75,75,75,75,75,82,82,82,82,86,86,86,86,90,94,94,94,94,94,98,98,98,98,98,102,51,51,51,51,51,51,51,51,51,51,51,42,42,42,42,42,42,42,42,42,42],"card_choices":[{"not_picked":["Evolve","Sentinel"],"picked":"Perfected Strike","floor":1.0},{"not_picked":["Headbutt","Iron Wave"],"picked":"Shrug It Off","floor":7.0},{"not_picked":["Flex+1","Clothesline"],"picked":"Feed","floor":10.0},{"not_picked":["Twin Strike","Corruption"],"picked":"Flex+1","floor":14.0},{"not_picked":["Offering+1","Juggernaut"],"picked":"Immolate","floor":16.0},{"not_picked":["Flex+1","Headbutt+1"],"picked":"Spot Weakness+1","floor":18.0},{"not_picked":["Heavy Blade","Armaments+1"],"picked":"Spot Weakness+1","floor":19},{"not_picked":["Heavy Blade","Fire Breathing"],"picked":"Pommel Strike","floor":22},{"not_picked":["Perfected Strike","Inflame"],"picked":"Dropkick","floor":24},{"not_picked":["Clash+1","Flex+1"],"picked":"Heavy Blade","floor":27},{"not_picked":["Thunderclap+1","Reckless Charge"],"picked":"Whirlwind","floor":29},{"not_picked":["Clash","Sword Boomerang"],"picked":"Ghostly Armor+1","floor":31},{"not_picked":["Dark Embrace","Berserk"],"picked":"Reaper","floor":33},{"not_picked":["Good Instincts+1","Violence+1"],"picked":"Discovery+1","floor":37},{"not_picked":["Impatience+1","Madness+1"],"picked":"Chrysalis+1","floor":37},{"not_picked":["Mind Blast","The Bomb+1"],"picked":"Discovery+1","floor":37},{"not_picked":["Anger","Flex+1"],"picked":"Thunderclap+1","floor":39},{"not_picked":["Bloodletting+1","Armaments+1"],"picked":"True Grit+1","floor":40}],"player_experience":1170039,"relics_obtained":[{"floor":7.0,"key":"Toxic Egg 2"},{"floor":9.0,"key":"Ornamental Fan"},{"floor":10.0,"key":"Strawberry"},{"floor":14.0,"key":"StoneCalendar"},{"floor":24,"key":"Ancient Tea Set"},{"floor":26,"key":"Bottled Flame"},{"floor":27,"key":"Vajra"},{"floor":29,"key":"Lantern"},{"floor":40,"key":"Pocketwatch"},{"floor":43,"key":"Regal Pillow"}],"event_choices":[{"damage_healed":0.0,"max_hp_gain":0.0,"max_hp_loss":0.0,"gold_gain":0.0,"event_name":"Living Wall","player_choice":"Grow","floor":5.0,"gold_loss":0.0,"damage_taken":0.0,"cards_upgraded":["Perfected Strike"]},{"damage_healed":0.0,"max_hp_gain":0.0,"max_hp_loss":0.0,"gold_gain":0.0,"event_name":"Scrap Ooze","player_choice":"Success","floor":13.0,"gold_loss":0.0,"damage_taken":11.0,"relics_obtained":["Art of War"]},{"damage_healed":0,"gold_gain":0,"player_choice":"Ignored","damage_taken":0,"max_hp_gain":0,"max_hp_loss":0,"event_name":"The Mausoleum","floor":21,"gold_loss":0},{"damage_healed":0,"gold_gain":0,"player_choice":"Became a Ghost","damage_taken":0,"max_hp_gain":0,"max_hp_loss":51,"event_name":"Ghosts","floor":30,"gold_loss":0,"cards_obtained":["Ghostly","Ghostly","Ghostly"]},{"cards_removed":["Strike_R"],"damage_healed":0,"gold_gain":0,"player_choice":"Removed Attack","damage_taken":0,"max_hp_gain":0,"max_hp_loss":0,"event_name":"Falling","floor":36,"gold_loss":0},{"damage_healed":0,"gold_gain":0,"player_choice":"Memory 3","damage_taken":10,"max_hp_gain":0,"max_hp_loss":0,"event_name":"SensoryStone","floor":37,"gold_loss":0},{"damage_healed":42,"gold_gain":0,"player_choice":"Heal","damage_taken":0,"max_hp_gain":0,"max_hp_loss":9,"event_name":"The Moai Head","floor":41,"gold_loss":0}],"is_beta":true,"boss_relics":[{"not_picked":["Runic Pyramid","Black Star"],"picked":"Philosopher\u0027s Stone"},{"not_picked":["Eternal Feather","Tiny House"],"picked":"Sozu"}],"items_purged_floors":[28,38],"is_endless":false,"potions_floor_spawned":[1,10,22,24,27,39,46],"killed_by":"Awakened One","ascension_level":20}