{"gold_per_floor":[119,119,14,30,50,50,26,54,54,54,121,121,136,30,30,30],"floor_reached":16,"playtime":334,"items_purged":[],"score":200,"play_id":"7aeca18a-e990-4a57-9e44-a6b260ce9e1a","local_time":"20190126003103","is_ascension_mode":true,"campfire_choices":[{"data":"Hologram","floor":6,"key":"SMITH"},{"data":"Hologram","floor":10,"key":"SMITH"},{"data":"Hologram","floor":15,"key":"SMITH"}],"neow_cost":"NONE","seed_source_timestamp":276122649693633,"circlet_count":0,"master_deck":["AscendersBane","Strike_B","Strike_B","Strike_B","Strike_B","Defend_B","Defend_B","Defend_B","Defend_B","Zap","Dualcast","Hologram+1","Ball Lightning","Hologram+1","Hologram+1","Glacier","Loop","Melter","Stack","Panacea"],"relics":["Coffee Dripper","Sundial","Matryoshka","FaceOfCleric"],"potions_floor_usage":[8],"damage_taken":[{"damage":4,"enemies":"Small Slimes","floor":1,"turns":4},{"damage":0,"enemies":"2 Louse","floor":4,"turns":2},{"damage":0,"enemies":"Cultist","floor":5,"turns":2},{"damage":5,"enemies":"Exordium Thugs","floor":7,"turns":5},{"damage":31,"enemies":"Gremlin Nob","floor":8,"turns":4},{"damage":5,"enemies":"Gremlin Gang","floor":13,"turns":4},{"damage":33,"enemies":"Slime Boss","floor":16,"turns":3}],"seed_played":"-5078307167680684562","potions_obtained":[{"floor":1,"key":"PowerPotion"},{"floor":8,"key":"Energy Potion"}],"is_trial":false,"path_per_floor":["M","?","$","M","M","R","M","E","T","R","?","?","M","$","R","B"],"character_chosen":"DEFECT","items_purchased":["Ball Lightning","Hologram","Panacea"],"campfire_rested":0,"item_purchase_floors":[3,3,14],"current_hp_per_floor":[60,65,65,65,65,65,60,29,29,29,29,29,25,25,25,0],"gold":30,"neow_bonus":"BOSS_RELIC","is_prod":false,"is_daily":false,"chose_seed":false,"campfire_upgraded":3,"win_rate":0,"timestamp":1548491463,"path_taken":["M","?","$","M","M","R","M","E","T","R","?","?","M","$","R","BOSS"],"build_version":"2019-01-23","purchased_purges":0,"victory":false,"max_hp_per_floor":[71,76,76,76,76,76,76,76,76,76,76,76,77,77,77,77],"card_choices":[{"not_picked":["Capacitor","Genetic Algorithm"],"picked":"Hologram","floor":1},{"not_picked":["Go for the Eyes","Loop"],"picked":"Hologram","floor":4},{"not_picked":["Hologram","Coolheaded"],"picked":"Glacier","floor":5},{"not_picked":["Turbo","Compile Driver"],"picked":"Loop","floor":7},{"not_picked":["Chill","Reprogram"],"picked":"Melter","floor":8},{"not_picked":["Heatsinks","Turbo"],"picked":"Stack","floor":13}],"player_experience":1052601,"relics_obtained":[{"floor":8,"key":"Sundial"},{"floor":9,"key":"Matryoshka"}],"event_choices":[{"damage_healed":0,"gold_gain":0,"player_choice":"Donut","damage_taken":0,"max_hp_gain":5,"max_hp_loss":0,"event_name":"Big Fish","floor":2,"gold_loss":0},{"damage_healed":0,"gold_gain":67,"player_choice":"Gained Gold","damage_taken":0,"max_hp_gain":0,"max_hp_loss":0,"event_name":"Golden Wing","floor":11,"gold_loss":0},{"damage_healed":0,"gold_gain":0,"player_choice":"Trade","damage_taken":0,"relics_obtained":["FaceOfCleric"],"max_hp_gain":0,"max_hp_loss":0,"event_name":"FaceTrader","floor":12,"gold_loss":0}],"is_beta":true,"boss_relics":[],"items_purged_floors":[],"is_endless":false,"potions_floor_spawned":[1,8],"killed_by":"Slime Boss","ascension_level":20}