{"gold_per_floor":[417,417,342,242,261,261,7,7,7,42,42,117,42,65,65,65],"floor_reached":16,"playtime":375,"items_purged":["Defend_G","Strike_G","Strike_G","Defend_G"],"score":99,"play_id":"2f8c0444-28e5-441c-9bee-98ecbc2bbcc0","local_time":"20190825094345","is_ascension_mode":true,"campfire_choices":[{"data":"Neutralize","floor":6,"key":"SMITH"},{"floor":15,"key":"REST"}],"neow_cost":"PERCENT_DAMAGE","seed_source_timestamp":0,"circlet_count":0,"master_deck":["Strike_G","Strike_G","Strike_G","Defend_G","Defend_G","Survivor","Neutralize+1","Tactician"],"relics":["Ring of the Snake","Old Coin","Membership Card","Sundial","Ancient Tea Set","Golden Idol","Lantern"],"potions_floor_usage":[10,16],"damage_taken":[{"damage":4,"enemies":"Cultist","floor":1,"turns":4},{"damage":0,"enemies":"Small Slimes","floor":5,"turns":3},{"damage":30,"enemies":"3 Sentries","floor":10,"turns":17},{"damage":33,"enemies":"Hexaghost","floor":16,"turns":10}],"seed_played":"1334","potions_obtained":[{"floor":5,"key":"Weak Potion"},{"floor":10,"key":"Explosive Potion"}],"is_trial":false,"path_per_floor":["M","?","$","$","M","R","$","?","T","E","?","?","$","T","R","B"],"character_chosen":"THE_SILENT","items_purchased":["Membership Card"],"campfire_rested":1,"item_purchase_floors":[7],"current_hp_per_floor":[45,45,45,45,45,45,45,50,50,20,20,9,9,9,29,0],"gold":65,"neow_bonus":"ONE_RARE_RELIC","is_prod":false,"is_daily":false,"chose_seed":true,"campfire_upgraded":1,"win_rate":0,"timestamp":1566751425,"path_taken":["M","?","?","$","M","R","$","?","T","E","?","?","?","?","R","BOSS"],"build_version":"2019-08-23","purchased_purges":4,"victory":false,"max_hp_per_floor":[70,70,70,70,70,70,70,75,75,75,69,69,69,69,69,69],"card_choices":[{"not_picked":["Slice","Accuracy"],"picked":"Tactician","floor":5},{"not_picked":["Outmaneuver","Eviscerate","Choke"],"picked":"SKIP","floor":10}],"player_experience":1439289,"relics_obtained":[{"floor":9,"key":"Sundial"},{"floor":10,"key":"Ancient Tea Set"},{"floor":14,"key":"Lantern"}],"event_choices":[{"cards_removed":["Defend_G"],"damage_healed":0,"gold_gain":0,"player_choice":"Purged","damage_taken":0,"max_hp_gain":0,"max_hp_loss":0,"event_name":"Purifier","floor":2,"gold_loss":0},{"damage_healed":0,"gold_gain":0,"player_choice":"Donut","damage_taken":0,"max_hp_gain":5,"max_hp_loss":0,"event_name":"Big Fish","floor":8,"gold_loss":0},{"damage_healed":0,"gold_gain":0,"player_choice":"Lose Max HP","damage_taken":0,"relics_obtained":["Golden Idol"],"max_hp_gain":0,"max_hp_loss":6,"event_name":"Golden Idol","floor":11,"gold_loss":0},{"damage_healed":0,"gold_gain":75,"player_choice":"Gather Gold","damage_taken":11,"max_hp_gain":0,"max_hp_loss":0,"event_name":"World of Goop","floor":12,"gold_loss":0}],"is_beta":true,"boss_relics":[],"items_purged_floors":[3,4,7,13],"is_endless":false,"potions_floor_spawned":[5,10],"killed_by":"Hexaghost","ascension_level":1}