{"gold_per_floor":[112,9,56,75,88,88,118,132,132,151,151,219,219,247,247,322,322,332,332,352,214,233,233,266,266,266,266,266,297,328,360,360,434,434,447,447,447,14,114,142,176,193,218,218,54,54,54,72,72,72,72],"floor_reached":52,"playtime":1874,"items_purged":[],"score":2084,"play_id":"88279d93-670c-4417-9764-c5062b083b25","local_time":"20190427020421","is_ascension_mode":true,"campfire_choices":[{"data":"Armaments","floor":6.0,"key":"SMITH"},{"data":"Uppercut","floor":11.0,"key":"SMITH"},{"data":"Uppercut","floor":15.0,"key":"SMITH"},{"data":"Demon Form","floor":23.0,"key":"SMITH"},{"floor":28.0,"key":"REST"},{"floor":32.0,"key":"REST"},{"floor":44,"key":"REST"},{"data":"Disarm","floor":47,"key":"SMITH"},{"data":"Armaments","floor":49,"key":"SMITH"}],"neow_cost":"NONE","seed_source_timestamp":134592316203783,"circlet_count":0,"master_deck":["AscendersBane","Bash","Cleave","Armaments+1","Twin Strike","Uppercut+1","Perfected Strike+1","Uppercut+1","Feel No Pain","Double Tap","Demon Form+1","Disarm+1","Ghostly Armor+1","Perfected Strike","Feel No Pain","Uppercut","Rage","Exhume","Decay","Iron Wave+1","Immolate+1","Armaments+1","Reaper","Feel No Pain+1","Intimidate","Impervious+1","Uppercut","Hemokinesis","Burning Pact","True Grit+1","Shrug It Off","Demon Form+1","Uppercut+1","Juggernaut+1","Corruption+1","Evolve+1","Bludgeon","Perfected Strike"],"special_seed":0,"relics":["Velvet Choker","Juzu Bracelet","Pantograph","Matryoshka","Pen Nib","Snecko Eye","Frozen Egg 2","Ancient Tea Set","Question Card","WingedGreaves","Happy Flower","Vajra","Pandora\u0027s Box","War Paint","DollysMirror","StoneCalendar","Whetstone","Sundial","Regal Pillow","Red Skull"],"potions_floor_usage":[41],"damage_taken":[{"damage":1.0,"enemies":"Cultist","floor":1.0,"turns":3.0},{"damage":2.0,"enemies":"Jaw Worm","floor":4.0,"turns":3.0},{"damage":0.0,"enemies":"2 Louse","floor":5.0,"turns":2.0},{"damage":25.0,"enemies":"3 Sentries","floor":7.0,"turns":7.0},{"damage":1.0,"enemies":"Exordium Thugs","floor":8.0,"turns":3.0},{"damage":0.0,"enemies":"2 Fungi Beasts","floor":10.0,"turns":2.0},{"damage":0.0,"enemies":"Gremlin Nob","floor":14.0,"turns":2.0},{"damage":36.0,"enemies":"The Guardian","floor":16.0,"turns":10.0},{"damage":15.0,"enemies":"Shell Parasite","floor":18.0,"turns":2.0},{"damage":0.0,"enemies":"Spheric Guardian","floor":20.0,"turns":2.0},{"damage":3.0,"enemies":"Cultist and Chosen","floor":22.0,"turns":5.0},{"damage":20.0,"enemies":"Slavers","floor":24.0,"turns":5.0},{"damage":6.0,"enemies":"Gremlin Leader","floor":29.0,"turns":6.0},{"damage":20.0,"enemies":"Slavers","floor":30.0,"turns":4.0},{"damage":2.0,"enemies":"Gremlin Leader","floor":31.0,"turns":4.0},{"damage":18.0,"enemies":"Automaton","floor":33.0,"turns":7.0},{"damage":58.0,"enemies":"3 Shapes","floor":35.0,"turns":13.0},{"damage":19.0,"enemies":"Mind Bloom Boss Battle","floor":39.0,"turns":7.0},{"damage":31.0,"enemies":"Nemesis","floor":40.0,"turns":5.0},{"damage":27,"enemies":"Reptomancer","floor":41,"turns":5},{"damage":34,"enemies":"Orb Walker","floor":42,"turns":6},{"damage":12,"enemies":"Transient","floor":48,"turns":6},{"damage":75,"enemies":"Donu and Deca","floor":50,"turns":7},{"damage":55,"enemies":"Time Eater","floor":51,"turns":9}],"seed_played":"-6772684299947046238","potions_obtained":[{"floor":4.0,"key":"EssenceOfSteel"},{"floor":7.0,"key":"Weak Potion"},{"floor":8.0,"key":"FearPotion"},{"floor":10.0,"key":"Fire Potion"},{"floor":18.0,"key":"Energy Potion"},{"floor":22.0,"key":"Energy Potion"},{"floor":29.0,"key":"Explosive Potion"},{"floor":30.0,"key":"FearPotion"},{"floor":39.0,"key":"Strength Potion"},{"floor":42,"key":"FearPotion"}],"is_trial":false,"path_per_floor":["M","$","T","M","M","R","E","M","T","M","R","?","?","E","R","B",null,"M","?","M","$","M","R","E","?","T","?","R","E","E","E","R","B",null,"M","?","?","$","?","E","E","M","T","R","$","$","R","M","R","B","B",null],"character_chosen":"IRONCLAD","items_purchased":["Armaments","Twin Strike","Ghostly Armor","Perfected Strike","Shrug It Off","War Paint","DollysMirror","Evolve+1","Bludgeon"],"campfire_rested":3,"item_purchase_floors":[2,2,21,21,38,38,38,45,45],"current_hp_per_floor":[67,67,67,65,65,65,40,39,39,39,39,39,39,39,39,28,63,48,48,48,48,45,45,25,25,25,25,47,41,21,19,41,48,68,52,52,52,52,75,75,48,14,14,51,51,51,51,75,75,44,75],"gold":72,"neow_bonus":"BOSS_RELIC","is_prod":false,"is_daily":false,"chose_seed":false,"campfire_upgraded":6,"win_rate":0,"timestamp":1556355861,"path_taken":["M","$","?","M","M","R","E","M","T","M","R","?","?","E","R","BOSS","M","?","M","$","M","R","E","?","T","?","R","E","E","E","R","BOSS","M","?","?","?","?","E","E","M","T","R","?","$","R","M","R","BOSS","BOSS"],"build_version":"2019-04-23","purchased_purges":0,"victory":true,"max_hp_per_floor":[75,75,75,75,75,75,75,75,75,75,75,75,75,75,75,75,75,75,75,75,75,75,75,75,75,75,75,75,75,75,75,75,75,75,75,75,75,75,75,75,75,75,75,75,75,75,75,75,75,75,75],"card_choices":[{"not_picked":["Headbutt","Entrench"],"picked":"Cleave","floor":1.0},{"not_picked":["Dual Wield","Heavy Blade"],"picked":"Uppercut","floor":4.0},{"not_picked":["Cleave","Iron Wave"],"picked":"Perfected Strike","floor":5.0},{"not_picked":["Burning Pact","Whirlwind"],"picked":"Uppercut","floor":7.0},{"not_picked":["Seeing Red","Fiend Fire"],"picked":"Feel No Pain","floor":8.0},{"not_picked":["Clash","Warcry","Thunderclap"],"picked":"SKIP","floor":10.0},{"not_picked":["Burning Pact","Clothesline"],"picked":"Double Tap","floor":14.0},{"not_picked":["Brutality","Offering"],"picked":"Demon Form","floor":16.0},{"not_picked":["Warcry","Heavy Blade"],"picked":"Disarm","floor":20.0},{"not_picked":["Iron Wave","Headbutt"],"picked":"Feel No Pain","floor":22.0},{"not_picked":["Intimidate","Hemokinesis"],"picked":"Uppercut","floor":24.0},{"not_picked":["Wild Strike","Sentinel","Battle Trance"],"picked":"Iron Wave+1","floor":29.0},{"not_picked":["Evolve+1","Rage","Flex"],"picked":"Immolate","floor":30.0},{"not_picked":["Heavy Blade","Entrench","Spot Weakness"],"picked":"Armaments","floor":31.0},{"not_picked":["Exhume","Immolate","Bludgeon"],"picked":"Reaper","floor":33.0},{"not_picked":["Thunderclap","Shrug It Off","Disarm"],"picked":"True Grit+1","floor":35.0},{"not_picked":["Sever Soul","Thunderclap","Headbutt"],"picked":"Uppercut+1","floor":40.0},{"not_picked":["Sever Soul","Perfected Strike+1","Burning Pact"],"picked":"Juggernaut+1","floor":41},{"not_picked":["Body Slam+1","Infernal Blade","Ghostly Armor+1"],"picked":"Corruption+1","floor":42},{"not_picked":["Clothesline","Headbutt","Clash"],"picked":"Perfected Strike","floor":48}],"player_experience":1438238,"relics_obtained":[{"floor":3.0,"key":"Juzu Bracelet"},{"floor":7.0,"key":"Pantograph"},{"floor":9.0,"key":"Matryoshka"},{"floor":14.0,"key":"Pen Nib"},{"floor":24.0,"key":"Frozen Egg 2"},{"floor":26.0,"key":"Ancient Tea Set"},{"floor":26.0,"key":"Question Card"},{"floor":29.0,"key":"WingedGreaves"},{"floor":30.0,"key":"Happy Flower"},{"floor":31.0,"key":"Vajra"},{"floor":39.0,"key":"StoneCalendar"},{"floor":40.0,"key":"Whetstone"},{"floor":41,"key":"Sundial"},{"floor":43,"key":"Regal Pillow"},{"floor":43,"key":"Red Skull"}],"event_choices":[{"damage_healed":0.0,"max_hp_gain":0.0,"max_hp_loss":0.0,"gold_gain":68.0,"event_name":"Golden Wing","player_choice":"Gained Gold","floor":12.0,"gold_loss":0.0,"damage_taken":0.0},{"cards_removed":["Strike_R"],"damage_healed":0.0,"max_hp_gain":0.0,"max_hp_loss":0.0,"gold_gain":0.0,"event_name":"Purifier","player_choice":"Purged","floor":13.0,"gold_loss":0.0,"damage_taken":0.0},{"damage_healed":0.0,"max_hp_gain":0.0,"max_hp_loss":0.0,"gold_gain":0.0,"event_name":"Back to Basics","player_choice":"Simplicity","floor":19.0,"gold_loss":0.0,"damage_taken":0.0,"cards_upgraded":["Strike_R","Strike_R","Strike_R","Strike_R","Defend_R","Defend_R","Defend_R","Defend_R"]},{"damage_healed":0.0,"max_hp_gain":0.0,"max_hp_loss":0.0,"gold_gain":0.0,"cards_transformed":["Strike_R","Strike_R"],"event_name":"Drug Dealer","player_choice":"Became Test Subject","floor":25.0,"gold_loss":0.0,"damage_taken":0.0,"cards_obtained":["Rage","Exhume"]},{"damage_healed":0.0,"max_hp_gain":0.0,"max_hp_loss":0.0,"gold_gain":0.0,"event_name":"Forgotten Altar","player_choice":"Smashed Altar","floor":27.0,"gold_loss":0.0,"damage_taken":0.0,"cards_obtained":["Decay"]},{"damage_healed":0.0,"max_hp_gain":0.0,"max_hp_loss":0.0,"gold_gain":0.0,"event_name":"SensoryStone","player_choice":"Memory 1","floor":36.0,"gold_loss":0.0,"damage_taken":0.0},{"damage_healed":0.0,"max_hp_gain":0.0,"max_hp_loss":0.0,"gold_gain":0.0,"event_name":"Tomb of Lord Red Mask","player_choice":"Ignored","floor":37.0,"gold_loss":0.0,"damage_taken":0.0},{"damage_healed":0.0,"max_hp_gain":0.0,"max_hp_loss":0.0,"gold_gain":0.0,"event_name":"MindBloom","player_choice":"Fight","floor":39.0,"gold_loss":0.0,"damage_taken":0.0}],"is_beta":true,"boss_relics":[{"not_picked":["Runic Cube","Calling Bell"],"picked":"Snecko Eye"},{"not_picked":["Philosopher\u0027s Stone","Runic Pyramid"],"picked":"Pandora\u0027s Box"}],"items_purged_floors":[],"is_endless":false,"potions_floor_spawned":[4,7,8,10,18,22,29,30,39,42],"ascension_level":20}