{"gold_per_floor":[118,118,43,143,96,96,152,168,168,168,191,66,76,90,90,90],"floor_reached":16,"playtime":185,"items_purged":["Defend_R","Defend_R"],"score":98,"play_id":"87e25f9f-14f4-4931-9fcc-a2f945405172","local_time":"20180703233901","is_ascension_mode":false,"campfire_choices":[{"data":"Bash","floor":6,"key":"SMITH"},{"floor":10,"key":"REST"},{"data":"Perfected Strike","floor":15,"key":"SMITH"}],"neow_cost":"NONE","seed_source_timestamp":81319380399822,"circlet_count":0,"master_deck":["Strike_R","Strike_R","Strike_R","Strike_R","Strike_R","Defend_R","Defend_R","Bash+1","Thunderclap","Flex","Perfected Strike+1"],"relics":["Lizard Tail","Tiny Chest","Dodecahedron","Odd Mushroom"],"potions_floor_usage":[11,14],"damage_taken":[{"damage":6,"enemies":"Cultist","floor":1,"turns":3},{"damage":50,"enemies":"Lagavulin","floor":7,"turns":6},{"damage":0,"enemies":"Small Slimes","floor":8,"turns":3},{"damage":27,"floor":11,"turns":4},{"damage":0,"enemies":"2 Louse","floor":13,"turns":1},{"damage":5,"enemies":"Exordium Thugs","floor":14,"turns":2},{"damage":0,"enemies":"Hexaghost","floor":16,"turns":1}],"seed_played":"200712409868113868","potions_obtained":[{"floor":8,"key":"BloodPotion"},{"floor":11,"key":"Energy Potion"},{"floor":13,"key":"Weak Potion"}],"is_trial":false,"path_per_floor":["M","?","$","?","$","R","E","M","T","R","?","$","M","M","R"],"character_chosen":"IRONCLAD","items_purchased":["Thunderclap","Flex"],"campfire_rested":1,"item_purchase_floors":[5,12],"current_hp_per_floor":[74,74,74,74,74,74,24,24,24,48,29,29,29,24,24,24],"gold":90,"neow_bonus":"BOSS_RELIC","is_prod":false,"is_daily":false,"chose_seed":false,"campfire_upgraded":2,"win_rate":0,"timestamp":1530686341,"path_taken":["M","?","$","?","$","R","E","M","T","R","?","?","M","M","R","BOSS"],"build_version":"2018-07-02","purchased_purges":2,"victory":false,"max_hp_per_floor":[80,80,80,80,80,80,80,80,80,80,80,80,80,80,80,80],"card_choices":[{"not_picked":["Pommel Strike","Burning Pact"],"picked":"Perfected Strike","floor":13}],"player_experience":484065,"relics_obtained":[{"floor":7,"key":"Tiny Chest"},{"floor":9,"key":"Dodecahedron"},{"floor":11,"key":"Odd Mushroom"}],"event_choices":[{"event_name":"Liars Game","player_choice":"disagreed","floor":2,"damage_taken":0},{"event_name":"Golden Shrine","player_choice":"Pray","floor":4,"damage_taken":0},{"event_name":"Mushrooms","player_choice":"Fought Mushrooms","floor":11,"damage_taken":0}],"boss_relics":[],"items_purged_floors":[3,12],"is_endless":false,"potions_floor_spawned":[8,11,13],"killed_by":"Hexaghost","ascension_level":0}