{"gold_per_floor":[118,393,57,6,6,6,31,31,31,31,51,51,62,72,72,72],"floor_reached":16,"playtime":288,"items_purged":["Regret"],"score":176,"play_id":"6a9e2b57-2783-4ebf-b6a0-fef4eb3df88d","local_time":"20190218154944","is_ascension_mode":true,"campfire_choices":[{"data":"Neutralize","floor":6,"key":"SMITH"},{"data":"Masterful Stab","floor":8,"key":"SMITH"},{"data":"Distraction","floor":10,"key":"SMITH"},{"data":"Cloak And Dagger","floor":15,"key":"SMITH"}],"neow_cost":"NONE","seed_source_timestamp":3645479019280,"circlet_count":0,"master_deck":["AscendersBane","Defend_G","Defend_G","Defend_G","Defend_G+1","Defend_G+1","Strike_G","Strike_G","Strike_G","Strike_G","Strike_G","Survivor","Neutralize+1","Masterful Stab+1","Dagger Spray","Distraction+1","Deadly Poison","Sucker Punch","Cloak And Dagger+1"],"relics":["Ring of the Snake","NeowsBlessing","Lantern","Orichalcum","War Paint"],"potions_floor_usage":[16,16],"damage_taken":[{"damage":0,"enemies":"Small Slimes","floor":1,"turns":1},{"damage":0,"enemies":"Cultist","floor":11,"turns":1},{"damage":0,"enemies":"2 Louse","floor":13,"turns":1},{"damage":0,"enemies":"Blue Slaver","floor":14,"turns":2},{"damage":67,"enemies":"Slime Boss","floor":16,"turns":11}],"seed_played":"-3483857562241777062","potions_obtained":[{"floor":1,"key":"SkillPotion"},{"floor":11,"key":"Fruit Juice"}],"is_trial":false,"path_per_floor":["M","?","$","$","?","R","T","R","T","R","M","?","M","M","R","B"],"character_chosen":"THE_SILENT","items_purchased":["Dagger Spray","Lantern","Distraction","Deadly Poison"],"campfire_rested":0,"item_purchase_floors":[3,3,3,4],"current_hp_per_floor":[59,59,59,59,64,64,64,64,64,64,64,60,60,60,60,0],"gold":72,"neow_bonus":"THREE_ENEMY_KILL","is_prod":false,"is_daily":false,"chose_seed":false,"campfire_upgraded":4,"win_rate":0,"timestamp":1550533784,"path_taken":["M","?","?","$","?","R","?","R","T","R","M","?","?","M","R","BOSS"],"build_version":"2019-02-06","purchased_purges":1,"victory":false,"max_hp_per_floor":[66,66,66,66,71,71,71,71,71,71,71,71,71,71,71,76],"card_choices":[{"not_picked":["Tactician","Cloak And Dagger"],"picked":"Masterful Stab","floor":1},{"not_picked":["Cloak And Dagger","Tactician"],"picked":"Sucker Punch","floor":11},{"not_picked":["Skewer","Outmaneuver"],"picked":"Cloak And Dagger","floor":13},{"not_picked":["Heel Hook","Caltrops","Tactician"],"picked":"SKIP","floor":14}],"player_experience":1167744,"relics_obtained":[{"floor":7,"key":"Orichalcum"},{"floor":9,"key":"War Paint"}],"event_choices":[{"damage_healed":0,"gold_gain":275,"player_choice":"Desecrate","damage_taken":0,"max_hp_gain":0,"max_hp_loss":0,"event_name":"Golden Shrine","floor":2,"gold_loss":0,"cards_obtained":["Regret"]},{"damage_healed":0,"gold_gain":0,"player_choice":"Donut","damage_taken":0,"max_hp_gain":5,"max_hp_loss":0,"event_name":"Big Fish","floor":5,"gold_loss":0},{"damage_healed":0,"gold_gain":0,"player_choice":"Bought 0 Potions","damage_taken":0,"max_hp_gain":0,"max_hp_loss":0,"event_name":"The Woman in Blue","floor":12,"gold_loss":0}],"is_beta":true,"boss_relics":[],"items_purged_floors":[3],"is_endless":false,"potions_floor_spawned":[1,11],"killed_by":"Slime Boss","ascension_level":20}