{"path_per_floor":["M","M","$","?","M","R","E","R","T","M","?","M","E","$","R","B",null,"M","M","M","$","M","$","R","M","T","?","R","M","M","?","R"],"character_chosen":"THE_SILENT","items_purchased":["Well Laid Plans","Terror+1","Orichalcum"],"gold_per_floor":[115,127,48,48,60,60,85,85,85,104,134,151,184,28,28,131,131,112,131,150,6,19,19,19,35,60,60,60,80,98,98,98,98],"floor_reached":33,"campfire_rested":5,"playtime":2395,"item_purchase_floors":[3,14,21],"current_hp_per_floor":[70,68,68,68,68,68,49,70,70,70,67,69,49,49,70,52,70,53,51,29,29,4,4,26,23,23,23,45,44,28,28,50,0],"items_purged":["Strike_G"],"gold":98,"score":309,"play_id":"a54658f9-d91c-44ab-b945-bbb08acd2729","local_time":"20180616171409","is_prod":false,"is_daily":false,"chose_seed":false,"is_ascension_mode":false,"campfire_upgraded":1,"win_rate":0.0,"timestamp":1529183649,"campfire_choices":[{"data":"Endless Agony","floor":6,"key":"SMITH"},{"floor":8,"key":"REST"},{"floor":15,"key":"REST"},{"floor":24,"key":"REST"},{"floor":28,"key":"REST"},{"floor":32,"key":"REST"}],"path_taken":["M","M","$","?","M","R","E","R","T","M","?","M","E","$","R","BOSS","M","M","?","$","M","$","R","M","T","?","R","M","M","?","R","BOSS"],"build_version":"2018-06-14v2","seed_source_timestamp":243026366275951,"purchased_purges":1,"victory":false,"master_deck":["Defend_G","Defend_G","Defend_G","Defend_G","Defend_G","Strike_G","Strike_G","Survivor","Neutralize+1","Outmaneuver","Endless Agony+1","Well Laid Plans","Malaise","Blur","Dagger Spray","Flying Knee","All Out Attack","Terror+1","Acrobatics+1","Predator","Quick Slash","Backflip+1","Acrobatics+1","Malaise+1","Backflip+1","Acrobatics+1","Outmaneuver+1","Dagger Spray","Dodge and Roll+1","Dark Shackles+1","Calculated Gamble+1","Acrobatics+1","PiercingWail+1","Skewer","Escape Plan+1"],"max_hp_per_floor":[70,70,70,70,70,70,70,70,70,70,70,70,70,70,70,70,70,70,70,70,70,75,75,75,75,75,75,75,75,75,75,75,75],"relics":["Busted Crown","Prayer Wheel","Bird Faced Urn","Tiny Chest","Toxic Egg 2","Empty Cage","Orichalcum","Happy Flower"],"card_choices":[{"not_picked":[],"picked":"Outmaneuver","floor":1},{"not_picked":[],"picked":"Endless Agony","floor":2},{"not_picked":[],"picked":"Malaise","floor":5},{"not_picked":[],"picked":"Blur","floor":7},{"not_picked":["Deadly Poison"],"picked":"SKIP","floor":10},{"not_picked":["Outmaneuver"],"picked":"SKIP","floor":10},{"not_picked":[],"picked":"Dagger Spray","floor":12},{"not_picked":[],"picked":"Flying Knee","floor":12},{"not_picked":[],"picked":"All Out Attack","floor":13},{"not_picked":[],"picked":"Acrobatics+1","floor":18},{"not_picked":[],"picked":"Predator","floor":18},{"not_picked":[],"picked":"Quick Slash","floor":19},{"not_picked":[],"picked":"Backflip+1","floor":19},{"not_picked":[],"picked":"Acrobatics+1","floor":20},{"not_picked":[],"picked":"Malaise+1","floor":20},{"not_picked":[],"picked":"Backflip+1","floor":22},{"not_picked":[],"picked":"Acrobatics+1","floor":22},{"not_picked":[],"picked":"Outmaneuver+1","floor":25},{"not_picked":[],"picked":"Dagger Spray","floor":25},{"not_picked":[],"picked":"Acrobatics+1","floor":29},{"not_picked":[],"picked":"PiercingWail+1","floor":29},{"not_picked":[],"picked":"Skewer","floor":30},{"not_picked":[],"picked":"Escape Plan+1","floor":30}],"player_experience":113437,"potions_floor_usage":[7,20,20,22],"damage_taken":[{"damage":0,"enemies":"Cultist","floor":1,"turns":4},{"damage":2,"enemies":"Small Slimes","floor":2,"turns":4},{"damage":0,"enemies":"2 Louse","floor":5,"turns":3},{"damage":19,"enemies":"3 Sentries","floor":7,"turns":11},{"damage":0,"enemies":"Blue Slaver","floor":10,"turns":4},{"damage":0,"enemies":"Gremlin Gang","floor":12,"turns":7},{"damage":21,"enemies":"Lagavulin","floor":13,"turns":9},{"damage":20,"enemies":"The Guardian","floor":16,"turns":13},{"damage":19,"enemies":"2 Thieves","floor":18,"turns":4},{"damage":4,"enemies":"Shell Parasite","floor":19,"turns":4},{"damage":24,"enemies":"Centurion and Healer","floor":20,"turns":7},{"damage":40,"enemies":"3 Cultists","floor":22,"turns":6},{"damage":5,"enemies":"Snake Plant","floor":25,"turns":6},{"damage":3,"enemies":"Snecko","floor":29,"turns":6},{"damage":18,"enemies":"Centurion and Healer","floor":30,"turns":9},{"damage":59,"enemies":"Champ","floor":33,"turns":11}],"relics_obtained":[{"floor":7,"key":"Prayer Wheel"},{"floor":9,"key":"Bird Faced Urn"},{"floor":13,"key":"Toxic Egg 2"},{"floor":26,"key":"Happy Flower"}],"event_choices":[{"event_name":"Upgrade Shrine","player_choice":"Upgraded","floor":4,"damage_taken":0},{"event_name":"Scrap Ooze","player_choice":"success","floor":11,"damage_taken":3},{"event_name":"Match and Keep!","player_choice":"3 cards matched","floor":27,"damage_taken":0},{"event_name":"Vampires","player_choice":"Ignored","floor":31,"damage_taken":0}],"boss_relics":[{"not_picked":["Eternal Feather","Velvet Choker"],"picked":"Empty Cage"}],"items_purged_floors":[14],"is_endless":false,"potions_floor_spawned":[2,7,13,18,20,25],"seed_played":"839046838755300670","killed_by":"Champ","ascension_level":0,"potions_obtained":[{"floor":2,"key":"AttackPotion"},{"floor":7,"key":"FairyPotion"},{"floor":13,"key":"SteroidPotion"},{"floor":18,"key":"Weak Potion"},{"floor":20,"key":"Fruit Juice"},{"floor":25,"key":"Ancient Potion"}],"is_trial":false}