{"gold_per_floor":[99,99,57,57,57,57,57,57,57,57,57,57,57,57,57,57,57,57,57,57,57,57,57,57,57,57,57,57,57,57,57,57,57,57,57,3,3,3,3,3],"floor_reached":40,"playtime":1445,"items_purged":[],"score":939,"play_id":"c1953205-0ad9-4b21-8321-39e1ca33e237","local_time":"20190219195249","is_ascension_mode":true,"campfire_choices":[{"data":"Headbutt","floor":6.0,"key":"SMITH"},{"data":"Whirlwind","floor":10.0,"key":"SMITH"},{"data":"Armaments","floor":15.0,"key":"SMITH"},{"data":"Shockwave","floor":23.0,"key":"SMITH"},{"data":"Clothesline","floor":25.0,"key":"SMITH"},{"floor":32.0,"key":"REST"}],"neow_cost":"NONE","seed_source_timestamp":6428599248042,"circlet_count":0,"master_deck":["AscendersBane","Strike_R","Strike_R","Defend_R","Defend_R","Defend_R","Defend_R","Bash+1","Shrug It Off","Headbutt+1","Whirlwind+1","Shockwave+1","Clothesline+1","Armaments+1","Impervious","Sentinel+1","Juggernaut+1","Armaments+1","True Grit+1","Battle Trance+1","Pommel Strike+1","Clash","Battle Trance","Infernal Blade","Immolate","Shrug It Off"],"special_seed":0,"relics":["Ectoplasm","Lantern","Blue Candle","Red Skull","Charon\u0027s Ashes","Astrolabe","Calipers","Mango","Bag of Marbles","MawBank","Busted Crown","Old Coin","CultistMask"],"potions_floor_usage":[40],"damage_taken":[{"damage":1.0,"enemies":"Small Slimes","floor":1.0,"turns":3.0},{"damage":0.0,"enemies":"2 Louse","floor":4.0,"turns":3.0},{"damage":0.0,"enemies":"Jaw Worm","floor":7.0,"turns":2.0},{"damage":26.0,"enemies":"Lagavulin","floor":8.0,"turns":5.0},{"damage":0.0,"enemies":"Exordium Wildlife","floor":11.0,"turns":2.0},{"damage":0.0,"enemies":"3 Sentries","floor":13.0,"turns":1.0},{"damage":5.0,"enemies":"The Guardian","floor":16.0,"turns":10.0},{"damage":1.0,"enemies":"3 Byrds","floor":18.0,"turns":5.0},{"damage":3.0,"enemies":"Shell Parasite","floor":20.0,"turns":6.0},{"damage":0.0,"enemies":"Snecko","floor":22.0,"turns":8.0},{"damage":4.0,"enemies":"Centurion and Healer","floor":24.0,"turns":5.0},{"damage":21.0,"enemies":"Gremlin Leader","floor":28.0,"turns":8.0},{"damage":12.0,"enemies":"Book of Stabbing","floor":30.0,"turns":5.0},{"damage":0.0,"enemies":"Snake Plant","floor":31.0,"turns":1.0},{"damage":26.0,"enemies":"Automaton","floor":33.0,"turns":8.0},{"damage":2,"enemies":"3 Shapes","floor":35,"turns":2},{"damage":0,"enemies":"Mind Bloom Boss Battle","floor":37,"turns":8},{"damage":0,"enemies":"3 Darklings","floor":39,"turns":1},{"damage":100,"enemies":"Giant Head","floor":40,"turns":9}],"seed_played":"4801030227756560457","potions_obtained":[{"floor":4.0,"key":"BloodPotion"},{"floor":13.0,"key":"SpeedPotion"},{"floor":16.0,"key":"Fruit Juice"},{"floor":24.0,"key":"EssenceOfSteel"},{"floor":31.0,"key":"SkillPotion"},{"floor":39,"key":"Weak Potion"}],"is_trial":false,"path_per_floor":["M","?","?","M","?","R","M","E","T","R","M","?","E","?","R","B",null,"M","?","M","?","M","R","M","R","T","$","E","?","E","M","R","B",null,"M","$","?","?","M","E"],"character_chosen":"IRONCLAD","items_purchased":["Shrug It Off"],"campfire_rested":1,"item_purchase_floors":[36],"current_hp_per_floor":[67,72,72,72,72,72,72,46,46,46,46,11,19,19,19,14,64,63,63,60,60,60,60,56,56,70,70,54,45,33,33,62,36,83,81,81,81,81,81,0],"gold":3,"neow_bonus":"BOSS_RELIC","is_prod":false,"is_daily":false,"chose_seed":false,"campfire_upgraded":5,"win_rate":0,"timestamp":1550634769,"path_taken":["M","?","?","M","?","R","M","E","T","R","M","?","E","?","R","BOSS","M","?","M","?","?","R","M","R","T","$","E","?","E","?","R","BOSS","M","$","?","?","?","E"],"build_version":"2019-02-06","purchased_purges":0,"victory":false,"max_hp_per_floor":[75,80,80,80,80,80,80,80,80,80,80,80,80,80,80,80,80,80,80,80,80,80,80,80,80,94,94,99,99,99,99,99,99,99,99,99,99,99,99,99],"card_choices":[{"not_picked":["Perfected Strike","Havoc"],"picked":"Shrug It Off","floor":1.0},{"not_picked":["Thunderclap","Perfected Strike"],"picked":"Headbutt","floor":4.0},{"not_picked":["Shrug It Off","Thunderclap"],"picked":"Whirlwind","floor":7.0},{"not_picked":["Clothesline","Armaments"],"picked":"Shockwave","floor":8.0},{"not_picked":["Heavy Blade","Offering"],"picked":"Clothesline","floor":11.0},{"not_picked":["Dropkick","Combust"],"picked":"Armaments","floor":13.0},{"not_picked":["Offering","Brutality"],"picked":"Impervious","floor":16.0},{"not_picked":["Shrug It Off","Cleave+1"],"picked":"True Grit+1","floor":18.0},{"not_picked":["Twin Strike+1","Rupture"],"picked":"Battle Trance+1","floor":20.0},{"not_picked":["Wild Strike","True Grit"],"picked":"Pommel Strike+1","floor":22.0},{"not_picked":["Iron Wave","Cleave"],"picked":"Clash","floor":24.0},{"not_picked":["Cleave","Flex"],"picked":"Battle Trance","floor":28.0},{"not_picked":["Cleave","Hemokinesis"],"picked":"Infernal Blade","floor":30.0},{"not_picked":["Limit Break","Offering"],"picked":"Immolate","floor":33.0},{"not_picked":["Wild Strike+1"],"picked":"SKIP","floor":35},{"not_picked":["Cleave"],"picked":"SKIP","floor":39}],"player_experience":1181608,"relics_obtained":[{"floor":8.0,"key":"Lantern"},{"floor":9.0,"key":"Blue Candle"},{"floor":13.0,"key":"Charon\u0027s Ashes"},{"floor":26.0,"key":"Mango"},{"floor":28.0,"key":"Bag of Marbles"},{"floor":30.0,"key":"MawBank"},{"floor":37,"key":"Old Coin"}],"event_choices":[{"damage_healed":0.0,"max_hp_gain":5.0,"max_hp_loss":0.0,"gold_gain":0.0,"event_name":"Big Fish","player_choice":"Donut","floor":2.0,"gold_loss":0.0,"damage_taken":0.0},{"damage_healed":0.0,"max_hp_gain":0.0,"max_hp_loss":0.0,"gold_gain":0.0,"event_name":"World of Goop","player_choice":"Left Gold","floor":3.0,"gold_loss":42.0,"damage_taken":0.0},{"damage_healed":0.0,"max_hp_gain":0.0,"max_hp_loss":0.0,"gold_gain":0.0,"event_name":"Living Wall","player_choice":"Grow","floor":5.0,"gold_loss":0.0,"damage_taken":0.0,"cards_upgraded":["Bash"]},{"damage_healed":0.0,"max_hp_gain":0.0,"max_hp_loss":0.0,"gold_gain":0.0,"event_name":"Scrap Ooze","player_choice":"Success","floor":12.0,"gold_loss":0.0,"damage_taken":35.0,"relics_obtained":["Red Skull"]},{"damage_healed":0.0,"max_hp_gain":0.0,"max_hp_loss":0.0,"gold_gain":0.0,"event_name":"Shining Light","player_choice":"Ignored","floor":14.0,"gold_loss":0.0,"damage_taken":0.0},{"damage_healed":0.0,"max_hp_gain":0.0,"max_hp_loss":0.0,"gold_gain":0.0,"event_name":"Beggar","player_choice":"Ignored","floor":19.0,"gold_loss":0.0,"damage_taken":0.0},{"damage_healed":0.0,"max_hp_gain":0.0,"max_hp_loss":0.0,"gold_gain":0.0,"event_name":"WeMeetAgain","player_choice":"Gave Potion","floor":21.0,"gold_loss":0.0,"damage_taken":0.0,"relics_obtained":["Calipers"]},{"damage_healed":0.0,"max_hp_gain":0.0,"max_hp_loss":0.0,"gold_gain":0.0,"event_name":"Knowing Skull","player_choice":"","floor":29.0,"potions_obtained":[],"gold_loss":0.0,"damage_taken":9.0,"cards_obtained":[]},{"damage_healed":0,"gold_gain":0,"player_choice":"Fight","damage_taken":0,"max_hp_gain":0,"max_hp_loss":0,"event_name":"MindBloom","floor":37,"gold_loss":0},{"damage_healed":0,"gold_gain":0,"player_choice":"Trade","damage_taken":0,"relics_obtained":["CultistMask"],"max_hp_gain":0,"max_hp_loss":0,"event_name":"FaceTrader","floor":38,"gold_loss":0}],"is_beta":true,"boss_relics":[{"not_picked":["Coffee Dripper","Runic Dome"],"picked":"Astrolabe"},{"not_picked":["Sozu","Tiny House"],"picked":"Busted Crown"}],"items_purged_floors":[],"is_endless":false,"potions_floor_spawned":[4,13,16,18,24,31,39],"killed_by":"Giant Head","ascension_level":20}