{"gold_per_floor":[114,133,133,133,146,146,162,162,162,181,181,205,245,269,269,269],"floor_reached":16,"playtime":488,"items_purged":[],"score":182,"play_id":"ec0addff-6cfa-408e-a43f-c18b657b2ef4","local_time":"20180704231315","is_ascension_mode":true,"campfire_choices":[{"data":"Neutralize","floor":6,"key":"SMITH"},{"data":"Footwork","floor":8,"key":"SMITH"},{"data":"Footwork","floor":11,"key":"SMITH"},{"data":"Cloak And Dagger","floor":15,"key":"SMITH"}],"neow_cost":"NONE","seed_source_timestamp":14536420897402,"circlet_count":0,"master_deck":["Defend_G","Defend_G","Defend_G","Defend_G","Defend_G","Strike_G","Strike_G","Strike_G","Strike_G","Strike_G","Survivor","Neutralize+1","AscendersBane","Deadly Poison","Deadly Poison","Footwork+1","Footwork+1","Bane","Deadly Poison","Cloak And Dagger+1","Quick Slash"],"relics":["Ring of the Snake","NeowsBlessing","Golden Idol","Bird Faced Urn","Ginger"],"potions_floor_usage":[7],"damage_taken":[{"damage":0,"enemies":"Cultist","floor":1,"turns":1},{"damage":0,"enemies":"Jaw Worm","floor":2,"turns":1},{"damage":0,"enemies":"2 Louse","floor":5,"turns":1},{"damage":5,"enemies":"Lots of Slimes","floor":7,"turns":2},{"damage":0,"enemies":"Large Slime","floor":10,"turns":5},{"damage":4,"enemies":"2 Fungi Beasts","floor":12,"turns":4},{"damage":19,"enemies":"3 Sentries","floor":13,"turns":12},{"damage":11,"enemies":"Exordium Thugs","floor":14,"turns":7},{"damage":44,"enemies":"Hexaghost","floor":16,"turns":10}],"seed_played":"-1965662754160839478","potions_obtained":[{"floor":1,"key":"SkillPotion"},{"floor":10,"key":"Strength Potion"},{"floor":14,"key":"Explosive Potion"}],"is_trial":false,"path_per_floor":["M","M","?","?","M","R","M","R","T","M","R","M","E","M","R"],"character_chosen":"THE_SILENT","items_purchased":[],"campfire_rested":0,"item_purchase_floors":[],"current_hp_per_floor":[59,59,59,64,64,64,59,59,59,63,63,61,46,39,39,0],"gold":269,"neow_bonus":"THREE_ENEMY_KILL","is_prod":false,"is_daily":false,"chose_seed":false,"campfire_upgraded":4,"win_rate":0,"timestamp":1530771195,"path_taken":["M","?","?","?","?","R","M","R","T","M","R","M","E","M","R","BOSS"],"build_version":"2018-07-03","purchased_purges":0,"victory":false,"max_hp_per_floor":[66,66,60,65,65,65,65,65,65,65,65,65,65,65,65,65],"card_choices":[{"not_picked":["Deflect","PiercingWail"],"picked":"Deadly Poison","floor":1},{"not_picked":["Flying Knee","Flechettes"],"picked":"Deadly Poison","floor":2},{"not_picked":["Flying Knee","Setup"],"picked":"Footwork","floor":5},{"not_picked":["Slice","Venomology"],"picked":"Footwork","floor":7},{"not_picked":["Sucker Punch","Outmaneuver"],"picked":"Bane","floor":10},{"not_picked":["Terror","Distraction"],"picked":"Deadly Poison","floor":12},{"not_picked":["Underhanded Strike","Slice"],"picked":"Cloak And Dagger","floor":13},{"not_picked":["PiercingWail","Cloak And Dagger"],"picked":"Quick Slash","floor":14}],"player_experience":508716,"relics_obtained":[{"floor":9,"key":"Bird Faced Urn"},{"floor":13,"key":"Ginger"}],"event_choices":[{"event_name":"Golden Idol","player_choice":"Lose Max HP","floor":3,"damage_taken":0},{"event_name":"Big Fish","player_choice":"Donut","floor":4,"damage_taken":0}],"boss_relics":[],"items_purged_floors":[],"is_endless":false,"potions_floor_spawned":[1,10,14],"killed_by":"Hexaghost","ascension_level":15}