{"gold_per_floor":[113,133,133,144,163,194,213,246,246,246],"floor_reached":10,"playtime":647,"items_purged":[],"score":80,"play_id":"cfca4128-87b5-4f4f-b3ab-58cd77e95ab6","local_time":"20190706163545","is_ascension_mode":false,"campfire_choices":[],"neow_cost":"CURSE","seed_source_timestamp":443980248162152,"circlet_count":0,"master_deck":["Strike_R","Strike_R","Strike_R","Strike_R","Strike_R","Defend_R","Defend_R","Defend_R","Defend_R","Bash","Normality","Intimidate","Metallicize","Pain","Entrench","Entrench","Armaments"],"relics":["Burning Blood","Thread and Needle","WarpedTongs","Dream Catcher","Anchor"],"potions_floor_usage":[6,6,8],"damage_taken":[{"damage":4,"enemies":"Small Slimes","floor":1,"turns":3},{"damage":2,"enemies":"Cultist","floor":2,"turns":3},{"damage":3,"enemies":"2 Louse","floor":4,"turns":2},{"damage":24,"enemies":"Gremlin Gang","floor":5,"turns":7},{"damage":7,"enemies":"Lagavulin","floor":6,"turns":8},{"damage":4,"enemies":"2 Fungi Beasts","floor":7,"turns":5},{"damage":15,"enemies":"3 Sentries","floor":8,"turns":12},{"damage":54,"enemies":"Gremlin Nob","floor":10,"turns":7}],"seed_played":"4550814327089530309","potions_obtained":[{"floor":2,"key":"AttackPotion"},{"floor":5,"key":"Fire Potion"},{"floor":7,"key":"Fire Potion"}],"is_trial":false,"path_per_floor":["M","M","?","M","M","E","M","E","T","E"],"character_chosen":"IRONCLAD","items_purchased":[],"campfire_rested":0,"item_purchase_floors":[],"current_hp_per_floor":[80,80,80,80,62,61,63,54,54,0],"gold":246,"neow_bonus":"ONE_RARE_RELIC","is_prod":false,"is_daily":false,"chose_seed":false,"campfire_upgraded":0,"win_rate":0,"timestamp":1562398545,"path_taken":["M","M","?","M","?","E","M","E","T","E"],"build_version":"2019-07-05","purchased_purges":0,"victory":false,"max_hp_per_floor":[80,80,80,80,80,80,80,80,80,80],"card_choices":[{"not_picked":["Rupture","Wild Strike"],"picked":"Intimidate","floor":1},{"not_picked":["Power Through","Sever Soul"],"picked":"Metallicize","floor":2},{"not_picked":["Pommel Strike","Whirlwind"],"picked":"Entrench","floor":4},{"not_picked":["True Grit","Rampage","Wild Strike"],"picked":"SKIP","floor":5},{"not_picked":["Wild Strike","Juggernaut"],"picked":"Entrench","floor":6},{"not_picked":["Cleave","Headbutt","Feel No Pain"],"picked":"SKIP","floor":7},{"not_picked":["Ghostly Armor","Headbutt"],"picked":"Armaments","floor":8}],"player_experience":53213,"relics_obtained":[{"floor":6,"key":"Dream Catcher"},{"floor":8,"key":"Anchor"}],"event_choices":[{"damage_healed":0,"gold_gain":0,"player_choice":"Rummage","damage_taken":0,"relics_obtained":["WarpedTongs"],"max_hp_gain":0,"max_hp_loss":0,"event_name":"Accursed Blacksmith","floor":3,"gold_loss":0,"cards_obtained":["Pain"]}],"is_beta":false,"boss_relics":[],"items_purged_floors":[],"is_endless":false,"potions_floor_spawned":[2,5,7],"killed_by":"Gremlin Nob","ascension_level":0}