{"gold_per_floor":[110,128,53,73,73,106,124,159,159,184,109,125,141,158,158,232,232,248,248,248,260,260,260,0,0,0,0,24,42,56,56,56,129,129,148,166,166,184,184,184,184,184,184,213,213,230,1,28,28,28,28],"floor_reached":52,"playtime":2311,"items_purged":[],"score":1935,"play_id":"29893165-9b83-4497-8855-8e7d0cd916e3","local_time":"20190301014523","is_ascension_mode":true,"campfire_choices":[{"data":"Rainbow","floor":15.0,"key":"SMITH"},{"floor":23.0,"key":"REST"},{"floor":25.0,"key":"RECALL"},{"floor":32.0,"key":"REST"},{"floor":40.0,"key":"REST"},{"floor":42.0,"key":"REST"},{"floor":49,"key":"REST"}],"neow_cost":"NONE","seed_source_timestamp":28621473119206,"circlet_count":0,"master_deck":["AscendersBane","Dualcast","Biased Cognition","Core Surge","White Noise","Skim","Undo","Coolheaded","Auto Shields","Coolheaded","Consume","Capacitor","Ball Lightning","Rainbow+1","Cold Snap","White Noise","Reinforced Body","Electrodynamics+1","Conserve Battery+1","Electrodynamics+1","Capacitor+1","Core Surge","Hologram","Undo","Stack","Rainbow","Coolheaded","Coolheaded+1","Conserve Battery","Consume","Panacea","Panacea","Coolheaded+1","Defragment+1","Dark Shackles","Hologram","Chaos+1"],"special_seed":0,"relics":["Pandora\u0027s Box","Regal Pillow","Letter Opener","Matryoshka","Frozen Egg 2","Fusion Hammer","DollysMirror","Boot","DataDisk","Lantern","Blood Vial","Sozu","Gremlin Horn","Ornamental Fan","Bag of Marbles","Pocketwatch"],"potions_floor_usage":[50],"damage_taken":[{"damage":0.0,"enemies":"2 Louse","floor":1.0,"turns":3.0},{"damage":0.0,"enemies":"Cultist","floor":2.0,"turns":2.0},{"damage":0.0,"enemies":"Jaw Worm","floor":4.0,"turns":4.0},{"damage":9.0,"enemies":"3 Sentries","floor":6.0,"turns":12.0},{"damage":6.0,"enemies":"Blue Slaver","floor":7.0,"turns":4.0},{"damage":11.0,"enemies":"Gremlin Nob","floor":8.0,"turns":3.0},{"damage":6.0,"enemies":"3 Sentries","floor":10.0,"turns":11.0},{"damage":1.0,"enemies":"2 Fungi Beasts","floor":12.0,"turns":4.0},{"damage":14.0,"enemies":"Large Slime","floor":13.0,"turns":5.0},{"damage":5.0,"enemies":"Exordium Wildlife","floor":14.0,"turns":4.0},{"damage":4.0,"enemies":"The Guardian","floor":16.0,"turns":9.0},{"damage":8.0,"enemies":"2 Thieves","floor":18.0,"turns":4.0},{"damage":2.0,"enemies":"Spheric Guardian","floor":21.0,"turns":4.0},{"damage":8.0,"enemies":"Centurion and Healer","floor":29.0,"turns":2.0},{"damage":24.0,"enemies":"Snake Plant","floor":30.0,"turns":3.0},{"damage":23.0,"enemies":"Collector","floor":33.0,"turns":7.0},{"damage":10.0,"enemies":"3 Shapes","floor":35.0,"turns":3.0},{"damage":0.0,"enemies":"Orb Walker","floor":36.0,"turns":3.0},{"damage":19.0,"enemies":"Jaw Worm Horde","floor":38.0,"turns":4.0},{"damage":11.0,"enemies":"Nemesis","floor":44.0,"turns":7.0},{"damage":19.0,"enemies":"Transient","floor":46.0,"turns":6.0},{"damage":0,"enemies":"Reptomancer","floor":48,"turns":5},{"damage":35,"enemies":"Awakened One","floor":50,"turns":23},{"damage":19,"enemies":"Time Eater","floor":51,"turns":11}],"seed_played":"8072586476646835114","potions_obtained":[{"floor":2.0,"key":"Strength Potion"},{"floor":6.0,"key":"Block Potion"},{"floor":10.0,"key":"SteroidPotion"},{"floor":16.0,"key":"Poison Potion"},{"floor":29.0,"key":"Explosive Potion"},{"floor":33.0,"key":"Dexterity Potion"}],"is_trial":false,"path_per_floor":["M","M","?","M","?","E","M","E","T","E","$","M","M","M","R","B",null,"M","?","?","M","?","R","$","R","T","?","T","M","M","?","R","B",null,"M","M","?","M","?","R","T","R","T","E","?","M","$","E","R","B","B",null],"character_chosen":"DEFECT","items_purchased":["White Noise","Capacitor+1","DollysMirror","Defragment+1","Dark Shackles","Hologram"],"campfire_rested":5,"item_purchase_floors":[11,24,24,47,47,47],"current_hp_per_floor":[64,64,64,64,64,55,49,38,38,32,32,31,17,12,12,8,55,47,47,47,45,45,71,71,71,71,71,71,63,41,41,71,48,65,57,59,59,42,42,71,71,71,71,60,50,33,33,35,71,36,19],"gold":28,"neow_bonus":"BOSS_RELIC","is_prod":false,"is_daily":false,"chose_seed":false,"campfire_upgraded":1,"win_rate":0,"timestamp":1551433523,"path_taken":["M","M","?","M","?","E","?","E","T","E","$","?","M","M","R","BOSS","M","?","?","M","?","R","$","R","T","?","?","?","?","?","R","BOSS","M","M","?","M","?","R","?","R","T","E","?","M","$","E","R","BOSS","BOSS"],"build_version":"2019-02-06","purchased_purges":0,"victory":true,"max_hp_per_floor":[71,71,71,71,71,71,71,71,71,71,71,71,71,71,71,71,71,71,71,71,71,71,71,71,71,71,71,71,71,71,71,71,71,71,71,71,71,71,71,71,71,71,71,71,71,71,71,71,71,71,71],"card_choices":[{"not_picked":["Beam Cell","Rebound"],"picked":"Coolheaded","floor":1.0},{"not_picked":["Barrage","White Noise"],"picked":"Auto Shields","floor":2.0},{"not_picked":["Streamline","Undo"],"picked":"Coolheaded","floor":4.0},{"not_picked":["Redo","Beam Cell"],"picked":"Capacitor","floor":6.0},{"not_picked":["Heatsinks","Barrage"],"picked":"Ball Lightning","floor":7.0},{"not_picked":["Cold Snap","Turbo"],"picked":"Rainbow","floor":8.0},{"not_picked":["Steam","Beam Cell"],"picked":"Cold Snap","floor":10.0},{"not_picked":["Doom and Gloom","Rebound"],"picked":"Reinforced Body","floor":14.0},{"not_picked":["All For One","Meteor Strike"],"picked":"Electrodynamics+1","floor":16.0},{"not_picked":["Stack","Ball Lightning"],"picked":"Conserve Battery+1","floor":18.0},{"not_picked":["Coolheaded","Aggregate"],"picked":"Undo","floor":29.0},{"not_picked":["Beam Cell","Genetic Algorithm"],"picked":"Stack","floor":30.0},{"not_picked":["Thunder Strike","Creative AI+1"],"picked":"Rainbow","floor":33.0},{"not_picked":["Scrape","Steam"],"picked":"Coolheaded","floor":35.0},{"not_picked":["Rebound","Conserve Battery+1"],"picked":"Coolheaded+1","floor":36.0},{"not_picked":["Leap","Static Discharge+1"],"picked":"Conserve Battery","floor":38.0},{"not_picked":["Beam Cell+1","Turbo"],"picked":"Consume","floor":44.0},{"not_picked":["Madness","Deep Breath"],"picked":"Panacea","floor":45.0},{"not_picked":["Master of Strategy","Mind Blast"],"picked":"Panacea","floor":45.0},{"not_picked":["Steam","BootSequence+1"],"picked":"Coolheaded+1","floor":46.0},{"not_picked":["Beam Cell","Reprogram"],"picked":"Chaos+1","floor":48}],"player_experience":1246780,"relics_obtained":[{"floor":6.0,"key":"Regal Pillow"},{"floor":8.0,"key":"Letter Opener"},{"floor":9.0,"key":"Matryoshka"},{"floor":10.0,"key":"Frozen Egg 2"},{"floor":26.0,"key":"Boot"},{"floor":26.0,"key":"DataDisk"},{"floor":28.0,"key":"Lantern"},{"floor":28.0,"key":"Blood Vial"},{"floor":41.0,"key":"Gremlin Horn"},{"floor":43.0,"key":"Ornamental Fan"},{"floor":44.0,"key":"Bag of Marbles"},{"floor":48,"key":"Pocketwatch"}],"event_choices":[{"cards_removed":["Scrape"],"damage_healed":0.0,"max_hp_gain":0.0,"max_hp_loss":0.0,"gold_gain":0.0,"event_name":"The Cleric","player_choice":"Card Removal","floor":3.0,"gold_loss":75.0,"damage_taken":0.0},{"damage_healed":0.0,"max_hp_gain":0.0,"max_hp_loss":0.0,"gold_gain":0.0,"cards_transformed":["Zap"],"event_name":"Transmorgrifier","player_choice":"Transformed","floor":5.0,"gold_loss":0.0,"damage_taken":0.0,"cards_obtained":["Consume"]},{"damage_healed":0.0,"max_hp_gain":0.0,"max_hp_loss":0.0,"gold_gain":0.0,"cards_transformed":["Beam Cell","FTL"],"event_name":"Drug Dealer","player_choice":"Became Test Subject","floor":19.0,"gold_loss":0.0,"damage_taken":0.0,"cards_obtained":["Sunder","Electrodynamics"]},{"damage_healed":0.0,"max_hp_gain":0.0,"max_hp_loss":0.0,"gold_gain":0.0,"event_name":"Vampires","player_choice":"Ignored","floor":20.0,"gold_loss":0.0,"damage_taken":0.0},{"damage_healed":0.0,"max_hp_gain":0.0,"max_hp_loss":0.0,"gold_gain":0.0,"event_name":"The Library","player_choice":"Read","floor":27.0,"gold_loss":0.0,"damage_taken":0.0,"cards_obtained":["Hologram"]},{"damage_healed":0.0,"max_hp_gain":0.0,"max_hp_loss":0.0,"gold_gain":0.0,"event_name":"Ghosts","player_choice":"Ignored","floor":31.0,"gold_loss":0.0,"damage_taken":0.0},{"damage_healed":0.0,"max_hp_gain":0.0,"max_hp_loss":0.0,"gold_gain":0.0,"event_name":"Mysterious Sphere","player_choice":"Ignored","floor":37.0,"gold_loss":0.0,"damage_taken":0.0},{"cards_removed":["Sunder"],"damage_healed":0.0,"max_hp_gain":0.0,"max_hp_loss":0.0,"gold_gain":0.0,"event_name":"Falling","player_choice":"Removed Attack","floor":39.0,"gold_loss":0.0,"damage_taken":0.0},{"damage_healed":0.0,"max_hp_gain":0.0,"max_hp_loss":0.0,"gold_gain":0.0,"event_name":"SensoryStone","player_choice":"Memory 3","floor":45.0,"gold_loss":0.0,"damage_taken":10.0}],"is_beta":true,"boss_relics":[{"not_picked":["Coffee Dripper","Astrolabe"],"picked":"Fusion Hammer"},{"not_picked":["Runic Pyramid","Tiny House"],"picked":"Sozu"}],"items_purged_floors":[],"is_endless":false,"potions_floor_spawned":[2,6,8,10,16,29,33,35,44,46,48],"ascension_level":20}