{"gold_per_floor":[114,131,150,150,325,352,362,362,415,444,444,479,491,520,520,625,625,639,639,655,219,238,270,11,11,11,11],"floor_reached":27,"playtime":2130,"items_purged":["Writhe","Doubt"],"score":251,"play_id":"4ab7db0c-efad-4f2d-bcb1-f3331c4a51d8","local_time":"20190820155231","is_ascension_mode":false,"campfire_choices":[{"data":"Neutralize","floor":8,"key":"SMITH"},{"floor":11,"key":"REST"},{"floor":15,"key":"REST"},{"floor":25,"key":"REST"}],"neow_cost":"NONE","seed_source_timestamp":367720748913100,"circlet_count":0,"master_deck":["Strike_G","Strike_G","Strike_G","Strike_G","Defend_G","Defend_G","Defend_G","Defend_G","Defend_G","Survivor","Neutralize+1","Infinite Blades","Sucker Punch","Noxious Fumes","Noxious Fumes","Heel Hook","Backflip","Corpse Explosion","Reflex","Tactician","Underhanded Strike","Reflex","Accuracy","Expertise","Footwork"],"relics":["Ring of the Snake","Mummified Hand","Oddly Smooth Stone","Lantern","Potion Belt","HoveringKite","Letter Opener","Bottled Lightning","Kunai","Omamori"],"potions_floor_usage":[6,16,16,16,22,22,23],"damage_taken":[{"damage":1,"enemies":"Cultist","floor":1,"turns":5},{"damage":9,"enemies":"2 Louse","floor":2,"turns":3},{"damage":1,"enemies":"Small Slimes","floor":3,"turns":4},{"damage":21,"enemies":"Lagavulin","floor":6,"turns":8},{"damage":3,"enemies":"Blue Slaver","floor":7,"turns":5},{"damage":12,"enemies":"3 Sentries","floor":10,"turns":7},{"damage":20,"enemies":"Gremlin Nob","floor":12,"turns":4},{"damage":0,"enemies":"Large Slime","floor":13,"turns":5},{"damage":12,"enemies":"The Mushroom Lair","floor":14,"turns":4},{"damage":9,"enemies":"Hexaghost","floor":16,"turns":9},{"damage":7,"enemies":"Spheric Guardian","floor":18,"turns":5},{"damage":15,"enemies":"Shell Parasite","floor":20,"turns":6},{"damage":12,"enemies":"Snake Plant","floor":22,"turns":6},{"damage":34,"enemies":"Slavers","floor":23,"turns":4},{"damage":39,"enemies":"Gremlin Leader","floor":27,"turns":5}],"seed_played":"-5572458853371909096","potions_obtained":[{"floor":3,"key":"FearPotion"},{"floor":6,"key":"LiquidBronze"},{"floor":10,"key":"Fruit Juice"},{"floor":12,"key":"SteroidPotion"},{"floor":16,"key":"GhostInAJar"},{"floor":18,"key":"GamblersBrew"},{"floor":22,"key":"Swift Potion"}],"is_trial":false,"path_per_floor":["M","M","M","?","?","E","M","R","T","E","R","E","M","?","R","B",null,"M","?","M","$","M","E","$","R","T","E"],"character_chosen":"THE_SILENT","items_purchased":["Bottled Lightning","Underhanded Strike","Reflex","Expertise","Footwork"],"campfire_rested":3,"item_purchase_floors":[21,21,21,24,24],"current_hp_per_floor":[76,67,66,59,59,38,35,35,35,23,46,26,26,14,37,33,82,75,75,60,60,48,14,14,38,38,0],"gold":11,"neow_bonus":"TEN_PERCENT_HP_BONUS","is_prod":false,"is_daily":false,"chose_seed":false,"campfire_upgraded":1,"win_rate":0.0,"timestamp":1566341551,"path_taken":["M","M","M","?","?","E","M","R","T","E","R","E","M","?","R","BOSS","M","?","M","$","M","E","$","R","T","E"],"build_version":"2019-07-17","purchased_purges":2,"victory":false,"max_hp_per_floor":[77,77,77,77,77,77,77,77,77,77,77,77,77,77,77,82,82,82,82,82,82,82,82,82,82,82,82],"card_choices":[{"not_picked":["Bane","Tactician"],"picked":"Infinite Blades","floor":1},{"not_picked":["Deadly Poison","Slice"],"picked":"Sucker Punch","floor":2},{"not_picked":["Slice","Acrobatics"],"picked":"Noxious Fumes","floor":3},{"not_picked":["Flying Knee","Infinite Blades"],"picked":"Noxious Fumes","floor":6},{"not_picked":["Blade Dance","Quick Slash"],"picked":"Heel Hook","floor":7},{"not_picked":["Terror","Acrobatics","Deflect"],"picked":"SKIP","floor":10},{"not_picked":["Die Die Die","PiercingWail","Deadly Poison"],"picked":"SKIP","floor":12},{"not_picked":["Sucker Punch","Reflex"],"picked":"Backflip","floor":13},{"not_picked":["Die Die Die","Tools of the Trade"],"picked":"Corpse Explosion","floor":16},{"not_picked":["Deflect","Flying Knee"],"picked":"Reflex","floor":18},{"not_picked":["Infinite Blades","Cloak And Dagger"],"picked":"Tactician","floor":20},{"not_picked":["Tactician","Quick Slash"],"picked":"Accuracy","floor":22},{"not_picked":["Skewer","Corpse Explosion","Underhanded Strike"],"picked":"SKIP","floor":23}],"player_experience":48509,"relics_obtained":[{"floor":6,"key":"Mummified Hand"},{"floor":9,"key":"Oddly Smooth Stone"},{"floor":10,"key":"Lantern"},{"floor":12,"key":"Potion Belt"},{"floor":23,"key":"Kunai"},{"floor":26,"key":"Omamori"}],"event_choices":[{"cards_removed":["Strike_G"],"damage_healed":0,"gold_gain":0,"player_choice":"Card Removal","damage_taken":7,"max_hp_gain":0,"max_hp_loss":0,"event_name":"Golden Wing","floor":4,"gold_loss":0},{"damage_healed":0,"gold_gain":175,"player_choice":"AGREE","damage_taken":0,"max_hp_gain":0,"max_hp_loss":0,"event_name":"Liars Game","floor":5,"gold_loss":0,"cards_obtained":["Doubt"]},{"damage_healed":0,"gold_gain":0,"player_choice":"Fought Mushrooms","damage_taken":0,"max_hp_gain":0,"max_hp_loss":0,"event_name":"Mushrooms","floor":14,"gold_loss":0},{"damage_healed":0,"gold_gain":0,"player_choice":"Opened","damage_taken":0,"relics_obtained":["Letter Opener"],"max_hp_gain":0,"max_hp_loss":0,"event_name":"The Mausoleum","floor":19,"gold_loss":0,"cards_obtained":["Writhe"]}],"is_beta":false,"boss_relics":[{"not_picked":["Ectoplasm","Empty Cage"],"picked":"HoveringKite"}],"items_purged_floors":[21,24],"is_endless":false,"potions_floor_spawned":[3,6,10,12,16,18,22],"killed_by":"Gremlin Leader","ascension_level":0}