{"gold_per_floor":[116,135,135,154,169,195,195,195,220,240,240,265,276,201,201,301,301,315,334,334,66,66,80,80,80,80,90,107,132,132,146,146,249,249,265,283,301,301,48,48,48,61,61,9,9,9,19,19,19,19],"floor_reached":51,"playtime":4027,"items_purged":["Strike_R","Thunderclap"],"score":729,"play_id":"598a8dfd-9541-4576-b165-7cfe1a95ac85","local_time":"20181010111150","is_ascension_mode":false,"campfire_choices":[{"data":"Defend_R","floor":7,"key":"SMITH"},{"floor":11,"key":"REST"},{"data":"True Grit","floor":15,"key":"SMITH"},{"data":"Dual Wield","floor":24,"key":"SMITH"},{"floor":30,"key":"REST"},{"floor":32,"key":"REST"},{"data":"Armaments","floor":40,"key":"SMITH"},{"floor":49,"key":"REST"}],"neow_cost":"NONE","seed_source_timestamp":43074404814042,"circlet_count":0,"master_deck":["Strike_R+1","Strike_R+1","Strike_R+1","Defend_R+1","Defend_R+1","Defend_R+1","Defend_R+1","Bash","Rampage","Havoc","Whirlwind","True Grit+1","Armaments+1","Double Tap+1","Body Slam","Entrench+1","Dual Wield+1","Disarm","Clothesline","Shockwave+1","Fiend Fire","Offering","Regret","Doubt","Shrug It Off+1","Headbutt+1"],"relics":["Burning Blood","Happy Flower","Art of War","Blood Vial","Runic Pyramid","Omamori","Du-Vu Doll","MutagenicStrength","War Paint","Calipers","Calling Bell","Ginger","Pear","Boot","Lantern","Kunai"],"potions_floor_usage":[10,28,29,36,47,50,50],"damage_taken":[{"damage":1,"enemies":"Cultist","floor":1,"turns":4},{"damage":10,"enemies":"Jaw Worm","floor":2,"turns":4},{"damage":7,"enemies":"2 Louse","floor":4,"turns":2},{"damage":8,"enemies":"Blue Slaver","floor":5,"turns":5},{"damage":35,"enemies":"3 Sentries","floor":6,"turns":10},{"damage":9,"enemies":"Exordium Wildlife","floor":10,"turns":6},{"damage":18,"enemies":"Lagavulin","floor":12,"turns":7},{"damage":24,"enemies":"Exordium Thugs","floor":13,"turns":4},{"damage":21,"enemies":"The Guardian","floor":16,"turns":11},{"damage":39,"enemies":"Spheric Guardian","floor":18,"turns":7},{"damage":8,"enemies":"Shell Parasite","floor":19,"turns":7},{"damage":25,"enemies":"Centurion and Healer","floor":23,"turns":9},{"damage":1,"enemies":"3 Cultists","floor":27,"turns":4},{"damage":0,"enemies":"Snecko","floor":28,"turns":3},{"damage":38,"enemies":"Book of Stabbing","floor":29,"turns":7},{"damage":10,"enemies":"Cultist and Chosen","floor":31,"turns":6},{"damage":40,"enemies":"Automaton","floor":33,"turns":7},{"damage":38,"enemies":"3 Shapes","floor":35,"turns":2},{"damage":15,"enemies":"Orb Walker","floor":36,"turns":2},{"damage":51,"enemies":"Spire Growth","floor":37,"turns":6},{"damage":27,"enemies":"3 Darklings","floor":42,"turns":6},{"damage":39,"enemies":"Jaw Worm Horde","floor":47,"turns":3},{"damage":35,"enemies":"Donu and Deca","floor":50,"turns":8}],"seed_played":"1506622275633877551","potions_obtained":[{"floor":1,"key":"Poison Potion"},{"floor":4,"key":"SpeedPotion"},{"floor":16,"key":"Swift Potion"},{"floor":18,"key":"LiquidBronze"},{"floor":23,"key":"Dexterity Potion"},{"floor":28,"key":"FearPotion"},{"floor":33,"key":"Dexterity Potion"},{"floor":36,"key":"Weak Potion"}],"is_trial":false,"path_per_floor":["M","M","?","M","M","E","R","?","T","M","R","E","M","$","R","B",null,"M","M","?","$","?","M","R","?","T","M","M","E","R","M","R","B",null,"M","M","M","?","$","R","$","M","T","$","?","$","M","?","R","B"],"character_chosen":"IRONCLAD","items_purchased":["Entrench","Omamori","Thunderclap","Lantern","Dexterity Potion"],"campfire_rested":4,"item_purchase_floors":[21,21,21,39,44],"current_hp_per_floor":[88,84,89,88,86,57,57,50,50,47,74,62,46,46,46,33,93,60,60,60,60,60,43,43,43,43,50,58,28,55,53,80,48,103,71,64,21,90,90,90,90,69,69,69,69,69,38,38,65,38],"gold":19,"neow_bonus":"TEN_PERCENT_HP_BONUS","is_prod":false,"is_daily":false,"chose_seed":false,"campfire_upgraded":4,"win_rate":0,"timestamp":1539184310,"path_taken":["M","M","?","M","M","E","R","?","T","M","R","E","M","$","R","BOSS","M","M","?","$","?","M","R","?","T","M","M","E","R","M","R","BOSS","M","M","M","?","$","R","?","M","T","$","?","$","?","?","R","BOSS"],"build_version":"2018-10-09","purchased_purges":2,"victory":true,"max_hp_per_floor":[88,88,93,93,93,93,93,93,93,93,93,93,93,93,93,93,93,93,93,93,93,93,93,93,93,93,93,93,93,93,93,93,93,103,103,103,103,90,90,90,90,90,90,90,90,90,90,90,90,90],"card_choices":[{"not_picked":["Combust","Pummel","Evolve"],"picked":"SKIP","floor":1},{"not_picked":["Wild Strike","Clash"],"picked":"Rampage","floor":2},{"not_picked":["Cleave","Blood for Blood","Wild Strike"],"picked":"SKIP","floor":4},{"not_picked":["Anger","Cleave"],"picked":"Havoc","floor":5},{"not_picked":["Power Through","Blood for Blood"],"picked":"Whirlwind","floor":6},{"not_picked":["Cleave","Reckless Charge"],"picked":"True Grit","floor":10},{"not_picked":["Exhume","Perfected Strike","Rage"],"picked":"SKIP","floor":12},{"not_picked":["Sword Boomerang","Inflame"],"picked":"Armaments","floor":13},{"not_picked":["Fiend Fire","Bludgeon"],"picked":"Double Tap","floor":16},{"not_picked":["Rampage","Shrug It Off"],"picked":"Body Slam","floor":18},{"not_picked":["Perfected Strike","Flex+1","Juggernaut"],"picked":"SKIP","floor":19},{"not_picked":["Twin Strike","Wild Strike+1"],"picked":"Dual Wield","floor":23},{"not_picked":["Heavy Blade","Sever Soul"],"picked":"Disarm","floor":27},{"not_picked":["Searing Blow+1","Whirlwind"],"picked":"Clothesline","floor":28},{"not_picked":["Perfected Strike","Infernal Blade"],"picked":"Shockwave+1","floor":29},{"not_picked":["Havoc","Wild Strike"],"picked":"Fiend Fire","floor":31},{"not_picked":["Impervious","Fiend Fire"],"picked":"Offering","floor":33},{"not_picked":["Rage+1","Clothesline+1","True Grit"],"picked":"SKIP","floor":35},{"not_picked":["Ghostly Armor","Perfected Strike+1"],"picked":"Shrug It Off+1","floor":36},{"not_picked":["Demon Form","Twin Strike","Warcry"],"picked":"SKIP","floor":37},{"not_picked":["Carnage+1","Perfected Strike","Thunderclap+1"],"picked":"SKIP","floor":42},{"not_picked":["Twin Strike+1","Anger+1"],"picked":"Headbutt+1","floor":47}],"player_experience":363145,"relics_obtained":[{"floor":6,"key":"Happy Flower"},{"floor":9,"key":"Art of War"},{"floor":12,"key":"Blood Vial"},{"floor":26,"key":"War Paint"},{"floor":29,"key":"Calipers"},{"floor":34,"key":"Ginger"},{"floor":34,"key":"Pear"},{"floor":34,"key":"Boot"},{"floor":43,"key":"Kunai"}],"event_choices":[{"event_name":"Big Fish","player_choice":"Donut","floor":3,"damage_taken":0},{"event_name":"Golden Wing","player_choice":"Card Removal","floor":8,"damage_taken":0},{"event_name":"Back to Basics","player_choice":"Simplicity","floor":20,"damage_taken":0},{"event_name":"Addict","player_choice":"Stole Relic","floor":22,"damage_taken":0},{"event_name":"Drug Dealer","player_choice":"Inject Mutagens","floor":25,"damage_taken":0},{"event_name":"The Moai Head","player_choice":"Heal","floor":38,"damage_taken":0},{"event_name":"Mysterious Sphere","player_choice":"Ignore","floor":45,"damage_taken":0},{"event_name":"WeMeetAgain","player_choice":"Attack","floor":48,"damage_taken":0}],"is_beta":true,"boss_relics":[{"not_picked":["Snecko Eye","Black Blood"],"picked":"Runic Pyramid"},{"not_picked":["Lizard Tail","Runic Dome"],"picked":"Calling Bell"}],"items_purged_floors":[14,39],"is_endless":false,"potions_floor_spawned":[1,4,16,18,23,28,33,36,37],"ascension_level":0}