{"gold_per_floor":[115,125,137,87,104,104,124,124,124,124,124,144,144,175,175,271,271,285,285,225,245,260,260,272,272],"floor_reached":25,"playtime":797,"items_purged":[],"score":294,"play_id":"0a9acf17-0f09-404f-966f-7d7aed34a555","local_time":"20190816211718","is_ascension_mode":true,"campfire_choices":[{"data":"Defragment","floor":6,"key":"SMITH"},{"data":"Zap","floor":8,"key":"SMITH"},{"data":"Dualcast","floor":10,"key":"SMITH"},{"data":"Go for the Eyes","floor":15,"key":"SMITH"},{"floor":23,"key":"REST"}],"neow_cost":"NONE","seed_source_timestamp":87184937434800,"circlet_count":0,"master_deck":["Strike_B+1","Defend_B","Defend_B","Defend_B","Defend_B","Zap+1","Dualcast+1","Cold Snap","Defragment+1","Capacitor","Cold Snap+1","Go for the Eyes+1","Seek","Streamline","Go for the Eyes","Gash","Leap+1","Conserve Battery"],"relics":["Cracked Core","Singing Bowl","Odd Mushroom","Matryoshka","Eternal Feather","MutagenicStrength"],"potions_floor_usage":[22,25],"damage_taken":[{"damage":1,"enemies":"Cultist","floor":1,"turns":3},{"damage":0,"enemies":"2 Louse","floor":2,"turns":2},{"damage":2,"enemies":"Jaw Worm","floor":3,"turns":3},{"damage":9,"enemies":"Looter","floor":5,"turns":3},{"damage":14,"enemies":"Red Slaver","floor":7,"turns":3},{"damage":2,"enemies":"The Mushroom Lair","floor":12,"turns":4},{"damage":5,"enemies":"Lagavulin","floor":14,"turns":5},{"damage":18,"enemies":"Slime Boss","floor":16,"turns":9},{"damage":18,"enemies":"Spheric Guardian","floor":18,"turns":4},{"damage":32,"enemies":"3 Byrds","floor":21,"turns":5},{"damage":6,"enemies":"Snecko","floor":22,"turns":7},{"damage":25,"enemies":"Snake Plant","floor":24,"turns":5},{"damage":52,"enemies":"Gremlin Leader","floor":25,"turns":8}],"seed_played":"-9167227686584836847","potions_obtained":[{"floor":5,"key":"FocusPotion"},{"floor":7,"key":"LiquidBronze"},{"floor":16,"key":"FairyPotion"},{"floor":18,"key":"Weak Potion"}],"is_trial":false,"path_per_floor":["M","M","M","?","M","R","M","R","T","R","?","?","?","E","R","B",null,"M","?","?","M","M","R","M","E"],"character_chosen":"DEFECT","items_purchased":[],"campfire_rested":1,"item_purchase_floors":[],"current_hp_per_floor":[74,74,72,72,63,63,49,49,49,49,33,33,61,56,56,38,73,55,55,55,23,17,51,28,0],"gold":272,"neow_bonus":"TEN_PERCENT_HP_BONUS","is_prod":false,"is_daily":false,"chose_seed":false,"campfire_upgraded":4,"win_rate":0,"timestamp":1565957838,"path_taken":["M","M","M","?","M","R","M","R","T","R","?","?","?","E","R","BOSS","M","?","?","M","?","R","M","E"],"build_version":"2019-07-17","purchased_purges":0,"victory":false,"max_hp_per_floor":[82,82,82,82,82,82,82,82,82,82,82,84,84,84,84,84,84,84,84,84,84,84,84,86,86],"card_choices":[{"not_picked":["Steam","Stack"],"picked":"Cold Snap","floor":1},{"not_picked":["Gash","Redo","Beam Cell"],"picked":"SKIP","floor":2},{"not_picked":["Barrage","Reinforced Body"],"picked":"Defragment","floor":3},{"not_picked":["Cold Snap","Coolheaded"],"picked":"Capacitor","floor":5},{"not_picked":["Darkness","Reprogram"],"picked":"Cold Snap","floor":7},{"not_picked":["Beam Cell","Sweeping Beam","Aggregate"],"picked":"Singing Bowl","floor":12},{"not_picked":["Ball Lightning","Hello World"],"picked":"Go for the Eyes","floor":14},{"not_picked":["Machine Learning","Creative AI"],"picked":"Seek","floor":16},{"not_picked":["Tempest","Leap"],"picked":"Streamline","floor":18},{"not_picked":["Conserve Battery","Auto Shields+1"],"picked":"Leap+1","floor":21},{"not_picked":["Undo+1","Turbo"],"picked":"Conserve Battery","floor":22},{"not_picked":["Beam Cell+1","Ball Lightning","Fusion+1"],"picked":"Singing Bowl","floor":24}],"player_experience":170882,"relics_obtained":[{"floor":9,"key":"Singing Bowl"},{"floor":12,"key":"Odd Mushroom"},{"floor":14,"key":"Matryoshka"}],"event_choices":[{"cards_removed":["Strike_B"],"damage_healed":0,"gold_gain":0,"player_choice":"Card Removal","damage_taken":0,"max_hp_gain":0,"max_hp_loss":0,"event_name":"The Cleric","floor":4,"gold_loss":50},{"damage_healed":0,"gold_gain":0,"player_choice":"Entered Light","damage_taken":16,"max_hp_gain":0,"max_hp_loss":0,"event_name":"Shining Light","floor":11,"gold_loss":0,"cards_upgraded":["Cold Snap","Strike_B"]},{"damage_healed":0,"gold_gain":0,"player_choice":"Fought Mushrooms","damage_taken":0,"max_hp_gain":0,"max_hp_loss":0,"event_name":"Mushrooms","floor":12,"gold_loss":0},{"damage_healed":28,"gold_gain":0,"player_choice":"Banana","damage_taken":0,"max_hp_gain":0,"max_hp_loss":0,"event_name":"Big Fish","floor":13,"gold_loss":0},{"damage_healed":0,"gold_gain":0,"player_choice":"Inject Mutagens","damage_taken":0,"relics_obtained":["MutagenicStrength"],"max_hp_gain":0,"max_hp_loss":0,"event_name":"Drug Dealer","floor":19,"gold_loss":0},{"damage_healed":0,"gold_gain":0,"cards_transformed":["Strike_B","Strike_B"],"player_choice":"Transformed Cards","damage_taken":0,"max_hp_gain":0,"max_hp_loss":0,"event_name":"Designer","floor":20,"gold_loss":60,"cards_obtained":["Go for the Eyes","Gash"]}],"is_beta":false,"boss_relics":[{"not_picked":["Velvet Choker","Fusion Hammer"],"picked":"Eternal Feather"}],"items_purged_floors":[],"is_endless":false,"potions_floor_spawned":[5,7,16,18],"killed_by":"Gremlin Leader","ascension_level":9}