{"gold_per_floor":[114,114,114,134,134,163,163,174,242,242,266,266,284,319,319,420,420,431,431,431,447,165,194,194,208,261,287,300,316,316,339,339,436,436,451,451,62,62,62,93,93,18,18,28,40,40,60,74,74,74],"floor_reached":51,"playtime":2210,"items_purged":["Strike_B"],"score":1122,"play_id":"d008128a-6ac8-47f2-bd7f-4702fe275285","local_time":"20190817162334","is_ascension_mode":true,"campfire_choices":[{"data":"Zap","floor":7,"key":"SMITH"},{"data":"Dualcast","floor":10,"key":"SMITH"},{"data":"Melter","floor":12,"key":"SMITH"},{"floor":15,"key":"REST"},{"floor":24,"key":"REST"},{"floor":30,"key":"REST"},{"floor":32,"key":"REST"},{"floor":41,"key":"REST"},{"floor":46,"key":"REST"},{"floor":49,"key":"REST"}],"neow_cost":"NONE","seed_source_timestamp":154538650277700,"circlet_count":0,"master_deck":["AscendersBane","Strike_B","Strike_B","Strike_B","Defend_B","Defend_B","Defend_B","Defend_B","Zap+1","Dualcast+1","Cold Snap","Glacier","Melter+1","Streamline+1","Go for the Eyes+1","Creative AI","Doom and Gloom+1","Hologram+1","Dramatic Entrance+1","White Noise","Rip and Tear+1","Sunder+1","Cold Snap+1","Reboot","Seek","Compile Driver+1","Coolheaded+1","Glacier+1","Leap+1","Reboot"],"relics":["Cracked Core","NeowsBlessing","Bronze Scales","Molten Egg 2","Dream Catcher","DataDisk","Fusion Hammer","Nloth\u0027s Gift","TheAbacus","Centennial Puzzle","Tiny Chest","Bottled Lightning","Bag of Preparation","Cursed Key","Pear","Pocketwatch"],"potions_floor_usage":[14,16,29,33,50,50],"damage_taken":[{"damage":0,"enemies":"Small Slimes","floor":1,"turns":1},{"damage":0,"enemies":"2 Louse","floor":4,"turns":1},{"damage":0,"enemies":"3 Sentries","floor":6,"turns":1},{"damage":7,"enemies":"Jaw Worm","floor":8,"turns":3},{"damage":7,"enemies":"Exordium Wildlife","floor":13,"turns":5},{"damage":20,"enemies":"Gremlin Nob","floor":14,"turns":4},{"damage":19,"enemies":"Hexaghost","floor":16,"turns":8},{"damage":0,"enemies":"Spheric Guardian","floor":18,"turns":2},{"damage":7,"enemies":"Chosen","floor":21,"turns":4},{"damage":34,"enemies":"Slavers","floor":23,"turns":4},{"damage":1,"enemies":"Centurion and Healer","floor":25,"turns":7},{"damage":22,"enemies":"Book of Stabbing","floor":27,"turns":5},{"damage":0,"enemies":"Chosen and Byrds","floor":28,"turns":4},{"damage":2,"enemies":"3 Cultists","floor":29,"turns":4},{"damage":57,"enemies":"Automaton","floor":33,"turns":8},{"damage":10,"enemies":"3 Shapes","floor":35,"turns":3},{"damage":58,"enemies":"Giant Head","floor":40,"turns":10},{"damage":0,"enemies":"Orb Walker","floor":44,"turns":2},{"damage":4,"enemies":"Sphere and 2 Shapes","floor":45,"turns":4},{"damage":6,"enemies":"4 Shapes","floor":47,"turns":3},{"damage":0,"enemies":"Spire Growth","floor":48,"turns":4},{"damage":19,"enemies":"Awakened One","floor":50,"turns":20}],"seed_played":"-6034940025987307575","potions_obtained":[{"floor":1,"key":"FairyPotion"},{"floor":4,"key":"Energy Potion"},{"floor":6,"key":"Explosive Potion"},{"floor":13,"key":"AttackPotion"},{"floor":16,"key":"GamblersBrew"},{"floor":23,"key":"EssenceOfSteel"},{"floor":29,"key":"Fruit Juice"},{"floor":40,"key":"Poison Potion"},{"floor":47,"key":"SkillPotion"}],"is_trial":false,"path_per_floor":["M","?","?","M","?","E","R","M","T","R","T","R","M","E","R","B",null,"M","?","?","M","$","E","R","M","T","E","M","M","R","T","R","B",null,"M","?","$","T","?","E","R","$","T","M","M","R","M","M","R","B",null],"character_chosen":"DEFECT","items_purchased":["TheAbacus","Dramatic Entrance+1","Pear","Seek"],"campfire_rested":7,"item_purchase_floors":[22,22,37,37],"current_hp_per_floor":[68,68,73,73,70,70,70,63,63,63,63,63,56,36,60,41,70,70,70,70,63,63,29,53,52,52,30,30,33,58,58,83,26,70,60,60,70,70,70,12,40,40,40,40,36,64,58,58,86,67],"gold":74,"neow_bonus":"THREE_ENEMY_KILL","is_prod":false,"is_daily":false,"chose_seed":false,"campfire_upgraded":3,"win_rate":0,"timestamp":1566026614,"path_taken":["M","?","?","M","?","E","R","M","T","R","?","R","M","E","R","BOSS","M","?","?","?","$","E","R","M","T","E","M","M","R","?","R","BOSS","M","?","$","?","?","E","R","?","T","M","M","R","M","?","R","BOSS"],"build_version":"2019-07-17","purchased_purges":1,"victory":true,"max_hp_per_floor":[75,75,80,80,80,80,80,80,80,80,80,80,80,80,80,80,80,80,80,80,80,80,80,80,80,80,80,80,85,85,85,85,85,85,85,85,95,95,95,95,95,95,95,95,95,95,95,95,95,95],"card_choices":[{"not_picked":["Heatsinks","Hologram"],"picked":"Cold Snap","floor":1},{"not_picked":["Redo","White Noise"],"picked":"Glacier","floor":4},{"not_picked":["Chaos","Lockon"],"picked":"Melter","floor":6},{"not_picked":["Turbo","Scrape","Reprogram"],"picked":"SKIP","floor":8},{"not_picked":["Barrage+1","Beam Cell+1","Skim"],"picked":"SKIP","floor":13},{"not_picked":["Sweeping Beam+1","Multi-Cast"],"picked":"Streamline+1","floor":14},{"not_picked":["Sweeping Beam+1","Streamline+1"],"picked":"Go for the Eyes+1","floor":15},{"not_picked":["Echo Form","Reboot"],"picked":"Creative AI","floor":16},{"not_picked":["Conserve Battery","Steam"],"picked":"Doom and Gloom+1","floor":18},{"not_picked":["Hello World","Heatsinks"],"picked":"Hologram+1","floor":21},{"not_picked":["Hologram","Thunder Strike+1"],"picked":"White Noise","floor":23},{"not_picked":["Turbo+1","Ball Lightning+1"],"picked":"Rip and Tear+1","floor":25},{"not_picked":["Beam Cell+1","Hello World","Amplify"],"picked":"SKIP","floor":27},{"not_picked":["White Noise","Barrage+1","Gash+1"],"picked":"SKIP","floor":28},{"not_picked":["Sweeping Beam+1","Beam Cell+1"],"picked":"Sunder+1","floor":29},{"not_picked":["White Noise","Recycle"],"picked":"Cold Snap+1","floor":30},{"not_picked":["Multi-Cast","Biased Cognition"],"picked":"Reboot","floor":33},{"not_picked":["Force Field","Hologram","Consume+1"],"picked":"SKIP","floor":35},{"not_picked":["Good Instincts","Blind"],"picked":"Discovery","floor":36},{"not_picked":["Darkness+1","Biased Cognition"],"picked":"Compile Driver+1","floor":40},{"not_picked":["Lockon+1","Go for the Eyes+1"],"picked":"Coolheaded+1","floor":41},{"not_picked":["Gash+1","Rebound+1"],"picked":"Glacier+1","floor":44},{"not_picked":["Hologram","Beam Cell+1","Rebound+1"],"picked":"SKIP","floor":45},{"not_picked":["Compile Driver+1","Electrodynamics"],"picked":"Leap+1","floor":47},{"not_picked":["Coolheaded","Blizzard+1"],"picked":"Reboot","floor":48}],"player_experience":176067,"relics_obtained":[{"floor":6,"key":"Omamori"},{"floor":9,"key":"Molten Egg 2"},{"floor":11,"key":"Dream Catcher"},{"floor":14,"key":"DataDisk"},{"floor":23,"key":"Centennial Puzzle"},{"floor":26,"key":"Tiny Chest"},{"floor":27,"key":"Bottled Lightning"},{"floor":31,"key":"Bag of Preparation"},{"floor":40,"key":"Pocketwatch"}],"event_choices":[{"damage_healed":0,"gold_gain":0,"player_choice":"Ignored","damage_taken":0,"max_hp_gain":0,"max_hp_loss":0,"event_name":"Liars Game","floor":2,"gold_loss":0},{"damage_healed":0,"gold_gain":0,"player_choice":"Donut","damage_taken":0,"max_hp_gain":5,"max_hp_loss":0,"event_name":"Big Fish","floor":3,"gold_loss":0},{"damage_healed":0,"gold_gain":0,"player_choice":"Success","damage_taken":3,"relics_obtained":["Bronze Scales"],"max_hp_gain":0,"max_hp_loss":0,"event_name":"Scrap Ooze","floor":5,"gold_loss":0},{"damage_healed":0,"gold_gain":0,"player_choice":"Ignored","damage_taken":0,"max_hp_gain":0,"max_hp_loss":0,"event_name":"Ghosts","floor":19,"gold_loss":0},{"damage_healed":0,"gold_gain":0,"player_choice":"Traded Relic","damage_taken":0,"relics_obtained":["Nloth\u0027s Gift"],"max_hp_gain":0,"max_hp_loss":0,"event_name":"N\u0027loth","floor":20,"relics_lost":["Omamori"],"gold_loss":0},{"damage_healed":0,"gold_gain":0,"player_choice":"Memory 1","damage_taken":0,"max_hp_gain":0,"max_hp_loss":0,"event_name":"SensoryStone","floor":36,"gold_loss":0},{"cards_removed":["Discovery"],"damage_healed":0,"gold_gain":0,"player_choice":"Removed Skill","damage_taken":0,"max_hp_gain":0,"max_hp_loss":0,"event_name":"Falling","floor":39,"gold_loss":0}],"is_beta":false,"boss_relics":[{"not_picked":["Runic Dome","Pandora\u0027s Box"],"picked":"Fusion Hammer"},{"not_picked":["Calling Bell","Lizard Tail"],"picked":"Cursed Key"}],"items_purged_floors":[42],"is_endless":false,"potions_floor_spawned":[1,4,6,13,16,23,25,29,40,47],"ascension_level":10}