{"path_per_floor":["M","M","$","?","?","R","M","R","T","$","M","?","M","M","R","B",null,"M","M","M","$","M","M"],"character_chosen":"IRONCLAD","items_purchased":["Combust","Rupture","Seeing Red"],"gold_per_floor":[119,134,62,62,12,12,22,22,96,16,33,33,49,62,62,159,159,170,185,202,57,70,82],"floor_reached":24,"campfire_rested":0,"playtime":2989,"current_hp_per_floor":[80,80,80,80,80,80,80,80,80,80,71,71,60,61,61,52,80,61,65,57,57,35,20],"items_purged":["Bash"],"gold":82,"score":192,"play_id":"054ead88-300c-4977-bd2f-956904053ed4","is_prod":false,"is_daily":false,"is_ascension_mode":false,"campfire_upgraded":3,"path_taken":["M","M","$","?","?","R","M","R","T","$","M","?","?","M","R","BOSS","M","M","M","$","M","M","M"],"build_version":"2018-02-22-PROD2","purchased_purges":3,"victory":false,"master_deck":["Strike_R","Strike_R","Strike_R","Strike_R","Strike_R","Defend_R","Defend_R","Defend_R","Iron Wave+1","Flex+1","Combust","Fire Breathing+1","Rupture+1","Heavy Blade+1","Demon Form","Inflame","Warcry","Warcry","Perfected Strike+1","Pommel Strike","Seeing Red","Heavy Blade","Iron Wave"],"max_hp_per_floor":[80,80,80,80,80,80,80,80,80,80,80,80,80,80,80,80,80,80,80,80,80,80,80],"relics":["Burning Blood","Pen Nib","Bottled Tornado","Orrery"],"card_choices":[{"not_picked":["Blood for Blood","Cleave"],"picked":"Iron Wave"},{"not_picked":["Headbutt","Rampage"],"picked":"Flex"},{"not_picked":["Corruption","Iron Wave"],"picked":"Fire Breathing"},{"not_picked":["Anger","Sword Boomerang"],"picked":"Heavy Blade"},{"not_picked":["Barricade","Double Tap"],"picked":"Demon Form"},{"not_picked":["Sword Boomerang","Battle Trance"],"picked":"Inflame"},{"not_picked":["Shockwave","Carnage"],"picked":"Warcry"},{"not_picked":["Clash","Barricade"],"picked":"Warcry"},{"not_picked":["Clothesline","True Grit"],"picked":"Perfected Strike"},{"not_picked":["Combust","Heavy Blade"],"picked":"Pommel Strike"},{"not_picked":["Twin Strike","Warcry"],"picked":"Heavy Blade"},{"not_picked":["Thunderclap","Warcry"],"picked":"Iron Wave"}],"player_experience":32096,"potions_floor_usage":[11,16,20,20,24],"damage_taken":[{"damage":6,"enemies":"2 Louse","floor":1,"turns":3},{"damage":0,"enemies":"Cultist","floor":2,"turns":2},{"damage":0,"enemies":"Small Slimes","floor":7,"turns":2},{"damage":15,"enemies":"Exordium Wildlife","floor":11,"turns":4},{"damage":17,"enemies":"2 Fungi Beasts","floor":13,"turns":3},{"damage":5,"enemies":"Looter","floor":14,"turns":3},{"damage":15,"enemies":"Slime Boss","floor":16,"turns":6},{"damage":25,"enemies":"2 Thieves","floor":18,"turns":4},{"damage":2,"enemies":"Spheric Guardian","floor":19,"turns":3},{"damage":29,"enemies":"Centurion and Healer","floor":20,"turns":6},{"damage":28,"enemies":"Sentry and Sphere","floor":22,"turns":4},{"damage":21,"enemies":"Snecko","floor":23,"turns":4},{"damage":24,"enemies":"Centurion and Healer","floor":24,"turns":4}],"event_choices":[{"event_name":"Accursed Blacksmith","player_choice":"Forge","floor":4,"damage_taken":0},{"event_name":"The Cleric","player_choice":"Card Removal","floor":5,"damage_taken":0},{"event_name":"Upgrade Shrine","player_choice":"Upgraded","floor":12,"damage_taken":0}],"boss_relics":[{"not_picked":["Philosopher\u0027s Stone","Cursed Key"],"picked":"Orrery"}],"potions_floor_spawned":[2,14,16,18,23],"seed_played":"3221221196839613822","killed_by":"Centurion and Healer","ascension_level":0,"is_trial":false}