{"gold_per_floor":[367,367,377,397,110,110,110,110,110,60,60,80,90,115,115,217,217,236,236,236,62,62,62,82,114,114,46,59,59,72,72,72,171,171,187,202,202,251,251,307,307,335,361,371,381,4,51,65,65,65],"floor_reached":51,"playtime":3782,"items_purged":["Strike_R","Regret"],"score":748,"play_id":"e34c1b6a-900b-4ff3-9a62-bd5992e2f275","local_time":"20180706190653","is_ascension_mode":false,"campfire_choices":[{"data":"Whirlwind","floor":6,"key":"SMITH"},{"data":"Havoc","floor":8,"key":"SMITH"},{"data":"Bash","floor":11,"key":"SMITH"},{"data":"Shrug It Off","floor":15,"key":"SMITH"},{"data":"Demon Form","floor":23,"key":"SMITH"},{"data":"Pummel","floor":29,"key":"SMITH"},{"data":"RitualDagger","floor":32,"key":"SMITH"},{"floor":41,"key":"REST"},{"data":"Limit Break","floor":49,"key":"SMITH"}],"neow_cost":"CURSE","seed_source_timestamp":1976305216958051,"circlet_count":0,"master_deck":["Strike_R","Strike_R","Strike_R","Strike_R","Defend_R+1","Defend_R","Defend_R","Defend_R+1","Bash+1","Clothesline+1","Iron Wave","Havoc+1","Whirlwind+1","Shrug It Off","Battle Trance","Shrug It Off+1","Feed","Demon Form+1","Uppercut","Reaper","Flame Barrier","Decay","Pummel+1","Disarm","RitualDagger+1","Immolate","Feel No Pain+1","Madness","Madness","Whirlwind+1","Limit Break+1","Infernal Blade+1","Pummel","Armaments+1"],"relics":["Burning Blood","Bag of Marbles","Matryoshka","Strawberry","Cursed Key","Thread and Needle","Boot","Omamori","Singing Bowl","Runic Pyramid","Prayer Wheel","Tiny Chest","Bronze Scales","Art of War","Ancient Tea Set","Mango","Potion Belt"],"potions_floor_usage":[16,16,25,30,36,38,40,40],"damage_taken":[{"damage":7,"enemies":"Small Slimes","floor":1,"turns":4},{"damage":7,"enemies":"Cultist","floor":3,"turns":3},{"damage":2,"enemies":"2 Louse","floor":4,"turns":3},{"damage":0,"enemies":"Large Slime","floor":12,"turns":3},{"damage":0,"enemies":"2 Fungi Beasts","floor":13,"turns":1},{"damage":20,"enemies":"3 Sentries","floor":14,"turns":3},{"damage":21,"enemies":"Slime Boss","floor":16,"turns":10},{"damage":0,"enemies":"3 Byrds","floor":18,"turns":3},{"damage":0,"enemies":"Shell Parasite","floor":24,"turns":5},{"damage":0,"enemies":"Book of Stabbing","floor":25,"turns":5},{"damage":2,"enemies":"Centurion and Healer","floor":28,"turns":3},{"damage":8,"enemies":"Slaver and Parasite","floor":30,"turns":4},{"damage":65,"enemies":"Collector","floor":33,"turns":8},{"damage":30,"enemies":"3 Darklings","floor":35,"turns":3},{"damage":8,"enemies":"3 Shapes","floor":36,"turns":3},{"damage":36,"floor":38,"turns":4},{"damage":56,"enemies":"2 Orb Walkers","floor":40,"turns":5},{"damage":13,"enemies":"Giant Head","floor":42,"turns":8},{"damage":26,"enemies":"Spire Growth","floor":44,"turns":5},{"damage":31,"enemies":"4 Shapes","floor":45,"turns":7},{"damage":0,"enemies":"Maw","floor":48,"turns":6},{"damage":42,"enemies":"Awakened One","floor":50,"turns":8}],"seed_played":"-2432532195898831372","potions_obtained":[{"floor":4,"key":"EssenceOfSteel"},{"floor":13,"key":"EssenceOfSteel"},{"floor":14,"key":"Poison Potion"},{"floor":28,"key":"Energy Potion"},{"floor":30,"key":"SpeedPotion"},{"floor":35,"key":"Strength Potion"},{"floor":36,"key":"Ancient Potion"},{"floor":38,"key":"Energy Potion"}],"is_trial":false,"path_per_floor":["M","?","M","M","$","R","?","R","T","$","R","M","M","E","R","B",null,"M","?","?","$","?","R","M","E","T","$","M","R","M","?","R","B",null,"M","M","?","?","?","E","R","E","T","M","M","$","T","M","R","B"],"character_chosen":"IRONCLAD","items_purchased":["Bag of Marbles","Whirlwind","Shrug It Off","Reaper","Pummel","Pummel","Mango"],"campfire_rested":1,"item_purchase_floors":[5,5,10,21,27,46,46],"current_hp_per_floor":[79,79,78,80,80,80,64,64,64,64,64,70,76,69,69,54,87,90,90,90,90,90,90,93,96,96,96,98,98,96,90,90,56,98,74,101,88,60,60,17,48,68,68,52,53,67,67,120,120,84],"gold":65,"neow_bonus":"TWO_FIFTY_GOLD","is_prod":false,"is_daily":false,"chose_seed":false,"campfire_upgraded":8,"win_rate":0,"timestamp":1530918413,"path_taken":["M","?","M","M","$","R","?","R","T","$","R","M","M","E","R","BOSS","M","?","?","$","?","R","M","E","T","?","?","R","M","?","R","BOSS","M","M","?","?","?","E","R","E","T","M","M","$","?","?","R","BOSS"],"build_version":"2018-07-05","purchased_purges":2,"victory":true,"max_hp_per_floor":[80,80,80,80,80,80,80,80,80,80,80,80,80,87,87,87,87,90,90,90,90,90,90,93,96,96,96,98,98,98,98,98,98,98,98,103,103,105,105,105,105,108,108,112,114,128,128,133,133,133],"card_choices":[{"not_picked":["Hemokinesis","Perfected Strike"],"picked":"Clothesline","floor":1},{"not_picked":["Bloodletting","Body Slam"],"picked":"Iron Wave","floor":3},{"not_picked":["Carnage","Cleave"],"picked":"Havoc","floor":4},{"not_picked":["Clash","Evolve"],"picked":"Battle Trance","floor":12},{"not_picked":["Pommel Strike","Havoc"],"picked":"Shrug It Off","floor":13},{"not_picked":["Pommel Strike","Cleave"],"picked":"Feed","floor":14},{"not_picked":["Fiend Fire","Brutality"],"picked":"Demon Form","floor":16},{"not_picked":["Searing Blow","Sever Soul"],"picked":"Uppercut","floor":18},{"not_picked":["Clash","Anger"],"picked":"Flame Barrier","floor":24},{"not_picked":["Sever Soul","Thunderclap","Armaments"],"picked":"SKIP","floor":25},{"not_picked":["Fire Breathing","Seeing Red","Clash"],"picked":"Singing Bowl","floor":28},{"not_picked":["Reckless Charge","Fire Breathing"],"picked":"Disarm","floor":30},{"not_picked":["Feed","Dark Embrace"],"picked":"Immolate","floor":33},{"not_picked":["Twin Strike+1","True Grit"],"picked":"Feel No Pain+1","floor":35},{"not_picked":["Cleave+1","Thunderclap","Sentinel+1"],"picked":"Singing Bowl","floor":36},{"not_picked":["Blood for Blood","Seeing Red","Searing Blow"],"picked":"Singing Bowl","floor":38},{"not_picked":["Clash+1","Pummel"],"picked":"Whirlwind+1","floor":40},{"not_picked":["Barricade","Cleave"],"picked":"Limit Break","floor":42},{"not_picked":["Iron Wave+1","Metallicize+1","Twin Strike"],"picked":"Singing Bowl","floor":44},{"not_picked":["Heavy Blade","Sentinel","Clash+1"],"picked":"Singing Bowl","floor":44},{"not_picked":["Power Through+1","Pommel Strike","Body Slam+1"],"picked":"Singing Bowl","floor":45},{"not_picked":["Flame Barrier","Heavy Blade"],"picked":"Infernal Blade+1","floor":45},{"not_picked":["Reckless Charge+1","Clothesline+1"],"picked":"Armaments+1","floor":48},{"not_picked":["Infernal Blade","Fire Breathing+1","Power Through"],"picked":"Singing Bowl","floor":48}],"player_experience":198335,"relics_obtained":[{"floor":9,"key":"Matryoshka"},{"floor":14,"key":"Strawberry"},{"floor":25,"key":"Boot"},{"floor":26,"key":"Omamori"},{"floor":26,"key":"Singing Bowl"},{"floor":38,"key":"Prayer Wheel"},{"floor":40,"key":"Tiny Chest"},{"floor":42,"key":"Bronze Scales"},{"floor":43,"key":"Art of War"},{"floor":43,"key":"Ancient Tea Set"},{"floor":47,"key":"Potion Belt"}],"event_choices":[{"event_name":"Accursed Blacksmith","player_choice":"Forge","floor":2,"damage_taken":0},{"event_name":"Shining Light","player_choice":"Entered Light","floor":7,"damage_taken":0},{"event_name":"The Mausoleum","player_choice":"Yes","floor":19,"damage_taken":0},{"event_name":"The Woman in Blue","player_choice":"Bought 0 Potions","floor":20,"damage_taken":0},{"event_name":"N\u0027loth","player_choice":"Ignored","floor":22,"damage_taken":0},{"event_name":"Nest","player_choice":"Joined the Cult","floor":31,"damage_taken":0},{"event_name":"Winding Halls","player_choice":"Embrace Madness","floor":37,"damage_taken":0},{"event_name":"Mysterious Sphere","player_choice":"Fight","floor":38,"damage_taken":0},{"event_name":"SecretPortal","player_choice":"Rejected Portal.","floor":39,"damage_taken":0}],"boss_relics":[{"not_picked":["Runic Cube","Coffee Dripper"],"picked":"Cursed Key"},{"not_picked":["Fusion Hammer","Black Star"],"picked":"Runic Pyramid"}],"items_purged_floors":[5,21],"is_endless":false,"potions_floor_spawned":[4,13,14,28,30,35,36,38],"ascension_level":0}