{"gold_per_floor":[118,65,65,11,27,57,57,91,91,91,147,162,162,37,37,114,114,124,124,138,155,155,184,184,211,211,237,247,247,71,85,85,162,162,181,1,1,350,364,397,414,448,448,479,351,351,382,243,243,243,243,243,243,71,98,98],"floor_reached":57,"playtime":3189,"items_purged":["Strike_R+1","Strike_R+1","Strike_R+1","Strike_R+1"],"score":3434,"play_id":"abeb2c14-c219-466d-87b9-b407f9e9e477","local_time":"20190201141839","is_ascension_mode":true,"campfire_choices":[{"data":"Armaments","floor":7.0,"key":"SMITH"},{"data":"Fiend Fire","floor":10.0,"key":"SMITH"},{"data":"Battle Trance","floor":13.0,"key":"SMITH"},{"data":"Seeing Red","floor":15.0,"key":"SMITH"},{"floor":29.0,"key":"REST"},{"floor":32.0,"key":"REST"},{"floor":46,"key":"RECALL"},{"data":"Disarm","floor":49,"key":"SMITH"},{"data":"Feel No Pain","floor":53,"key":"SMITH"}],"neow_cost":"NONE","seed_source_timestamp":0,"circlet_count":0,"master_deck":["AscendersBane","Strike_R+1","Defend_R+1","Defend_R+1","Defend_R+1","Defend_R+1","Bash","Battle Trance+1","Armaments","Wild Strike","Armaments+1","Fiend Fire+1","Seeing Red+1","Armaments","Infernal Blade","Ghostly Armor","Infernal Blade","Fiend Fire","RitualDagger","Shrug It Off","Intimidate","Writhe","Second Wind","Shrug It Off","Fire Breathing","Power Through","Dual Wield","Feel No Pain+1","Barricade","Enlightenment","Shrug It Off","Writhe","Fire Breathing+1","Corruption+1","Fire Breathing","Fiend Fire","Disarm+1","Feel No Pain","Fire Breathing","Metallicize","Feel No Pain","Flame Barrier","Feed"],"special_seed":0,"relics":["Burning Blood","NeowsBlessing","Dead Branch","Smiling Mask","Ornamental Fan","Bottled Flame","Tiny Chest","Black Star","Bag of Preparation","Oddly Smooth Stone","Juzu Bracelet","Blue Candle","Singing Bowl","Kunai","Self Forming Clay","Dream Catcher","Cursed Key","Old Coin","Red Skull","Meat on the Bone","Paper Frog","Omamori","Gremlin Horn","Ancient Tea Set","Anchor","Charon\u0027s Ashes","Torii","Calipers"],"potions_floor_usage":[42,51],"damage_taken":[{"damage":0.0,"enemies":"Cultist","floor":1.0,"turns":1.0},{"damage":0.0,"enemies":"Small Slimes","floor":5.0,"turns":1.0},{"damage":0.0,"enemies":"3 Sentries","floor":6.0,"turns":2.0},{"damage":9.0,"enemies":"Lagavulin","floor":8.0,"turns":6.0},{"damage":6.0,"enemies":"Gremlin Nob","floor":11.0,"turns":2.0},{"damage":2.0,"enemies":"Jaw Worm","floor":12.0,"turns":2.0},{"damage":23.0,"enemies":"Slime Boss","floor":16.0,"turns":8.0},{"damage":2.0,"enemies":"Chosen","floor":18.0,"turns":2.0},{"damage":12.0,"enemies":"Shell Parasite","floor":20.0,"turns":2.0},{"damage":14.0,"enemies":"Snake Plant","floor":21.0,"turns":2.0},{"damage":25.0,"enemies":"Gremlin Leader","floor":23.0,"turns":7.0},{"damage":26.0,"enemies":"Slavers","floor":25.0,"turns":7.0},{"damage":10.0,"enemies":"Book of Stabbing","floor":27.0,"turns":4.0},{"damage":0.0,"enemies":"Centurion and Healer","floor":28.0,"turns":2.0},{"damage":0.0,"enemies":"Snecko","floor":31.0,"turns":3.0},{"damage":51.0,"enemies":"Collector","floor":33.0,"turns":13.0},{"damage":1.0,"enemies":"3 Darklings","floor":35.0,"turns":8.0},{"damage":11.0,"enemies":"2 Orb Walkers","floor":38.0,"turns":5.0},{"damage":0.0,"enemies":"Orb Walker","floor":39.0,"turns":3.0},{"damage":12,"enemies":"Giant Head","floor":40,"turns":1},{"damage":0,"enemies":"3 Darklings","floor":41,"turns":1},{"damage":14,"enemies":"Reptomancer","floor":42,"turns":7},{"damage":3,"enemies":"Giant Head","floor":44,"turns":4},{"damage":0,"enemies":"Reptomancer","floor":47,"turns":2},{"damage":0,"enemies":"Donu and Deca","floor":50,"turns":2},{"damage":6,"enemies":"Time Eater","floor":51,"turns":8},{"damage":6,"enemies":"Shield and Spear","floor":55,"turns":5},{"damage":59,"enemies":"The Heart","floor":56,"turns":9}],"seed_played":"1552203834420584818","potions_obtained":[{"floor":1.0,"key":"Poison Potion"},{"floor":6.0,"key":"SneckoOil"},{"floor":11.0,"key":"Ancient Potion"},{"floor":23.0,"key":"LiquidBronze"},{"floor":27.0,"key":"Energy Potion"},{"floor":33.0,"key":"FearPotion"},{"floor":35.0,"key":"Block Potion"},{"floor":39.0,"key":"Explosive Potion"},{"floor":41,"key":"FairyPotion"},{"floor":44,"key":"Weak Potion"}],"is_trial":false,"path_per_floor":["M","$","?","$","M","E","R","E","T","R","E","M","R","$","R","B",null,"M","?","M","M","?","E","?","E","T","E","M","R","$","M","R","B",null,"M","$","?","?","M","E","M","E","T","E","$","R","E","$","R","B","B",null,"R","$","E","B",null],"character_chosen":"IRONCLAD","items_purchased":["Armaments","Wild Strike","Ghostly Armor","Infernal Blade","Fire Breathing","Power Through","Enlightenment","Shrug It Off","Feel No Pain","Metallicize","Feel No Pain","Flame Barrier"],"campfire_rested":2,"item_purchase_floors":[2,4,14,14,30,30,36,36,45,48,54,54],"current_hp_per_floor":[74,74,63,63,69,75,75,72,72,72,72,75,75,75,75,58,71,75,69,63,55,55,36,36,18,18,16,22,45,45,51,74,29,67,74,74,81,76,81,75,81,75,75,78,78,78,83,83,83,83,83,83,83,83,83,42],"gold":98,"neow_bonus":"THREE_ENEMY_KILL","is_prod":false,"is_daily":false,"chose_seed":false,"campfire_upgraded":6,"win_rate":0,"timestamp":1549059519,"path_taken":["M","?","?","$","M","E","R","E","T","R","E","M","R","$","R","BOSS","M","?","M","M","?","E","?","E","T","E","M","R","$","M","R","BOSS","M","$","?","?","M","E","M","E","T","E","$","R","E","?","R","BOSS","BOSS","R","$","E","BOSS"],"build_version":"2019-01-23","purchased_purges":4,"victory":true,"max_hp_per_floor":[75,75,75,75,75,75,75,75,75,75,75,75,75,75,75,75,75,75,75,75,75,75,75,75,77,77,79,79,79,79,79,79,79,79,81,81,81,81,81,81,81,83,83,83,83,83,83,83,83,83,83,83,83,83,83,83],"card_choices":[{"not_picked":["Bloodletting","Rage"],"picked":"Battle Trance","floor":1.0},{"not_picked":["Inflame","Cleave"],"picked":"Armaments","floor":5.0},{"not_picked":["True Grit","Perfected Strike"],"picked":"Fiend Fire","floor":6.0},{"not_picked":["Entrench","Body Slam"],"picked":"Seeing Red","floor":8.0},{"not_picked":["Headbutt","Pommel Strike"],"picked":"Armaments","floor":11.0},{"not_picked":["Heavy Blade","Iron Wave"],"picked":"Infernal Blade","floor":12.0},{"not_picked":["Bludgeon","Brutality"],"picked":"Fiend Fire","floor":16.0},{"not_picked":["Armaments","Clothesline"],"picked":"Shrug It Off","floor":20.0},{"not_picked":["Blood for Blood","Inflame"],"picked":"Intimidate","floor":21.0},{"not_picked":["Shrug It Off","Ghostly Armor"],"picked":"Second Wind","floor":23.0},{"not_picked":["Blood for Blood+1","Battle Trance","Entrench"],"picked":"Singing Bowl","floor":25.0},{"not_picked":["Anger","Armaments","Carnage"],"picked":"Singing Bowl","floor":27.0},{"not_picked":["Thunderclap","Clash"],"picked":"Shrug It Off","floor":28.0},{"not_picked":["Body Slam","Spot Weakness"],"picked":"Dual Wield","floor":31.0},{"not_picked":["Carnage","Bloodletting+1"],"picked":"Feel No Pain","floor":32.0},{"not_picked":["Dark Embrace","Double Tap"],"picked":"Barricade","floor":33.0},{"not_picked":["Cleave+1","Bloodletting","Wild Strike"],"picked":"Singing Bowl","floor":35.0},{"not_picked":["Sword Boomerang+1","Clash"],"picked":"Fire Breathing+1","floor":38.0},{"not_picked":["Bloodletting","Havoc"],"picked":"Corruption+1","floor":39.0},{"not_picked":["Headbutt","Thunderclap"],"picked":"Fire Breathing","floor":40},{"not_picked":["Clash","Twin Strike+1"],"picked":"Fiend Fire","floor":41},{"not_picked":["Iron Wave+1","Metallicize","Wild Strike+1"],"picked":"Singing Bowl","floor":42},{"not_picked":["Iron Wave+1","Pommel Strike"],"picked":"Disarm","floor":44},{"not_picked":["True Grit","Reckless Charge"],"picked":"Fire Breathing","floor":47},{"not_picked":["Headbutt","Perfected Strike"],"picked":"Feed","floor":55}],"player_experience":1073644,"relics_obtained":[{"floor":6.0,"key":"Smiling Mask"},{"floor":8.0,"key":"Ornamental Fan"},{"floor":9.0,"key":"Bottled Flame"},{"floor":11.0,"key":"Tiny Chest"},{"floor":23.0,"key":"Oddly Smooth Stone"},{"floor":23.0,"key":"Juzu Bracelet"},{"floor":25.0,"key":"Blue Candle"},{"floor":25.0,"key":"Singing Bowl"},{"floor":26.0,"key":"Kunai"},{"floor":27.0,"key":"Self Forming Clay"},{"floor":27.0,"key":"Dream Catcher"},{"floor":38.0,"key":"Old Coin"},{"floor":40,"key":"Red Skull"},{"floor":40,"key":"Meat on the Bone"},{"floor":42,"key":"Paper Frog"},{"floor":42,"key":"Omamori"},{"floor":44,"key":"Gremlin Horn"},{"floor":44,"key":"Ancient Tea Set"},{"floor":47,"key":"Anchor"},{"floor":47,"key":"Charon\u0027s Ashes"},{"floor":55,"key":"Torii"},{"floor":55,"key":"Calipers"}],"event_choices":[{"damage_healed":0.0,"max_hp_gain":0.0,"max_hp_loss":0.0,"gold_gain":0.0,"event_name":"Scrap Ooze","player_choice":"Success","floor":3.0,"gold_loss":0.0,"damage_taken":11.0,"relics_obtained":["Dead Branch"]},{"damage_healed":0.0,"max_hp_gain":0.0,"max_hp_loss":0.0,"gold_gain":0.0,"event_name":"Nest","player_choice":"Joined the Cult","floor":19.0,"gold_loss":0.0,"damage_taken":6.0,"cards_obtained":["RitualDagger"]},{"damage_healed":0.0,"max_hp_gain":0.0,"max_hp_loss":0.0,"gold_gain":0.0,"event_name":"The Mausoleum","player_choice":"Opened","floor":22.0,"gold_loss":0.0,"damage_taken":0.0,"relics_obtained":["Bag of Preparation"],"cards_obtained":["Writhe"]},{"damage_healed":0.0,"max_hp_gain":0.0,"max_hp_loss":0.0,"gold_gain":0.0,"event_name":"Back to Basics","player_choice":"Simplicity","floor":24.0,"gold_loss":0.0,"damage_taken":0.0,"cards_upgraded":["Strike_R","Strike_R","Strike_R","Strike_R","Strike_R","Defend_R","Defend_R","Defend_R","Defend_R"]},{"damage_healed":16.0,"max_hp_gain":0.0,"max_hp_loss":0.0,"gold_gain":0.0,"event_name":"Winding Halls","player_choice":"Writhe","floor":37.0,"gold_loss":0.0,"damage_taken":0.0,"cards_obtained":["Writhe"]},{"damage_healed":0.0,"max_hp_gain":0.0,"max_hp_loss":0.0,"gold_gain":0.0,"event_name":"Mysterious Sphere","player_choice":"Fight","floor":38.0,"gold_loss":0.0,"damage_taken":0.0}],"is_beta":true,"boss_relics":[{"not_picked":["Black Blood","Tiny House"],"picked":"Black Star"},{"not_picked":["Fusion Hammer","Calling Bell"],"picked":"Cursed Key"}],"items_purged_floors":[36,45,48,54],"is_endless":false,"potions_floor_spawned":[1,6,8,11,23,27,31,33,35,39,41,44],"ascension_level":20}