{"gold_per_floor":[110,110,126,126,126,126,164,164,164,198,221,221,246,20,20,118,118,142,167,41,57,72,72,113,113],"floor_reached":25,"playtime":700,"items_purged":["Strike_G"],"score":404,"play_id":"258ca009-33c1-4d9b-bfba-ea5cb377e7bb","local_time":"20180715233812","is_ascension_mode":true,"campfire_choices":[{"data":"Neutralize","floor":6,"key":"SMITH"},{"floor":8,"key":"REST"},{"data":"Crippling Poison","floor":12,"key":"SMITH"},{"data":"Riddle With Holes","floor":15,"key":"SMITH"},{"floor":23,"key":"REST"}],"neow_cost":"NONE","seed_source_timestamp":338681950805094,"circlet_count":0,"master_deck":["Defend_G","Defend_G","Defend_G","Defend_G","Defend_G","Strike_G","Strike_G","Strike_G","Strike_G","Survivor","Neutralize+1","AscendersBane","Deflect","Flying Knee","Quick Slash","Dagger Throw","Crippling Poison+1","Terror","All Out Attack","Riddle With Holes+1","Phantasmal Killer","Prepared","Infinite Blades","Dagger Spray"],"relics":["Busted Crown","Golden Idol","Vajra","Ornamental Fan","Runic Dome","Blood Vial"],"potions_floor_usage":[7,7,10,19],"damage_taken":[{"damage":0,"enemies":"Jaw Worm","floor":1,"turns":6},{"damage":3,"enemies":"2 Louse","floor":3,"turns":4},{"damage":28,"enemies":"Lagavulin","floor":7,"turns":13},{"damage":16,"enemies":"Gremlin Nob","floor":10,"turns":5},{"damage":0,"enemies":"Small Slimes","floor":11,"turns":3},{"damage":0,"enemies":"Gremlin Gang","floor":13,"turns":4},{"damage":17,"enemies":"The Guardian","floor":16,"turns":8},{"damage":6,"enemies":"2 Thieves","floor":18,"turns":3},{"damage":1,"enemies":"Spheric Guardian","floor":19,"turns":4},{"damage":1,"enemies":"Centurion and Healer","floor":21,"turns":6},{"damage":16,"enemies":"Snecko","floor":22,"turns":4},{"damage":28,"enemies":"Slavers","floor":24,"turns":5},{"damage":20,"enemies":"Sentry and Sphere","floor":25,"turns":3}],"seed_played":"-9055931078006653210","potions_obtained":[{"floor":1,"key":"SpeedPotion"},{"floor":5,"key":"Block Potion"},{"floor":7,"key":"Dexterity Potion"},{"floor":11,"key":"FearPotion"},{"floor":16,"key":"GhostInAJar"},{"floor":18,"key":"Explosive Potion"},{"floor":22,"key":"GamblersBrew"}],"is_trial":false,"path_per_floor":["M","?","M","?","?","R","E","R","T","E","M","R","M","$","R","B",null,"M","M","$","M","M","R","E"],"character_chosen":"THE_SILENT","items_purchased":["All Out Attack","Riddle With Holes","Prepared","Infinite Blades"],"campfire_rested":2,"item_purchase_floors":[14,14,20,20],"current_hp_per_floor":[59,59,56,56,56,56,28,46,46,30,30,30,30,30,30,13,48,42,41,41,40,24,42,14,0],"gold":113,"neow_bonus":"BOSS_RELIC","is_prod":false,"is_daily":false,"chose_seed":false,"campfire_upgraded":3,"win_rate":0,"timestamp":1531723092,"path_taken":["M","?","M","?","?","R","E","R","T","E","M","R","M","$","R","BOSS","M","M","$","M","?","R","E","M"],"build_version":"2018-07-13","purchased_purges":1,"victory":false,"max_hp_per_floor":[66,66,66,60,60,60,60,60,60,60,60,60,60,60,60,60,60,60,60,60,60,60,60,60,60],"card_choices":[{"not_picked":[],"picked":"Deflect","floor":1},{"not_picked":[],"picked":"Flying Knee","floor":3},{"not_picked":[],"picked":"Quick Slash","floor":7},{"not_picked":[],"picked":"Dagger Throw","floor":10},{"not_picked":[],"picked":"Crippling Poison","floor":11},{"not_picked":[],"picked":"Terror","floor":13},{"not_picked":[],"picked":"Phantasmal Killer","floor":16},{"not_picked":["Concentrate"],"picked":"SKIP","floor":18},{"not_picked":[],"picked":"Dagger Spray","floor":21}],"player_experience":657342,"relics_obtained":[{"floor":7,"key":"Vajra"},{"floor":10,"key":"Ornamental Fan"},{"floor":24,"key":"Blood Vial"}],"event_choices":[{"event_name":"Shining Light","player_choice":"Ignored","floor":2,"damage_taken":0},{"event_name":"Golden Idol","player_choice":"Lose Max HP","floor":4,"damage_taken":0},{"event_name":"The Lab","player_choice":"Got Potions","floor":5,"damage_taken":0}],"boss_relics":[{"not_picked":["Coffee Dripper","Cursed Key"],"picked":"Runic Dome"}],"items_purged_floors":[14],"is_endless":false,"potions_floor_spawned":[1,7,11,16,18,22,24],"killed_by":"Sentry and Sphere","ascension_level":15}