{"gold_per_floor":[140,160,59,69,144,173,173,201,201,201,225,225,244,0,0,102,102,121,137,150,178,53,53,82,82,106,126,126,146,71,83,83,187,187,206,428,1427,1427,416,416],"floor_reached":40,"playtime":4948,"items_purged":["Defend_R","Defend_R","Defend_R","True Grit"],"score":590,"play_id":"6f63b2db-565a-4c11-a6f2-23485ff76a8b","local_time":"20181126221255","is_ascension_mode":true,"campfire_choices":[{"data":"Perfected Strike","floor":7,"key":"SMITH"},{"floor":10,"key":"REST"},{"data":"Rage","floor":15,"key":"SMITH"},{"data":"Pommel Strike","floor":23,"key":"SMITH"},{"floor":25,"key":"REST"},{"data":"Bash","floor":28,"key":"SMITH"},{"floor":32,"key":"REST"}],"neow_cost":"NONE","seed_source_timestamp":351002211521654,"circlet_count":0,"master_deck":["Strike_R","Strike_R","Strike_R","Strike_R","Strike_R","Defend_R","Bash+1","Perfected Strike+1","Rage+1","Pommel Strike+1","Headbutt","Feed","Wild Strike","Wild Strike","Pommel Strike+1","Barricade","Normality","Normality","Whirlwind"],"relics":["Burning Blood","Tiny Chest","Regal Pillow","Gremlin Horn","Pear","Odd Mushroom","Blood Vial","Cursed Key","Red Mask","Potion Belt","Red Skull","Velvet Choker","Lantern","Ginger","TheAbacus","Question Card"],"potions_floor_usage":[6,8,11,16,21,24,31,33,33,35,40,40],"damage_taken":[{"damage":5,"enemies":"Small Slimes","floor":1,"turns":5},{"damage":6,"enemies":"Cultist","floor":2,"turns":4},{"damage":0,"enemies":"2 Louse","floor":4,"turns":2},{"damage":39,"enemies":"Gremlin Nob","floor":6,"turns":5},{"damage":23,"enemies":"3 Sentries","floor":8,"turns":9},{"damage":7,"enemies":"The Mushroom Lair","floor":11,"turns":3},{"damage":1,"enemies":"2 Fungi Beasts","floor":13,"turns":3},{"damage":10,"enemies":"Slime Boss","floor":16,"turns":9},{"damage":12,"enemies":"Shell Parasite","floor":18,"turns":4},{"damage":26,"enemies":"3 Byrds","floor":19,"turns":5},{"damage":19,"enemies":"3 Cultists","floor":20,"turns":5},{"damage":22,"enemies":"Masked Bandits","floor":21,"turns":4},{"damage":45,"enemies":"Book of Stabbing","floor":24,"turns":4},{"damage":31,"enemies":"Snecko","floor":27,"turns":5},{"damage":3,"enemies":"Chosen and Byrds","floor":29,"turns":5},{"damage":16,"enemies":"Shelled Parasite and Fungi","floor":31,"turns":3},{"damage":93,"enemies":"Collector","floor":33,"turns":8},{"damage":21,"enemies":"3 Shapes","floor":35,"turns":3},{"damage":102,"enemies":"Reptomancer","floor":40,"turns":7}],"seed_played":"9189650111374873198","potions_obtained":[{"floor":4,"key":"Weak Potion"},{"floor":6,"key":"Dexterity Potion"},{"floor":8,"key":"Energy Potion"},{"floor":13,"key":"AttackPotion"},{"floor":16,"key":"Regen Potion"},{"floor":20,"key":"Fruit Juice"},{"floor":27,"key":"Strength Potion"},{"floor":29,"key":"FearPotion"},{"floor":31,"key":"PowerPotion"},{"floor":33,"key":"Explosive Potion"},{"floor":35,"key":"Block Potion"}],"is_trial":false,"path_per_floor":["M","M","$","M","?","E","R","E","T","R","?","?","M","$","R","B",null,"M","M","M","?","$","R","E","R","T","M","R","M","?","M","R","B",null,"M","?","?","?","$","E"],"character_chosen":"IRONCLAD","items_purchased":["Perfected Strike","Blood Vial","Whirlwind","Ginger","TheAbacus","Energy Potion","Question Card"],"campfire_rested":3,"item_purchase_floors":[3,14,39,39,39,39,39],"current_hp_per_floor":[80,80,80,80,69,36,36,19,29,71,70,70,75,75,75,73,86,85,70,62,53,53,53,31,78,78,55,55,60,60,55,103,18,87,77,77,77,77,77,0],"gold":416,"neow_bonus":"RANDOM_COMMON_RELIC","is_prod":false,"is_daily":false,"chose_seed":false,"campfire_upgraded":4,"win_rate":0,"timestamp":1543266775,"path_taken":["M","M","$","M","?","E","R","E","T","R","?","?","M","$","R","BOSS","M","M","?","?","$","R","E","R","T","M","R","M","?","M","R","BOSS","M","?","?","?","$","E"],"build_version":"2018-11-15","purchased_purges":4,"victory":false,"max_hp_per_floor":[80,80,80,80,80,80,80,80,90,90,90,90,90,90,90,90,90,93,96,99,104,104,104,107,107,107,107,107,107,107,110,110,110,110,113,113,113,113,113,113],"card_choices":[{"not_picked":["Heavy Blade","Shockwave"],"picked":"True Grit","floor":1},{"not_picked":["Cleave","Thunderclap","True Grit"],"picked":"SKIP","floor":2},{"not_picked":["Evolve","Reckless Charge","Feel No Pain"],"picked":"SKIP","floor":4},{"not_picked":["Shrug It Off","Thunderclap","Warcry"],"picked":"SKIP","floor":6},{"not_picked":["Burning Pact","Sword Boomerang"],"picked":"Rage","floor":8},{"not_picked":["Iron Wave","Sword Boomerang"],"picked":"Pommel Strike","floor":11},{"not_picked":["Body Slam","Clothesline"],"picked":"Headbutt","floor":13},{"not_picked":["Impervious","Offering"],"picked":"Feed","floor":16},{"not_picked":["Clash","Infernal Blade+1","True Grit+1"],"picked":"SKIP","floor":18},{"not_picked":["Shockwave","Shrug It Off+1","Reckless Charge"],"picked":"SKIP","floor":19},{"not_picked":["Havoc","Body Slam+1"],"picked":"Wild Strike","floor":20},{"not_picked":["Iron Wave","Thunderclap+1"],"picked":"Wild Strike","floor":21},{"not_picked":["Second Wind","Offering","Flex"],"picked":"SKIP","floor":24},{"not_picked":["Havoc","Seeing Red","Dual Wield"],"picked":"SKIP","floor":27},{"not_picked":["Rupture+1","Thunderclap","Uppercut"],"picked":"SKIP","floor":29},{"not_picked":["True Grit+1","Sword Boomerang"],"picked":"Pommel Strike+1","floor":31},{"not_picked":["Brutality","Berserk"],"picked":"Barricade","floor":33},{"not_picked":["Headbutt","Shrug It Off+1","Thunderclap+1"],"picked":"SKIP","floor":35}],"player_experience":314422,"relics_obtained":[{"floor":6,"key":"Regal Pillow"},{"floor":8,"key":"Gremlin Horn"},{"floor":9,"key":"Pear"},{"floor":11,"key":"Odd Mushroom"},{"floor":21,"key":"Red Mask"},{"floor":24,"key":"Potion Belt"},{"floor":26,"key":"Red Skull"},{"floor":38,"key":"Lantern"}],"event_choices":[{"damage_healed":0,"gold_gain":75,"player_choice":"Gather Gold","damage_taken":11,"max_hp_gain":0,"max_hp_loss":0,"event_name":"World of Goop","floor":5,"gold_loss":0},{"damage_healed":0,"gold_gain":0,"player_choice":"Fought Mushrooms","damage_taken":0,"max_hp_gain":0,"max_hp_loss":0,"event_name":"Mushrooms","floor":11,"gold_loss":0},{"damage_healed":0,"gold_gain":0,"player_choice":"Ignored","damage_taken":0,"max_hp_gain":0,"max_hp_loss":0,"event_name":"Transmorgrifier","floor":12,"gold_loss":0},{"damage_healed":0,"gold_gain":0,"player_choice":"Fought Bandits","damage_taken":0,"max_hp_gain":0,"max_hp_loss":0,"event_name":"Masked Bandits","floor":21,"gold_loss":0},{"cards_removed":["Shame"],"damage_healed":0,"gold_gain":0,"player_choice":"Gave Gold","damage_taken":0,"max_hp_gain":0,"max_hp_loss":0,"event_name":"Beggar","floor":30,"gold_loss":75},{"damage_healed":0,"gold_gain":222,"player_choice":"Wore Mask","damage_taken":0,"max_hp_gain":0,"max_hp_loss":0,"event_name":"Tomb of Lord Red Mask","floor":36,"gold_loss":0},{"damage_healed":0,"gold_gain":999,"player_choice":"Gold","damage_taken":0,"max_hp_gain":0,"max_hp_loss":0,"event_name":"MindBloom","floor":37,"gold_loss":0,"cards_obtained":["Normality","Normality"]},{"damage_healed":0,"gold_gain":0,"player_choice":"Relic","damage_taken":0,"max_hp_gain":0,"max_hp_loss":0,"event_name":"Wheel of Change","floor":38,"gold_loss":0}],"is_beta":false,"boss_relics":[{"not_picked":["Busted Crown","Runic Dome"],"picked":"Cursed Key"},{"not_picked":["Mark of Pain","Black Star"],"picked":"Velvet Choker"}],"items_purged_floors":[3,14,22,39],"is_endless":false,"potions_floor_spawned":[4,6,8,13,16,20,27,29,31,33,35],"killed_by":"Reptomancer","ascension_level":5}