{"path_per_floor":["M","?","M","M","M","E","M","R","T","R","$","R","M","?","R","B",null,"M","?","M","$","?","E","M","R","T","T","E","M","R","?","R","B",null,"M","M","$","?","?","R","M","M","T","R","M","E","$","?","R"],"character_chosen":"DEFECT","items_purchased":["Bag of Preparation","Coolheaded","Go for the Eyes","Beam Cell","Self Repair","Blind","Darkness"],"gold_per_floor":[118,118,133,148,168,200,215,215,262,262,37,37,51,51,51,147,147,167,167,179,78,78,106,120,120,146,146,178,195,195,195,195,294,294,308,319,34,34,34,34,50,65,65,65,83,113,40,40,40,40],"floor_reached":50,"campfire_rested":6,"playtime":4813,"item_purchase_floors":[11,11,11,21,37,37,47],"current_hp_per_floor":[73,73,67,66,61,53,36,58,58,58,58,58,58,43,65,40,75,53,53,48,48,42,27,16,38,38,38,26,19,41,41,63,46,75,63,52,52,54,54,66,49,45,45,75,75,34,34,66,66,0],"items_purged":["Strike_B","Strike_B"],"gold":40,"score":535,"play_id":"041cd232-d556-43aa-8b83-a77cbd26684b","local_time":"20180615152726","is_prod":false,"is_daily":false,"chose_seed":false,"is_ascension_mode":false,"campfire_upgraded":2,"win_rate":0,"timestamp":1529090846,"campfire_choices":[{"floor":8,"key":"REST"},{"data":"Creative AI","floor":10,"key":"SMITH"},{"data":"Buffer","floor":12,"key":"SMITH"},{"floor":15,"key":"REST"},{"floor":25,"key":"REST"},{"floor":30,"key":"REST"},{"floor":32,"key":"REST"},{"floor":40,"key":"DIG"},{"floor":44,"key":"REST"},{"floor":49,"key":"DIG"}],"path_taken":["M","?","M","M","M","E","M","R","T","R","?","R","M","?","R","BOSS","M","?","M","$","?","E","M","R","T","?","E","?","R","?","R","BOSS","M","M","$","?","?","R","M","M","T","R","M","E","?","?","R","BOSS"],"build_version":"2018-06-14v2","seed_source_timestamp":147884679594483,"purchased_purges":2,"victory":false,"master_deck":["Defend_B","Defend_B","Defend_B+1","Defend_B+1","Zap","Dualcast","Steam","Fission+1","Aggregate","Ball Lightning","Buffer+1","Creative AI+1","Tempest","Coolheaded","Go for the Eyes","Melter","Electrodynamics","Auto Shields+1","Rebound+1","Beam Cell","RitualDagger","Hello World+1","Sweeping Beam+1","Defragment","Undo+1","Decay","Seek","Conserve Battery","Self Repair","Blind","Hologram+1","Reprogram","Stack+1","Beam Cell+1","Conserve Battery","Darkness"],"max_hp_per_floor":[75,75,75,75,75,75,75,75,75,75,75,75,75,75,75,75,75,75,75,75,75,75,75,75,75,75,75,75,75,75,75,75,75,75,75,75,75,75,75,75,75,75,75,75,75,75,75,66,66,66],"special_seed":17697,"relics":["Cracked Core","Ancient Tea Set","Thread and Needle","Happy Flower","Bag of Preparation","Sozu","Ornamental Fan","Blood Vial","Shovel","Lantern","Eternal Feather","Ginger","Dream Catcher","Orichalcum","War Paint","Kunai"],"card_choices":[{"not_picked":["Rip and Tear","Static Discharge"],"picked":"Steam","floor":1},{"not_picked":["Capacitor","Rebound"],"picked":"Aggregate","floor":3},{"not_picked":["BootSequence","Compile Driver"],"picked":"Ball Lightning","floor":4},{"not_picked":["Genetic Algorithm","Loop"],"picked":"Buffer","floor":5},{"not_picked":["Coolheaded","Conserve Battery"],"picked":"Creative AI","floor":6},{"not_picked":["Consume","Static Discharge"],"picked":"Tempest","floor":7},{"not_picked":["Static Discharge","Streamline"],"picked":"Melter","floor":13},{"not_picked":["Buffer","Multi-Cast"],"picked":"Electrodynamics","floor":16},{"not_picked":["Rebound","Coolheaded"],"picked":"Auto Shields","floor":18},{"not_picked":["Reprogram+1","Genetic Algorithm"],"picked":"Rebound+1","floor":20},{"not_picked":["Skim+1","Stack"],"picked":"Hello World+1","floor":23},{"not_picked":["Gash","Skim"],"picked":"Sweeping Beam+1","floor":24},{"not_picked":["Leap","Melter"],"picked":"Defragment","floor":28},{"not_picked":["Darkness","Rip and Tear"],"picked":"Undo+1","floor":29},{"not_picked":["Hyperbeam","Meteor Strike"],"picked":"Seek","floor":33},{"not_picked":["Turbo+1","Coolheaded","Scrape"],"picked":"SKIP","floor":35},{"not_picked":["Beam Cell","Lockon+1"],"picked":"Conserve Battery","floor":36},{"not_picked":["Barrage+1","Leap"],"picked":"Hologram+1","floor":41},{"not_picked":["Coolheaded+1","Conserve Battery"],"picked":"Reprogram","floor":42},{"not_picked":["Self Repair+1","Streamline+1"],"picked":"Stack+1","floor":44},{"not_picked":["Auto Shields","Coolheaded+1"],"picked":"Beam Cell+1","floor":45},{"not_picked":["Sweeping Beam+1","Creative AI"],"picked":"Conserve Battery","floor":46}],"player_experience":105120,"potions_floor_usage":[3,6,24,28],"damage_taken":[{"damage":2,"enemies":"Small Slimes","floor":1,"turns":3},{"damage":6,"enemies":"2 Louse","floor":3,"turns":3},{"damage":1,"enemies":"Cultist","floor":4,"turns":4},{"damage":5,"enemies":"Exordium Thugs","floor":5,"turns":4},{"damage":8,"enemies":"Lagavulin","floor":6,"turns":6},{"damage":17,"enemies":"2 Fungi Beasts","floor":7,"turns":4},{"damage":0,"enemies":"Blue Slaver","floor":13,"turns":5},{"damage":25,"enemies":"Hexaghost","floor":16,"turns":10},{"damage":22,"enemies":"2 Thieves","floor":18,"turns":4},{"damage":5,"enemies":"3 Byrds","floor":20,"turns":4},{"damage":15,"enemies":"Gremlin Leader","floor":23,"turns":6},{"damage":11,"enemies":"Snake Plant","floor":24,"turns":5},{"damage":14,"enemies":"Slavers","floor":28,"turns":4},{"damage":9,"enemies":"Centurion and Healer","floor":29,"turns":3},{"damage":19,"enemies":"Collector","floor":33,"turns":8},{"damage":12,"enemies":"3 Shapes","floor":35,"turns":4},{"damage":13,"enemies":"Orb Walker","floor":36,"turns":4},{"damage":0,"floor":38,"turns":6},{"damage":19,"enemies":"Sphere and 2 Shapes","floor":41,"turns":3},{"damage":13,"enemies":"3 Darklings","floor":42,"turns":7},{"damage":7,"enemies":"4 Shapes","floor":45,"turns":4},{"damage":48,"enemies":"Giant Head","floor":46,"turns":11},{"damage":72,"enemies":"Time Eater","floor":50,"turns":15}],"relics_obtained":[{"floor":6,"key":"Thread and Needle"},{"floor":9,"key":"Happy Flower"},{"floor":23,"key":"Ornamental Fan"},{"floor":26,"key":"Blood Vial"},{"floor":27,"key":"Shovel"},{"floor":28,"key":"Lantern"},{"floor":38,"key":"Ginger"},{"floor":40,"key":"Dream Catcher"},{"floor":43,"key":"Orichalcum"},{"floor":46,"key":"War Paint"},{"floor":49,"key":"Kunai"}],"event_choices":[{"event_name":"Living Wall","player_choice":"Change","floor":2,"damage_taken":0},{"event_name":"Shining Light","player_choice":"Entered Light","floor":14,"damage_taken":0},{"event_name":"Purifier","player_choice":"One Purge","floor":19,"damage_taken":0},{"event_name":"Nest","player_choice":"Joined the Cult","floor":22,"damage_taken":0},{"event_name":"Forgotten Altar","player_choice":"Smashed Altar","floor":31,"damage_taken":0},{"event_name":"MindBloom","player_choice":"Fight","floor":38,"damage_taken":0},{"event_name":"Mysterious Sphere","player_choice":"Ignore","floor":39,"damage_taken":0},{"event_name":"The Moai Head","player_choice":"Heal","floor":48,"damage_taken":0}],"boss_relics":[{"not_picked":["Coffee Dripper","White Beast Statue"],"picked":"Sozu"},{"not_picked":["Orrery","Cursed Key"],"picked":"Eternal Feather"}],"items_purged_floors":[21,37],"is_endless":false,"potions_floor_spawned":[1,4,5,7,18,20,29,35,45,46],"seed_played":"2882636401363188703","killed_by":"Time Eater","ascension_level":0,"potions_obtained":[{"floor":1,"key":"SkillPotion"},{"floor":4,"key":"Ancient Potion"},{"floor":5,"key":"AttackPotion"},{"floor":7,"key":"Block Potion"}],"is_trial":false}