{"gold_per_floor":[114,114,133,33,47,75,93,110,110,110,110,122,122,134,134,231,231,250,165,146,146,146,146,162,172,172,172,72,72,85,103,103,204,204,218,232,249,649,649,649,649,669,719,719,739,739,739],"floor_reached":47,"playtime":2350,"items_purged":["Defend_B","Decay"],"score":481,"play_id":"dd6ba256-1a07-4f79-b52c-6b8fa5c42326","local_time":"20190112201320","is_ascension_mode":false,"campfire_choices":[{"floor":13,"key":"REST"},{"floor":15,"key":"REST"},{"data":"Chaos","floor":23,"key":"SMITH"},{"floor":29,"key":"REST"},{"floor":32,"key":"REST"},{"floor":40,"key":"REST"},{"data":"White Noise","floor":44,"key":"SMITH"}],"neow_cost":"NONE","seed_source_timestamp":265209892866906,"circlet_count":0,"master_deck":["Strike_B","Strike_B+1","Strike_B+1","Strike_B","Defend_B","Defend_B","Defend_B","Zap","Dualcast","Blind","Compile Driver","Leap","Leap","Redo+1","Sweeping Beam","Chaos+1","Genetic Algorithm","Echo Form+1","Loop","Chaos","Double Energy","Tempest","Streamline+1","White Noise+1","BootSequence","Amplify","Conserve Battery+1","Stack","White Noise+1"],"relics":["Cracked Core","Whetstone","Mercury Hourglass","Orrery","Gremlin Horn","Regal Pillow","Darkstone Periapt","Sozu","Old Coin","Matryoshka","Bag of Preparation","Orichalcum"],"potions_floor_usage":[6,7,16,25,33],"damage_taken":[{"damage":10,"enemies":"Small Slimes","floor":1,"turns":4},{"damage":4,"enemies":"Cultist","floor":3,"turns":4},{"damage":3,"enemies":"2 Louse","floor":5,"turns":3},{"damage":20,"enemies":"Lagavulin","floor":6,"turns":8},{"damage":39,"enemies":"Gremlin Gang","floor":7,"turns":6},{"damage":4,"enemies":"Red Slaver","floor":8,"turns":3},{"damage":0,"enemies":"Exordium Thugs","floor":12,"turns":4},{"damage":0,"enemies":"Large Slime","floor":14,"turns":4},{"damage":31,"enemies":"Hexaghost","floor":16,"turns":9},{"damage":4,"enemies":"Chosen","floor":18,"turns":5},{"damage":11,"enemies":"2 Thieves","floor":20,"turns":4},{"damage":19,"enemies":"Chosen and Byrds","floor":24,"turns":6},{"damage":18,"enemies":"Snake Plant","floor":25,"turns":4},{"damage":13,"enemies":"Cultist and Chosen","floor":30,"turns":7},{"damage":8,"enemies":"Snecko","floor":31,"turns":5},{"damage":49,"enemies":"Automaton","floor":33,"turns":10},{"damage":18,"enemies":"Orb Walker","floor":35,"turns":4},{"damage":10,"enemies":"3 Darklings","floor":36,"turns":4},{"damage":15,"enemies":"Jaw Worm Horde","floor":37,"turns":4},{"damage":9,"enemies":"Mind Bloom Boss Battle","floor":38,"turns":8},{"damage":13,"enemies":"Spire Growth","floor":42,"turns":5},{"damage":36,"enemies":"Writhing Mass","floor":45,"turns":6},{"damage":32,"enemies":"Transient","floor":47,"turns":3}],"seed_played":"1695830047759089901","potions_obtained":[{"floor":1,"key":"Regen Potion"},{"floor":2,"key":"PowerPotion"},{"floor":2,"key":"FearPotion"},{"floor":14,"key":"LiquidBronze"},{"floor":16,"key":"AttackPotion"},{"floor":18,"key":"Weak Potion"},{"floor":25,"key":"PowerPotion"}],"is_trial":false,"path_per_floor":["M","?","M","$","M","E","M","M","T","$","?","M","R","M","R","B",null,"M","?","M","T","?","R","M","M","T","?","$","R","M","M","R","B",null,"M","M","M","?","T","R","?","M","T","R","M","?","M"],"character_chosen":"DEFECT","items_purchased":["Leap"],"campfire_rested":5,"item_purchase_floors":[4],"current_hp_per_floor":[65,65,61,61,58,38,14,10,10,10,10,10,32,32,54,23,75,71,71,60,60,60,60,41,23,23,23,23,60,47,39,75,26,75,57,47,32,23,23,60,75,62,62,62,26,26,0],"gold":739,"neow_bonus":"RANDOM_COLORLESS","is_prod":false,"is_daily":false,"chose_seed":false,"campfire_upgraded":2,"win_rate":0,"timestamp":1547342000,"path_taken":["M","?","?","$","?","E","M","M","T","$","?","?","R","M","R","BOSS","M","?","M","?","?","R","M","M","T","?","$","R","M","?","R","BOSS","M","M","M","?","?","R","?","?","T","R","?","?","M"],"build_version":"2019-01-10","purchased_purges":2,"victory":false,"max_hp_per_floor":[75,75,75,75,75,75,75,75,75,75,75,75,75,75,75,75,75,75,75,75,75,75,75,75,75,75,75,75,75,75,75,75,75,75,75,75,75,75,75,75,75,75,75,75,75,75,75],"card_choices":[{"not_picked":["Reinforced Body","Turbo"],"picked":"Compile Driver","floor":1},{"not_picked":["Undo","Darkness"],"picked":"Leap","floor":3},{"not_picked":["Compile Driver","Streamline","Beam Cell"],"picked":"SKIP","floor":5},{"not_picked":["Chill","Auto Shields"],"picked":"Redo","floor":6},{"not_picked":["Conserve Battery","Stack"],"picked":"Sweeping Beam","floor":7},{"not_picked":["Sweeping Beam","Redo","Thunder Strike"],"picked":"SKIP","floor":8},{"not_picked":["Auto Shields","Streamline"],"picked":"Chaos","floor":12},{"not_picked":["Auto Shields","Rebound"],"picked":"Genetic Algorithm","floor":14},{"not_picked":["Fission","Creative AI"],"picked":"Echo Form","floor":16},{"not_picked":["Consume","Coolheaded"],"picked":"Loop","floor":17},{"not_picked":["Stack","Conserve Battery"],"picked":"Chaos","floor":17},{"not_picked":["Heatsinks","Go for the Eyes"],"picked":"Double Energy","floor":17},{"not_picked":["Sunder","Conserve Battery"],"picked":"Tempest","floor":17},{"not_picked":["Cold Snap","Thunder Strike"],"picked":"Streamline+1","floor":18},{"not_picked":["White Noise","Gash+1","Rebound+1"],"picked":"SKIP","floor":20},{"not_picked":["Gash+1","Rebound+1"],"picked":"White Noise","floor":20},{"not_picked":["Scrape","Hologram","Loop"],"picked":"SKIP","floor":24},{"not_picked":["Melter","Go for the Eyes+1","Sunder"],"picked":"SKIP","floor":25},{"not_picked":["Self Repair","Aggregate+1"],"picked":"BootSequence","floor":30},{"not_picked":["Leap","Aggregate","Stack"],"picked":"SKIP","floor":31},{"not_picked":["Seek","Thunder Strike"],"picked":"Amplify","floor":33},{"not_picked":["Tempest+1","Redo","Genetic Algorithm"],"picked":"SKIP","floor":35},{"not_picked":["Compile Driver","Tempest","Turbo"],"picked":"SKIP","floor":36},{"not_picked":["Sunder","Stack+1"],"picked":"Conserve Battery+1","floor":37},{"not_picked":["Hologram","Steam+1"],"picked":"Stack","floor":42},{"not_picked":["Sweeping Beam","Barrage","Steam Power+1"],"picked":"SKIP","floor":45}],"player_experience":16281,"relics_obtained":[{"floor":6,"key":"Whetstone"},{"floor":9,"key":"Mercury Hourglass"},{"floor":21,"key":"Regal Pillow"},{"floor":26,"key":"Darkstone Periapt"},{"floor":38,"key":"Old Coin"},{"floor":39,"key":"Matryoshka"},{"floor":43,"key":"Bag of Preparation"},{"floor":43,"key":"Orichalcum"}],"event_choices":[{"damage_healed":0,"gold_gain":0,"player_choice":"Got Potions","damage_taken":0,"max_hp_gain":0,"max_hp_loss":0,"event_name":"Lab","floor":2,"gold_loss":0},{"damage_healed":0,"gold_gain":0,"player_choice":"Upgraded","damage_taken":0,"max_hp_gain":0,"max_hp_loss":0,"event_name":"Upgrade Shrine","floor":11,"gold_loss":0,"cards_upgraded":["Redo"]},{"damage_healed":0,"gold_gain":0,"player_choice":"Obtained Relic","damage_taken":0,"relics_obtained":["Gremlin Horn"],"max_hp_gain":0,"max_hp_loss":0,"event_name":"Addict","floor":19,"gold_loss":85},{"damage_healed":0,"gold_gain":0,"player_choice":"Smashed Altar","damage_taken":0,"max_hp_gain":0,"max_hp_loss":0,"event_name":"Forgotten Altar","floor":22,"gold_loss":0,"cards_obtained":["Decay"]},{"damage_healed":0,"gold_gain":0,"player_choice":"Forge","damage_taken":0,"max_hp_gain":0,"max_hp_loss":0,"event_name":"Accursed Blacksmith","floor":27,"gold_loss":0,"cards_upgraded":["Echo Form"]},{"damage_healed":0,"gold_gain":0,"player_choice":"Fight","damage_taken":0,"max_hp_gain":0,"max_hp_loss":0,"event_name":"MindBloom","floor":38,"gold_loss":0},{"damage_healed":15,"gold_gain":0,"player_choice":"Full Heal","damage_taken":0,"max_hp_gain":0,"max_hp_loss":0,"event_name":"Wheel of Change","floor":41,"gold_loss":0},{"damage_healed":0,"gold_gain":0,"player_choice":"Copied","damage_taken":0,"max_hp_gain":0,"max_hp_loss":0,"event_name":"Duplicator","floor":46,"gold_loss":0,"cards_obtained":["White Noise"]}],"is_beta":false,"boss_relics":[{"not_picked":["Calling Bell","Cursed Key"],"picked":"Orrery"},{"not_picked":["Empty Cage","Velvet Choker"],"picked":"Sozu"}],"items_purged_floors":[4,28],"is_endless":false,"potions_floor_spawned":[1,3,14,16,18,25,30,31,36,37,38],"killed_by":"Transient","ascension_level":0}