{"gold_per_floor":[12,27,27,41,41,41,58,58,58,58,86,86,101,111,111,190,190,205,3,20,70,85,85,99,48,71,71,90,90,105,140,140,140],"floor_reached":33,"playtime":787,"items_purged":[],"score":471,"play_id":"666ead93-42b1-44b0-afe2-219430f2ddc5","local_time":"20180711232608","is_ascension_mode":true,"campfire_choices":[{"data":"Perfected Strike","floor":6,"key":"SMITH"},{"data":"Clothesline","floor":8,"key":"SMITH"},{"data":"Bash","floor":12,"key":"SMITH"},{"data":"Demon Form","floor":15,"key":"SMITH"},{"data":"Double Tap","floor":23,"key":"SMITH"},{"data":"True Grit","floor":29,"key":"SMITH"},{"floor":32,"key":"REST"}],"neow_cost":"NO_GOLD","seed_source_timestamp":225569057501589,"circlet_count":0,"master_deck":["Strike_R","Strike_R","Strike_R","Strike_R","Strike_R","Defend_R+1","Defend_R","Defend_R+1","Defend_R","Bash+1","AscendersBane","Perfected Strike+1","Clothesline+1","Battle Trance","Twin Strike","Pommel Strike","Demon Form+1","Twin Strike","Double Tap+1","Twin Strike","True Grit+1","Flame Barrier","Ghostly Armor","Perfected Strike"],"relics":["Burning Blood","Torii","Letter Opener","Meat on the Bone","Mark of Pain","Medical Kit","War Paint","Question Card"],"potions_floor_usage":[11,24,31,33],"damage_taken":[{"damage":2,"enemies":"Cultist","floor":1,"turns":4},{"damage":2,"enemies":"2 Louse","floor":2,"turns":3},{"damage":0,"enemies":"Small Slimes","floor":4,"turns":3},{"damage":9,"enemies":"Exordium Wildlife","floor":7,"turns":4},{"damage":22,"enemies":"Gremlin Nob","floor":11,"turns":4},{"damage":20,"enemies":"Gremlin Gang","floor":13,"turns":5},{"damage":8,"enemies":"Blue Slaver","floor":14,"turns":2},{"damage":19,"enemies":"Slime Boss","floor":16,"turns":8},{"damage":8,"enemies":"Chosen","floor":18,"turns":4},{"damage":2,"enemies":"3 Byrds","floor":20,"turns":6},{"damage":26,"enemies":"Snake Plant","floor":22,"turns":3},{"damage":17,"enemies":"Centurion and Healer","floor":24,"turns":6},{"damage":0,"enemies":"Sentry and Sphere","floor":28,"turns":4},{"damage":17,"enemies":"Snake Plant","floor":30,"turns":3},{"damage":18,"enemies":"Gremlin Leader","floor":31,"turns":7},{"damage":76,"enemies":"Collector","floor":33,"turns":6}],"seed_played":"-6933382192110955279","potions_obtained":[{"floor":4,"key":"EntropicBrew"},{"floor":20,"key":"Strength Potion"},{"floor":28,"key":"Fire Potion"}],"is_trial":false,"path_per_floor":["M","M","?","M","$","R","M","R","T","?","E","R","M","M","R","B",null,"M","$","M","?","M","R","M","$","T","?","M","R","M","E","R"],"character_chosen":"IRONCLAD","items_purchased":["Medical Kit","True Grit"],"campfire_rested":1,"item_purchase_floors":[19,25],"current_hp_per_floor":[72,75,75,75,75,75,72,72,72,61,45,45,43,53,53,52,69,67,67,71,71,51,51,52,52,52,52,58,58,47,47,69,0],"gold":140,"neow_bonus":"ONE_RARE_RELIC","is_prod":false,"is_daily":false,"chose_seed":false,"campfire_upgraded":6,"win_rate":0,"timestamp":1531376768,"path_taken":["M","?","?","?","$","R","M","R","T","?","E","R","M","M","R","BOSS","M","$","M","?","M","R","M","?","T","?","M","R","M","E","R","BOSS"],"build_version":"2018-07-10","purchased_purges":0,"victory":false,"max_hp_per_floor":[75,75,75,75,75,75,75,75,75,75,75,75,75,75,75,75,75,75,75,75,75,75,75,75,75,75,75,75,75,75,75,75,75],"card_choices":[{"not_picked":["Shrug It Off","Rupture"],"picked":"Perfected Strike","floor":1},{"not_picked":["Rage","Intimidate"],"picked":"Clothesline","floor":2},{"not_picked":["Body Slam","Infernal Blade"],"picked":"Battle Trance","floor":4},{"not_picked":["Body Slam","Sentinel"],"picked":"Twin Strike","floor":7},{"not_picked":["Armaments","Heavy Blade"],"picked":"Pommel Strike","floor":11},{"not_picked":["Blood for Blood","Hemokinesis"],"picked":"Demon Form","floor":13},{"not_picked":["Anger","Warcry"],"picked":"Twin Strike","floor":14},{"not_picked":["Impervious","Bludgeon"],"picked":"Double Tap","floor":16},{"not_picked":["Second Wind","Sword Boomerang","Clothesline"],"picked":"SKIP","floor":20},{"not_picked":["Evolve","Intimidate"],"picked":"Twin Strike","floor":24},{"not_picked":["Inflame","Searing Blow"],"picked":"Flame Barrier","floor":28},{"not_picked":["Headbutt","Uppercut+1"],"picked":"Ghostly Armor","floor":30},{"not_picked":["Battle Trance","Pummel"],"picked":"Perfected Strike","floor":31}],"player_experience":604937,"relics_obtained":[{"floor":9,"key":"Letter Opener"},{"floor":11,"key":"Meat on the Bone"},{"floor":26,"key":"War Paint"},{"floor":31,"key":"Question Card"}],"event_choices":[{"event_name":"The Cleric","player_choice":"Leave","floor":3,"damage_taken":0},{"event_name":"Wheel of Change","player_choice":"Damage","floor":10,"damage_taken":0},{"event_name":"Nest","player_choice":"Stole From Cult","floor":21,"damage_taken":0},{"event_name":"Beggar","player_choice":"Ignored","floor":27,"damage_taken":0}],"boss_relics":[{"not_picked":["Empty Cage","Busted Crown"],"picked":"Mark of Pain"}],"items_purged_floors":[],"is_endless":false,"potions_floor_spawned":[4,11,14,16,20,28,30],"killed_by":"Collector","ascension_level":15}