{"gold_per_floor":[13,29,29,42,42,42,42,42,42,77,77,111,127,145,145,240,240,256,256,268,287,287,287,316,316,316,100,115,115,115,132,132,233,233,251,267,267,53,64,64,164,164,243,151,171,171,171,188,188,188,188,188,4,36,36],"floor_reached":55,"playtime":3457,"items_purged":[],"score":670,"play_id":"db47a3f3-2d3b-440a-b904-cb8af818ee1b","local_time":"20190706015857","is_ascension_mode":false,"campfire_choices":[{"floor":7,"key":"RECALL"},{"data":"Survivor","floor":11,"key":"SMITH"},{"floor":15,"key":"REST"},{"data":"Bite","floor":23,"key":"SMITH"},{"data":"Bite","floor":25,"key":"SMITH"},{"data":"Bite","floor":29,"key":"SMITH"},{"data":"Bite","floor":32,"key":"SMITH"},{"data":"Bite","floor":40,"key":"SMITH"},{"data":"Noxious Fumes","floor":42,"key":"SMITH"},{"data":"Defend_G","floor":46,"key":"SMITH"},{"data":"Defend_G","floor":49,"key":"SMITH"},{"data":"Neutralize","floor":52,"key":"SMITH"}],"neow_cost":"NO_GOLD","seed_source_timestamp":388561358243848,"circlet_count":0,"master_deck":["Defend_G+1","Defend_G","Defend_G+1","Defend_G","Defend_G+1","Survivor+1","Neutralize+1","Deadly Poison","Acrobatics","Predator","Acrobatics+1","Crippling Poison+1","Deflect+1","Deadly Poison+1","Adrenaline+1","Dodge and Roll+1","Deflect+1","Bite+1","Bite+1","Bite+1","Bite+1","Bite+1","Apotheosis+1","Backflip+1","Deflect+1","Adrenaline+1","Madness+1","Madness+1","Noxious Fumes+1","Catalyst+1","Master of Strategy+1","Deadly Poison+1","Adrenaline+1"],"relics":["Ring of the Snake","Toxic Egg 2","CultistMask","Lantern","Anchor","Mercury Hourglass","White Beast Statue","Enchiridion","Calipers","Velvet Choker","Membership Card","The Specimen","Letter Opener","Strange Spoon","Bottled Flame"],"potions_floor_usage":[10,21,24,28,39,45,50,50,55],"damage_taken":[{"damage":0,"enemies":"Small Slimes","floor":1,"turns":4},{"damage":1,"enemies":"Jaw Worm","floor":2,"turns":4},{"damage":6,"enemies":"Cultist","floor":4,"turns":4},{"damage":39,"enemies":"Gremlin Nob","floor":10,"turns":6},{"damage":12,"enemies":"3 Sentries","floor":12,"turns":9},{"damage":6,"enemies":"Exordium Thugs","floor":13,"turns":4},{"damage":0,"enemies":"Blue Slaver","floor":14,"turns":3},{"damage":2,"enemies":"Hexaghost","floor":16,"turns":8},{"damage":12,"enemies":"Spheric Guardian","floor":18,"turns":4},{"damage":0,"enemies":"Chosen","floor":20,"turns":3},{"damage":24,"enemies":"Sentry and Sphere","floor":21,"turns":6},{"damage":6,"enemies":"Slavers","floor":24,"turns":4},{"damage":0,"enemies":"Centurion and Healer","floor":28,"turns":6},{"damage":4,"enemies":"3 Cultists","floor":31,"turns":6},{"damage":28,"enemies":"Automaton","floor":33,"turns":12},{"damage":0,"enemies":"3 Shapes","floor":35,"turns":5},{"damage":0,"enemies":"3 Darklings","floor":36,"turns":4},{"damage":21,"enemies":"Writhing Mass","floor":39,"turns":7},{"damage":0,"enemies":"Mind Bloom Boss Battle","floor":41,"turns":7},{"damage":6,"enemies":"Jaw Worm Horde","floor":45,"turns":3},{"damage":0,"enemies":"3 Darklings","floor":48,"turns":3},{"damage":47,"enemies":"Donu and Deca","floor":50,"turns":9},{"damage":38,"enemies":"Shield and Spear","floor":54,"turns":6},{"damage":43,"enemies":"The Heart","floor":55,"turns":3}],"seed_played":"-923535567003676297","potions_obtained":[{"floor":2,"key":"Block Potion"},{"floor":10,"key":"Regen Potion"},{"floor":13,"key":"Ancient Potion"},{"floor":18,"key":"GhostInAJar"},{"floor":20,"key":"Fire Potion"},{"floor":21,"key":"Block Potion"},{"floor":24,"key":"FearPotion"},{"floor":28,"key":"Energy Potion"},{"floor":39,"key":"Regen Potion"},{"floor":45,"key":"EssenceOfSteel"},{"floor":54,"key":"SkillPotion"}],"is_trial":false,"path_per_floor":["M","M","?","M","T","$","R","?","T","E","R","E","M","M","R","B",null,"M","?","M","M","?","R","E","R","T","$","M","R","?","M","R","B",null,"M","M","?","$","M","R","?","R","T","$","M","R","?","M","R","B",null,"R","$","E","B"],"character_chosen":"THE_SILENT","items_purchased":["Apotheosis+1","Backflip+1","Membership Card","Noxious Fumes","Master of Strategy+1","Adrenaline+1","Strange Spoon"],"campfire_rested":1,"item_purchase_floors":[27,27,38,38,44,53,53],"current_hp_per_floor":[84,83,83,77,77,77,77,77,77,38,38,26,20,20,45,43,84,72,56,56,47,47,47,50,50,50,50,58,58,58,57,57,56,58,58,58,51,51,53,53,58,58,58,58,52,52,52,58,58,35,58,58,58,32,0],"gold":36,"neow_bonus":"TWENTY_PERCENT_HP_BONUS","is_prod":false,"is_daily":false,"chose_seed":false,"campfire_upgraded":10,"win_rate":0,"timestamp":1562345937,"path_taken":["M","M","?","M","?","$","R","?","T","E","R","E","?","M","R","BOSS","M","?","M","M","?","R","E","R","T","$","M","R","?","M","R","BOSS","M","?","?","$","M","R","?","R","T","?","M","R","?","M","R","BOSS","R","$","E","BOSS"],"build_version":"2019-07-01","purchased_purges":0,"victory":false,"max_hp_per_floor":[84,84,84,84,84,84,84,84,84,84,84,84,84,84,84,84,84,84,84,84,84,58,58,58,58,58,58,58,58,58,58,58,58,58,58,58,58,58,58,58,58,58,58,58,58,58,58,58,58,58,58,58,58,58,58],"card_choices":[{"not_picked":["Backflip","Sucker Punch"],"picked":"Deadly Poison","floor":1},{"not_picked":["Choke","Terror"],"picked":"Acrobatics","floor":2},{"not_picked":["Blade Dance","Endless Agony"],"picked":"Predator","floor":4},{"not_picked":["Flying Knee","Eviscerate"],"picked":"Acrobatics+1","floor":10},{"not_picked":["Blade Dance+1","Prepared+1"],"picked":"Crippling Poison+1","floor":12},{"not_picked":["Skewer","Envenom"],"picked":"Deflect+1","floor":13},{"not_picked":["Deflect+1","PiercingWail+1"],"picked":"Deadly Poison+1","floor":14},{"not_picked":["Unload","Corpse Explosion+1"],"picked":"Adrenaline+1","floor":16},{"not_picked":["Quick Slash+1","Deadly Poison+1"],"picked":"Dodge and Roll+1","floor":18},{"not_picked":["Blade Dance+1","Endless Agony","Dodge and Roll+1"],"picked":"SKIP","floor":20},{"not_picked":["Poisoned Stab","Dagger Throw"],"picked":"Deflect+1","floor":21},{"not_picked":["Glass Knife","Finisher","Bane"],"picked":"SKIP","floor":24},{"not_picked":["Finisher+1","Quick Slash","Acrobatics+1"],"picked":"SKIP","floor":28},{"not_picked":["Slice","Dagger Spray"],"picked":"Deflect+1","floor":31},{"not_picked":["A Thousand Cuts","Venomology+1"],"picked":"Adrenaline+1","floor":33},{"not_picked":["Dagger Throw","Quick Slash+1","Bane+1"],"picked":"SKIP","floor":35},{"not_picked":["PiercingWail+1","Poisoned Stab+1","Dagger Throw+1"],"picked":"SKIP","floor":36},{"not_picked":["Flying Knee","Quick Slash","Blade Dance+1"],"picked":"SKIP","floor":39},{"not_picked":["Deadly Poison+1","Skewer+1"],"picked":"Catalyst+1","floor":41},{"not_picked":["Blade Dance+1","Deflect+1"],"picked":"Deadly Poison+1","floor":45},{"not_picked":["Slice+1","Flechettes","Skewer+1"],"picked":"SKIP","floor":48},{"not_picked":["Poisoned Stab","Heel Hook+1","Eviscerate+1"],"picked":"SKIP","floor":54}],"player_experience":40326,"relics_obtained":[{"floor":5,"key":"Toxic Egg 2"},{"floor":9,"key":"Lantern"},{"floor":10,"key":"Anchor"},{"floor":12,"key":"Mercury Hourglass"},{"floor":19,"key":"Enchiridion"},{"floor":24,"key":"Calipers"},{"floor":41,"key":"The Specimen"},{"floor":43,"key":"Letter Opener"},{"floor":54,"key":"Bottled Flame"}],"event_choices":[{"damage_healed":0,"gold_gain":0,"player_choice":"Ignored","damage_taken":0,"max_hp_gain":0,"max_hp_loss":0,"event_name":"Golden Idol","floor":3,"gold_loss":0},{"damage_healed":0,"gold_gain":0,"player_choice":"Trade","damage_taken":0,"relics_obtained":["CultistMask"],"max_hp_gain":0,"max_hp_loss":0,"event_name":"FaceTrader","floor":8,"gold_loss":0},{"damage_healed":0,"gold_gain":0,"player_choice":"Obtained Book","damage_taken":16,"max_hp_gain":0,"max_hp_loss":0,"event_name":"Cursed Tome","floor":19,"gold_loss":0},{"damage_healed":0,"gold_gain":0,"player_choice":"Became a vampire","damage_taken":0,"max_hp_gain":0,"max_hp_loss":26,"event_name":"Vampires","floor":22,"gold_loss":0,"cards_obtained":["Bite","Bite","Bite","Bite","Bite"]},{"damage_healed":0,"gold_gain":0,"player_choice":"Got Potions","damage_taken":0,"max_hp_gain":0,"max_hp_loss":0,"event_name":"Lab","floor":30,"gold_loss":0},{"damage_healed":0,"gold_gain":0,"player_choice":"Embrace Madness","damage_taken":7,"max_hp_gain":0,"max_hp_loss":0,"event_name":"Winding Halls","floor":37,"gold_loss":0,"cards_obtained":["Madness","Madness"]},{"damage_healed":0,"gold_gain":0,"player_choice":"Fight","damage_taken":0,"max_hp_gain":0,"max_hp_loss":0,"event_name":"MindBloom","floor":41,"gold_loss":0},{"damage_healed":0,"gold_gain":0,"player_choice":"Upgraded","damage_taken":0,"max_hp_gain":0,"max_hp_loss":0,"event_name":"Upgrade Shrine","floor":47,"gold_loss":0,"cards_upgraded":["Defend_G"]}],"is_beta":false,"boss_relics":[{"not_picked":["Philosopher\u0027s Stone","WristBlade"],"picked":"White Beast Statue"},{"not_picked":["Fusion Hammer","Sozu"],"picked":"Velvet Choker"}],"items_purged_floors":[],"is_endless":false,"potions_floor_spawned":[2,10,13,18,20,21,24,28,31,33,35,36,39,41,45,48,54],"killed_by":"The Heart","ascension_level":0}