{"gold_per_floor":[118,130,143,68,85,85,100,100,100,100,117,143,154,164,164,262,312,325,69,69,69,169,169,169,169,169,169,185,203,235,247,247,247],"floor_reached":33,"playtime":3631,"items_purged":["Strike_R","Strike_R"],"score":336,"play_id":"7300ce30-7204-4cda-a6ae-d82133a2648e","local_time":"20181129220352","is_ascension_mode":true,"campfire_choices":[{"data":"Body Slam","floor":6,"key":"SMITH"},{"data":"Bash","floor":8,"key":"SMITH"},{"data":"Shrug It Off","floor":10,"key":"SMITH"},{"data":"Body Slam","floor":15,"key":"SMITH"},{"data":"Armaments","floor":23,"key":"SMITH"},{"data":"Inflame","floor":25,"key":"SMITH"},{"data":"Metallicize","floor":27,"key":"SMITH"},{"data":"Feed","floor":32,"key":"SMITH"}],"neow_cost":"NONE","seed_source_timestamp":86265712358308,"circlet_count":0,"master_deck":["Strike_R+1","Strike_R+1","Strike_R+1","Defend_R+1","Defend_R+1","Defend_R+1","Defend_R+1","Bash+1","Clash","Body Slam+1","Shrug It Off+1","Headbutt","Warcry+1","Body Slam+1","Metallicize+1","Ghostly Armor","Double Tap","Inflame+1","Twin Strike+1","Armaments+1","Feed+1","Iron Wave+1"],"relics":["Burning Blood","Champion Belt","Incense Burner","Tiny House","Juzu Bracelet","Singing Bowl","Pantograph"],"potions_floor_usage":[12,16,21,28,30,31,33],"damage_taken":[{"damage":7,"enemies":"Jaw Worm","floor":1,"turns":5},{"damage":4,"enemies":"2 Louse","floor":2,"turns":3},{"damage":0,"enemies":"Small Slimes","floor":3,"turns":3},{"damage":12,"enemies":"Exordium Thugs","floor":5,"turns":4},{"damage":2,"enemies":"Exordium Wildlife","floor":7,"turns":3},{"damage":0,"enemies":"Large Slime","floor":11,"turns":4},{"damage":30,"enemies":"3 Sentries","floor":12,"turns":9},{"damage":6,"enemies":"Red Slaver","floor":13,"turns":3},{"damage":1,"enemies":"2 Fungi Beasts","floor":14,"turns":3},{"damage":18,"enemies":"Slime Boss","floor":16,"turns":15},{"damage":1,"enemies":"Spheric Guardian","floor":18,"turns":4},{"damage":20,"enemies":"Colosseum Slavers","floor":21,"turns":5},{"damage":0,"enemies":"2 Thieves","floor":28,"turns":3},{"damage":3,"enemies":"Snecko","floor":29,"turns":5},{"damage":40,"enemies":"Book of Stabbing","floor":30,"turns":7},{"damage":0,"enemies":"Snake Plant","floor":31,"turns":4},{"damage":97,"enemies":"Collector","floor":33,"turns":13}],"seed_played":"-7561622537211546359","potions_obtained":[{"floor":0,"key":"Poison Potion"},{"floor":0,"key":"SmokeBomb"},{"floor":0,"key":"FearPotion"},{"floor":13,"key":"BloodPotion"},{"floor":16,"key":"PowerPotion"},{"floor":17,"key":"SkillPotion"},{"floor":28,"key":"GamblersBrew"},{"floor":30,"key":"Block Potion"},{"floor":31,"key":"SkillPotion"}],"is_trial":false,"path_per_floor":["M","M","M","$","M","R","M","R","T","R","M","E","M","M","R","B",null,"M","$","?","?","?","R","?","R","T","R","M","M","E","M","R","B"],"character_chosen":"IRONCLAD","items_purchased":["Juzu Bracelet"],"campfire_rested":0,"item_purchase_floors":[19],"current_hp_per_floor":[79,80,80,80,74,74,78,78,78,78,80,56,56,61,61,49,77,82,82,82,68,68,68,68,68,68,68,76,81,55,61,61,0],"gold":247,"neow_bonus":"THREE_SMALL_POTIONS","is_prod":false,"is_daily":false,"chose_seed":false,"campfire_upgraded":8,"win_rate":0,"timestamp":1543525432,"path_taken":["M","M","M","$","M","R","M","R","T","R","M","E","M","M","R","BOSS","M","$","?","?","?","R","?","R","T","R","M","M","E","M","R","BOSS"],"build_version":"2018-11-15","purchased_purges":2,"victory":false,"max_hp_per_floor":[80,80,80,80,80,80,80,80,80,80,80,80,80,80,80,80,85,85,85,85,85,85,85,85,85,85,85,87,89,89,89,89,89],"card_choices":[{"not_picked":["Shrug It Off","Havoc"],"picked":"Clash","floor":1},{"not_picked":["Havoc","Fire Breathing"],"picked":"Body Slam","floor":2},{"not_picked":["Perfected Strike","Flex","Twin Strike"],"picked":"SKIP","floor":3},{"not_picked":["Battle Trance","Metallicize"],"picked":"Shrug It Off","floor":5},{"not_picked":["Havoc","Heavy Blade"],"picked":"Headbutt","floor":7},{"not_picked":["Pommel Strike","Sword Boomerang"],"picked":"Warcry","floor":11},{"not_picked":["Reaper","Anger"],"picked":"Body Slam","floor":12},{"not_picked":["Headbutt","True Grit"],"picked":"Metallicize","floor":13},{"not_picked":["Heavy Blade","Clothesline"],"picked":"Ghostly Armor","floor":14},{"not_picked":["Offering","Exhume"],"picked":"Double Tap","floor":16},{"not_picked":["Shrug It Off","Clothesline"],"picked":"Inflame","floor":17},{"not_picked":["Pummel","Anger"],"picked":"Twin Strike+1","floor":18},{"not_picked":["Clash","Dual Wield","Clothesline"],"picked":"Singing Bowl","floor":28},{"not_picked":["Inflame","Armaments+1","Intimidate"],"picked":"Singing Bowl","floor":29},{"not_picked":["Infernal Blade","Carnage"],"picked":"Feed","floor":30},{"not_picked":["Corruption","Shrug It Off"],"picked":"Iron Wave+1","floor":31}],"player_experience":325194,"relics_obtained":[{"floor":9,"key":"Champion Belt"},{"floor":12,"key":"Incense Burner"},{"floor":26,"key":"Singing Bowl"},{"floor":30,"key":"Pantograph"}],"event_choices":[{"damage_healed":0,"gold_gain":0,"player_choice":"Read","damage_taken":0,"max_hp_gain":0,"max_hp_loss":0,"event_name":"The Library","floor":20,"gold_loss":0,"cards_obtained":["Armaments"]},{"damage_healed":0,"gold_gain":0,"player_choice":"Fight","damage_taken":0,"max_hp_gain":0,"max_hp_loss":0,"event_name":"Colosseum","floor":21,"gold_loss":0},{"damage_healed":0,"gold_gain":0,"player_choice":"Fled From Nobs","damage_taken":0,"max_hp_gain":0,"max_hp_loss":0,"event_name":"Colosseum","floor":21,"gold_loss":0},{"damage_healed":0,"gold_gain":100,"player_choice":"Pray","damage_taken":0,"max_hp_gain":0,"max_hp_loss":0,"event_name":"Golden Shrine","floor":22,"gold_loss":0},{"damage_healed":0,"gold_gain":0,"player_choice":"Simplicity","damage_taken":0,"max_hp_gain":0,"max_hp_loss":0,"event_name":"Back to Basics","floor":24,"gold_loss":0,"cards_upgraded":["Strike_R","Strike_R","Strike_R","Defend_R","Defend_R","Defend_R","Defend_R"]}],"is_beta":false,"boss_relics":[{"not_picked":["Runic Cube","Black Star"],"picked":"Tiny House"}],"items_purged_floors":[4,19],"is_endless":false,"potions_floor_spawned":[1,7,13,16,28,30,31],"killed_by":"Collector","ascension_level":5}