{"gold_per_floor":[369,48,63,78,91,91,106,106,106,124,149,167,167,89,89,184,184,202,202,213,44,61,95,95,130,157,32,32],"floor_reached":28,"playtime":1441,"items_purged":["Parasite","Strike_G","Strike_G"],"score":240,"play_id":"8c700bd3-395e-40c7-bf2b-da61acef036c","local_time":"20190614191353","is_ascension_mode":false,"campfire_choices":[{"data":"Neutralize","floor":6,"key":"SMITH"},{"data":"Caltrops","floor":8,"key":"SMITH"},{"floor":13,"key":"RECALL"},{"data":"Noxious Fumes","floor":15,"key":"SMITH"},{"floor":24,"key":"REST"}],"neow_cost":"CURSE","seed_source_timestamp":244259613429604,"circlet_count":0,"master_deck":["Defend_G","Defend_G","Defend_G","Defend_G","Defend_G","Strike_G","Strike_G","Strike_G","Survivor","Neutralize+1","Deflect","Caltrops+1","Dagger Spray","Sucker Punch","Leg Sweep","Predator","Noxious Fumes+1","After Image","Deflect","Backstab","Noxious Fumes","Unload","Deflect+1","Dodge and Roll+1"],"relics":["Ring of the Serpent","Oddly Smooth Stone","Incense Burner","The Specimen","Nunchaku","Red Mask"],"potions_floor_usage":[16,22],"damage_taken":[{"damage":0,"enemies":"Small Slimes","floor":1,"turns":3},{"damage":7,"enemies":"Jaw Worm","floor":3,"turns":7},{"damage":0,"enemies":"Cultist","floor":4,"turns":4},{"damage":3,"enemies":"Looter","floor":5,"turns":3},{"damage":4,"enemies":"3 Louse","floor":7,"turns":3},{"damage":0,"enemies":"2 Fungi Beasts","floor":10,"turns":4},{"damage":11,"enemies":"3 Sentries","floor":11,"turns":9},{"damage":0,"enemies":"Gremlin Gang","floor":12,"turns":5},{"damage":11,"enemies":"The Guardian","floor":16,"turns":9},{"damage":0,"enemies":"Spheric Guardian","floor":18,"turns":5},{"damage":10,"enemies":"3 Byrds","floor":20,"turns":6},{"damage":14,"enemies":"Snecko","floor":22,"turns":7},{"damage":37,"enemies":"Slavers","floor":23,"turns":5},{"damage":26,"enemies":"Masked Bandits","floor":25,"turns":5},{"damage":7,"enemies":"Snake Plant","floor":28,"turns":2}],"seed_played":"2243282088761299129","potions_obtained":[{"floor":5,"key":"SmokeBomb"},{"floor":7,"key":"FearPotion"},{"floor":12,"key":"Regen Potion"},{"floor":18,"key":"Dexterity Potion"},{"floor":25,"key":"SpeedPotion"}],"is_trial":false,"path_per_floor":["M","$","M","M","M","R","M","R","T","M","E","M","R","$","R","B",null,"M","?","M","$","M","E","R","?","T","$","M"],"character_chosen":"THE_SILENT","items_purchased":["Oddly Smooth Stone","Deflect","Caltrops","Noxious Fumes","Noxious Fumes"],"campfire_rested":1,"item_purchase_floors":[2,2,2,14,21],"current_hp_per_floor":[70,67,60,60,57,57,53,53,53,53,42,42,42,42,42,31,67,67,55,45,45,46,9,30,4,4,4,0],"gold":32,"neow_bonus":"TWO_FIFTY_GOLD","is_prod":false,"is_daily":false,"chose_seed":false,"campfire_upgraded":3,"win_rate":0,"timestamp":1560557633,"path_taken":["M","$","M","M","M","R","M","R","T","M","E","M","R","$","R","BOSS","M","?","M","?","M","E","R","?","T","$","M"],"build_version":"2019-01-23","purchased_purges":3,"victory":false,"max_hp_per_floor":[70,67,67,67,67,67,67,67,67,67,67,67,67,67,67,67,67,67,72,72,72,72,72,72,72,72,72,72],"card_choices":[{"not_picked":["Masterful Stab","Prepared","Dagger Throw"],"picked":"SKIP","floor":1},{"not_picked":["Dagger Throw","Prepared","Corpse Explosion"],"picked":"SKIP","floor":3},{"not_picked":["Choke","Escape Plan"],"picked":"Dagger Spray","floor":4},{"not_picked":["Distraction","Underhanded Strike"],"picked":"Sucker Punch","floor":5},{"not_picked":["Prepared","Sucker Punch"],"picked":"Leg Sweep","floor":7},{"not_picked":["Bouncing Flask","Backflip"],"picked":"Predator","floor":10},{"not_picked":["Dagger Throw","Grand Finale","Bullet Time"],"picked":"SKIP","floor":11},{"not_picked":["Slice","Underhanded Strike","Riddle With Holes"],"picked":"SKIP","floor":12},{"not_picked":["Envenom","Burst"],"picked":"After Image","floor":16},{"not_picked":["Predator+1","Cloak And Dagger"],"picked":"Deflect","floor":18},{"not_picked":["Setup","Bane"],"picked":"Backstab","floor":20},{"not_picked":["Cloak And Dagger","Well Laid Plans+1"],"picked":"Unload","floor":22},{"not_picked":["Predator+1","Cloak And Dagger"],"picked":"Deflect+1","floor":23},{"not_picked":["Eviscerate","Crippling Poison"],"picked":"Dodge and Roll+1","floor":25}],"player_experience":802684,"relics_obtained":[{"floor":9,"key":"Incense Burner"},{"floor":11,"key":"The Specimen"},{"floor":23,"key":"Nunchaku"},{"floor":25,"key":"Red Mask"}],"event_choices":[{"damage_healed":0,"gold_gain":0,"player_choice":"Shed Blood","damage_taken":17,"max_hp_gain":5,"max_hp_loss":0,"event_name":"Forgotten Altar","floor":19,"gold_loss":0},{"damage_healed":0,"gold_gain":0,"player_choice":"Fought Bandits","damage_taken":0,"max_hp_gain":0,"max_hp_loss":0,"event_name":"Masked Bandits","floor":25,"gold_loss":0}],"is_beta":false,"boss_relics":[{"not_picked":["Lizard Tail","Orrery"],"picked":"Ring of the Serpent"}],"items_purged_floors":[2,21,27],"is_endless":false,"potions_floor_spawned":[5,7,12,18,20,25],"killed_by":"Snake Plant","ascension_level":0}