{"path_per_floor":["M","?","$","M","M","E","R","?","T","?","M","?","$","M","R","B",null,"M","?","M","?","$","E","$","R","T","R","M","M","?","M","R","B",null,"M","?","M","M","$"],"character_chosen":"IRONCLAD","items_purchased":["Shrug It Off","Apotheosis"],"gold_per_floor":[115,115,61,78,89,118,118,118,118,118,131,165,90,110,110,235,235,254,254,277,202,102,133,8,8,8,8,21,39,39,55,55,180,180,194,194,208,229,31],"floor_reached":40,"campfire_rested":2,"playtime":8378,"current_hp_per_floor":[79,72,72,77,80,75,75,80,80,79,79,54,54,56,56,30,79,60,60,50,50,50,43,43,66,66,66,70,51,35,22,45,22,79,67,60,68,41,41],"items_purged":["Defend_R","Defend_R","Strike_R"],"gold":31,"score":382,"play_id":"cc7a47fc-4fb9-436e-93c5-7f62c1e331cd","is_prod":false,"is_daily":false,"is_ascension_mode":false,"campfire_upgraded":3,"path_taken":["M","?","$","M","M","E","R","?","T","?","M","?","$","M","R","BOSS","M","?","M","?","$","E","$","R","T","R","?","M","?","M","R","BOSS","M","?","?","M","$","E"],"build_version":"2018-02-15-PROD1","purchased_purges":3,"victory":false,"master_deck":["Strike_R","Strike_R","Defend_R","Defend_R","Bash+1","Pommel Strike","Shrug It Off","Headbutt","Armaments+1","Shrug It Off","Pommel Strike","Warcry+1","Pommel Strike","Impervious","Cleave+1","Twin Strike+1","Pommel Strike","Fire Breathing+1","Pommel Strike","Juggernaut","Shrug It Off+1","Warcry+1","Apotheosis"],"max_hp_per_floor":[80,80,80,80,80,80,80,85,85,79,79,79,79,79,79,79,79,79,79,79,79,79,79,79,79,79,79,79,79,79,79,79,79,79,79,79,79,79,79],"relics":["Black Blood","Kunai","Ice Cream","Golden Idol","Odd Mushroom","Velvet Choker","Peace Pipe","Dream Catcher","Nilry\u0027s Codex"],"card_choices":[{"not_picked":["Perfected Strike","Body Slam"],"picked":"Pommel Strike"},{"not_picked":["Cleave","Perfected Strike"],"picked":"Headbutt"},{"not_picked":["Hemokinesis","Sword Boomerang"],"picked":"Armaments"},{"not_picked":["Combust","Metallicize"],"picked":"Shrug It Off"},{"not_picked":["Fire Breathing","Body Slam"],"picked":"Pommel Strike"},{"not_picked":["Cleave","Thunderclap"],"picked":"Warcry"},{"not_picked":["Sword Boomerang","Shrug It Off"],"picked":"Pommel Strike"},{"not_picked":["Brutality","Juggernaut"],"picked":"Impervious"},{"not_picked":["Flex","Perfected Strike"],"picked":"Cleave"},{"not_picked":["Power Through","Pummel"],"picked":"Twin Strike"},{"not_picked":["Perfected Strike","Bloodletting"],"picked":"Pommel Strike"},{"not_picked":["Blood for Blood","Flex"],"picked":"Fire Breathing"},{"not_picked":["Clothesline","Barricade"],"picked":"Pommel Strike"},{"not_picked":["Barricade","Reaper"],"picked":"Juggernaut"},{"not_picked":["Second Wind","Fire Breathing"],"picked":"Shrug It Off"},{"not_picked":["Sword Boomerang","Armaments"],"picked":"Warcry"}],"player_experience":16300,"potions_floor_usage":[6,6,6,16,16,20,23,28,28,29,33,38],"damage_taken":[{"damage":7,"enemies":"2 Louse","floor":1,"turns":4},{"damage":1,"enemies":"Jaw Worm","floor":4,"turns":4},{"damage":1,"enemies":"Cultist","floor":5,"turns":4},{"damage":11,"enemies":"Lagavulin","floor":6,"turns":9},{"damage":4,"enemies":"2 Fungi Beasts","floor":11,"turns":4},{"damage":31,"enemies":"The Mushroom Lair","floor":12,"turns":6},{"damage":4,"enemies":"Blue Slaver","floor":14,"turns":5},{"damage":32,"enemies":"Hexaghost","floor":16,"turns":12},{"damage":25,"enemies":"3 Byrds","floor":18,"turns":7},{"damage":16,"enemies":"Spheric Guardian","floor":20,"turns":4},{"damage":13,"enemies":"Slavers","floor":23,"turns":7},{"damage":2,"enemies":"Snake Plant","floor":28,"turns":4},{"damage":25,"enemies":"Slaver and Parasite","floor":29,"turns":5},{"damage":19,"enemies":"Centurion and Healer","floor":31,"turns":6},{"damage":29,"enemies":"Collector","floor":33,"turns":10},{"damage":22,"enemies":"3 Shapes","floor":35,"turns":5},{"damage":2,"enemies":"Orb Walker","floor":37,"turns":5},{"damage":37,"enemies":"Sphere and 2 Shapes","floor":38,"turns":6},{"damage":41,"enemies":"Giant Head","floor":40,"turns":8}],"event_choices":[{"event_name":"Golden Wing","player_choice":"Card Removal","floor":2,"damage_taken":0},{"event_name":"Big Fish","player_choice":"Donut","floor":8,"damage_taken":0},{"event_name":"Golden Idol","player_choice":"Lose Max HP","floor":10,"damage_taken":0},{"event_name":"Mushrooms","player_choice":"Fought Mushrooms","floor":12,"damage_taken":0},{"event_name":"The Lab","player_choice":"Got Potions","floor":19,"damage_taken":0},{"event_name":"Beggar","player_choice":"Gave Gold","floor":21,"damage_taken":0},{"event_name":"Cursed Tome","player_choice":"Obtained Book","floor":30,"damage_taken":0},{"event_name":"Wheel of Change","player_choice":"Damage","floor":36,"damage_taken":0}],"boss_relics":[{"not_picked":["Snecko Eye","Sozu"],"picked":"Velvet Choker"},{"not_picked":["Philosopher\u0027s Stone","Astrolabe"],"picked":"Black Blood"}],"potions_floor_spawned":[4,6,14,23,28,31,37],"seed_played":"8070644361029034498","killed_by":"Giant Head","ascension_level":0,"is_trial":false}