{"gold_per_floor":[113,113,113,133,133,160,160,188,188,188,223,238,87,103,103,179,229,243,143,153,167,185,211,86,86,86,101,129,129,147,158,158,236,236,249,249,249,265,365,399,416,447,447,118,152,166,181,208,208,208,208,208,208,105,136,136],"floor_reached":57,"playtime":2106,"items_purged":["Reflex","Night Terror","Masterful Stab"],"score":3564,"play_id":"6f5aa243-2aaa-4f18-a4b3-f70b42ad2eb2","local_time":"20190828163322","is_ascension_mode":true,"campfire_choices":[{"data":"Terror","floor":7.0,"key":"SMITH"},{"data":"Grand Finale","floor":10.0,"key":"SMITH"},{"data":"Grand Finale","floor":15.0,"key":"SMITH"},{"data":"Footwork","floor":25.0,"key":"PURGE"},{"data":"Dash","floor":32.0,"key":"PURGE"},{"floor":49.0,"key":"RECALL"},{"data":"Wraith Form v2","floor":53.0,"key":"SMITH"}],"neow_cost":"NONE","seed_source_timestamp":765139682715900,"circlet_count":0,"master_deck":["AscendersBane","Survivor+1","Grand Finale+1","Grand Finale+1","Dagger Throw","Terror+1","Well Laid Plans+1","Acrobatics","Adrenaline","Wraith Form v2+1","Finesse","Adrenaline","Panacea+1","Phantasmal Killer+1"],"special_seed":0,"relics":["Pandora\u0027s Box","Kunai","Boot","Unceasing Top","Tiny House","Peace Pipe","Vajra","Orrery","Gambling Chip","Art of War","Juzu Bracelet","Pocketwatch","Torii","Blood Vial","Toxic Egg 2","Strawberry"],"potions_floor_usage":[56,56,56,56],"damage_taken":[{"damage":0.0,"enemies":"Jaw Worm","floor":1.0,"turns":2.0},{"damage":0.0,"enemies":"Cultist","floor":4.0,"turns":2.0},{"damage":0.0,"enemies":"Gremlin Nob","floor":6.0,"turns":2.0},{"damage":0.0,"enemies":"Lagavulin","floor":8.0,"turns":2.0},{"damage":12.0,"enemies":"3 Sentries","floor":11.0,"turns":4.0},{"damage":7.0,"enemies":"2 Louse","floor":12.0,"turns":2.0},{"damage":0.0,"enemies":"Gremlin Gang","floor":14.0,"turns":2.0},{"damage":0.0,"enemies":"Hexaghost","floor":16.0,"turns":3.0},{"damage":0.0,"enemies":"Shell Parasite","floor":18.0,"turns":2.0},{"damage":0.0,"enemies":"Spheric Guardian","floor":20.0,"turns":2.0},{"damage":0.0,"enemies":"Cultist and Chosen","floor":21.0,"turns":2.0},{"damage":6.0,"enemies":"Snake Plant","floor":22.0,"turns":3.0},{"damage":2.0,"enemies":"Book of Stabbing","floor":23.0,"turns":3.0},{"damage":0.0,"enemies":"3 Cultists","floor":27.0,"turns":1.0},{"damage":8.0,"enemies":"Slavers","floor":28.0,"turns":2.0},{"damage":0.0,"enemies":"Snecko","floor":30.0,"turns":2.0},{"damage":0.0,"enemies":"Sentry and Sphere","floor":31.0,"turns":1.0},{"damage":0.0,"enemies":"Champ","floor":33.0,"turns":2.0},{"damage":0.0,"enemies":"3 Darklings","floor":35.0,"turns":1.0},{"damage":0.0,"enemies":"Orb Walker","floor":38.0,"turns":2.0},{"damage":0.0,"enemies":"Mind Bloom Boss Battle","floor":39.0,"turns":2.0},{"damage":0.0,"enemies":"Giant Head","floor":40.0,"turns":2.0},{"damage":0.0,"enemies":"Spire Growth","floor":41.0,"turns":1.0},{"damage":0.0,"enemies":"Nemesis","floor":42.0,"turns":1.0},{"damage":0.0,"enemies":"Reptomancer","floor":45.0,"turns":1.0},{"damage":0.0,"enemies":"4 Shapes","floor":46.0,"turns":1.0},{"damage":0.0,"enemies":"3 Darklings","floor":47.0,"turns":1.0},{"damage":1.0,"enemies":"Nemesis","floor":48.0,"turns":2.0},{"damage":0.0,"enemies":"Time Eater","floor":50.0,"turns":2.0},{"damage":21.0,"enemies":"Awakened One","floor":51.0,"turns":4.0},{"damage":0.0,"enemies":"Shield and Spear","floor":55.0,"turns":1.0},{"damage":71,"enemies":"The Heart","floor":56,"turns":8}],"seed_played":"4227399145947366589","potions_obtained":[{"floor":4.0,"key":"Fire Potion"},{"floor":11.0,"key":"SpeedPotion"},{"floor":12.0,"key":"Block Potion"},{"floor":17.0,"key":"Fruit Juice"},{"floor":20.0,"key":"Swift Potion"},{"floor":21.0,"key":"GhostInAJar"},{"floor":27.0,"key":"Explosive Potion"},{"floor":42.0,"key":"SkillPotion"},{"floor":45.0,"key":"Weak Potion"},{"floor":47.0,"key":"EntropicBrew"}],"is_trial":false,"path_per_floor":["M","$","?","M","$","E","R","E","T","R","E","M","$","M","R","B",null,"M","$","M","M","M","E","$","R","T","M","E","?","M","M","R","B",null,"M","?","?","M","?","E","M","E","T","$","E","M","M","E","R","B","B",null,"R","$","E","B",null],"character_chosen":"THE_SILENT","items_purchased":["Footwork","Torii","Panacea+1"],"campfire_rested":0,"item_purchase_floors":[13,44,54],"current_hp_per_floor":[59,59,59,59,59,59,59,59,59,59,47,40,40,40,40,40,70,70,70,70,70,64,62,62,62,62,62,54,54,54,54,54,54,71,71,71,71,71,71,71,71,71,71,71,71,73,75,75,75,76,55,71,71,71,80,11],"gold":136,"neow_bonus":"BOSS_RELIC","is_prod":false,"is_daily":false,"chose_seed":false,"campfire_upgraded":4,"win_rate":0,"timestamp":1566977602,"path_taken":["M","$","?","M","$","E","R","E","T","R","E","M","?","M","R","BOSS","M","$","M","M","M","E","$","R","T","M","E","?","M","?","R","BOSS","M","?","?","M","?","E","M","E","T","?","E","M","M","E","R","BOSS","BOSS","R","$","E","BOSS"],"build_version":"2019-08-26","purchased_purges":3,"victory":true,"max_hp_per_floor":[66,66,66,66,66,66,66,66,66,66,66,66,66,66,66,66,76,76,76,76,76,76,76,76,76,76,76,76,76,76,76,76,76,76,76,76,76,76,76,76,76,76,76,76,76,76,76,76,76,76,76,76,76,76,83,83],"card_choices":[{"not_picked":["Slice","Dagger Spray","Underhanded Strike"],"picked":"SKIP","floor":1.0},{"not_picked":["Endless Agony","Blade Dance","Prepared"],"picked":"SKIP","floor":4.0},{"not_picked":["Tactician","Outmaneuver","Noxious Fumes"],"picked":"SKIP","floor":6.0},{"not_picked":["Eviscerate","Cloak And Dagger","Blade Dance"],"picked":"SKIP","floor":8.0},{"not_picked":["Bouncing Flask","Dodge and Roll","Infinite Blades"],"picked":"SKIP","floor":11.0},{"not_picked":["Deflect","Dodge and Roll","Bane"],"picked":"SKIP","floor":12.0},{"not_picked":["Dash","Masterful Stab","Slice"],"picked":"SKIP","floor":14.0},{"not_picked":["Glass Knife","Unload"],"picked":"Adrenaline","floor":16.0},{"not_picked":["PiercingWail","Dodge and Roll","Riddle With Holes"],"picked":"SKIP","floor":18.0},{"not_picked":["Dagger Spray","Quick Slash","Slice"],"picked":"SKIP","floor":20.0},{"not_picked":["Venomology","Dagger Throw","Prepared"],"picked":"SKIP","floor":21.0},{"not_picked":["Venomology","Dagger Throw","Prepared"],"picked":"SKIP","floor":21.0},{"not_picked":["Acrobatics","Setup+1","Cloak And Dagger"],"picked":"SKIP","floor":22.0},{"not_picked":["Expertise","Malaise","Blade Dance"],"picked":"SKIP","floor":23.0},{"not_picked":["Sucker Punch","Dagger Spray","Flying Knee"],"picked":"SKIP","floor":27.0},{"not_picked":["Bane","Flying Knee","Calculated Gamble"],"picked":"SKIP","floor":28.0},{"not_picked":["Underhanded Strike","Flying Knee","Backflip"],"picked":"SKIP","floor":30.0},{"not_picked":["Slice","Quick Slash","Calculated Gamble"],"picked":"SKIP","floor":31.0},{"not_picked":["Dagger Spray","Outmaneuver"],"picked":"Wraith Form v2","floor":35.0},{"not_picked":["Metamorphosis","Forethought"],"picked":"Finesse","floor":37.0},{"not_picked":["PiercingWail","Well Laid Plans","Dagger Throw"],"picked":"SKIP","floor":38.0},{"not_picked":["Blade Dance","Flying Knee","Bouncing Flask+1"],"picked":"SKIP","floor":40.0},{"not_picked":["Footwork","Caltrops+1"],"picked":"Adrenaline","floor":41.0},{"not_picked":["Dash","Dodge and Roll","Skewer"],"picked":"SKIP","floor":42.0},{"not_picked":["Dagger Spray","Poisoned Stab","Acrobatics+1"],"picked":"SKIP","floor":45.0},{"not_picked":["Poisoned Stab","Underhanded Strike","Outmaneuver+1"],"picked":"SKIP","floor":46.0},{"not_picked":["Skewer","Quick Slash","Poisoned Stab+1"],"picked":"SKIP","floor":47.0},{"not_picked":["Blade Dance","Quick Slash","Dodge and Roll"],"picked":"SKIP","floor":48.0},{"not_picked":["Dagger Throw+1","Dagger Spray+1"],"picked":"Phantasmal Killer+1","floor":55.0}],"player_experience":1542397,"relics_obtained":[{"floor":6.0,"key":"Kunai"},{"floor":8.0,"key":"Boot"},{"floor":11.0,"key":"Unceasing Top"},{"floor":23.0,"key":"Peace Pipe"},{"floor":28.0,"key":"Vajra"},{"floor":39.0,"key":"Gambling Chip"},{"floor":40.0,"key":"Art of War"},{"floor":42.0,"key":"Juzu Bracelet"},{"floor":43.0,"key":"Pocketwatch"},{"floor":45.0,"key":"Blood Vial"},{"floor":48.0,"key":"Toxic Egg 2"},{"floor":55.0,"key":"Strawberry"}],"event_choices":[{"damage_healed":0.0,"max_hp_gain":0.0,"max_hp_loss":0.0,"gold_gain":0.0,"event_name":"Upgrade Shrine","player_choice":"Upgraded","floor":3.0,"gold_loss":0.0,"damage_taken":0.0,"cards_upgraded":["Well Laid Plans"]},{"cards_removed":["Neutralize"],"damage_healed":0.0,"max_hp_gain":0.0,"max_hp_loss":0.0,"gold_gain":0.0,"event_name":"Purifier","player_choice":"Purged","floor":29.0,"gold_loss":0.0,"damage_taken":0.0},{"damage_healed":0.0,"max_hp_gain":0.0,"max_hp_loss":0.0,"gold_gain":0.0,"event_name":"Tomb of Lord Red Mask","player_choice":"Ignored","floor":36.0,"gold_loss":0.0,"damage_taken":0.0},{"damage_healed":0.0,"max_hp_gain":0.0,"max_hp_loss":0.0,"gold_gain":0.0,"event_name":"SensoryStone","player_choice":"Memory 1","floor":37.0,"gold_loss":0.0,"damage_taken":0.0},{"damage_healed":0.0,"max_hp_gain":0.0,"max_hp_loss":0.0,"gold_gain":0.0,"event_name":"MindBloom","player_choice":"Fight","floor":39.0,"gold_loss":0.0,"damage_taken":0.0}],"is_beta":true,"boss_relics":[{"not_picked":["Velvet Choker","Calling Bell"],"picked":"Tiny House"},{"not_picked":["Runic Dome","Philosopher\u0027s Stone"],"picked":"Orrery"}],"items_purged_floors":[13,19,24],"is_endless":false,"potions_floor_spawned":[4,11,12,20,21,27,28,30,35,42,45,47,48,55],"ascension_level":20}