{"gold_per_floor":[109,89,100,114,124,124,140,160,186,198,245,257,289,314,326,338],"floor_reached":16,"playtime":347,"items_purged":[],"score":201,"play_id":"6f9d2586-6bec-4c14-9101-3d897764ca6d","local_time":"20181206143311","is_ascension_mode":true,"campfire_choices":[{"data":"Armaments","floor":6,"key":"SMITH"},{"data":"Infernal Blade","floor":10,"key":"SMITH"},{"floor":12,"key":"REST"},{"floor":15,"key":"REST"}],"neow_cost":"NONE","seed_source_timestamp":29501702467140,"circlet_count":0,"master_deck":["AscendersBane","Strike_R","Strike_R","Strike_R","Strike_R","Strike_R","Defend_R","Defend_R","Defend_R","Defend_R","Bash","Parasite","Pain","Doubt","Sword Boomerang","Blood for Blood","Armaments+1","Feel No Pain","Infernal Blade+1","Cleave","Seeing Red+1","Flex+1","Shockwave+1"],"relics":["Calling Bell","Bronze Scales","Paper Frog","Thread and Needle","MawBank","Toxic Egg 2"],"potions_floor_usage":[4,7,11,11],"damage_taken":[{"damage":3,"enemies":"2 Louse","floor":1,"turns":5},{"damage":2,"enemies":"Cultist","floor":3,"turns":3},{"damage":0,"enemies":"Small Slimes","floor":4,"turns":2},{"damage":7,"enemies":"Red Slaver","floor":5,"turns":4},{"damage":4,"enemies":"Large Slime","floor":7,"turns":3},{"damage":16,"enemies":"Blue Slaver","floor":8,"turns":4},{"damage":31,"enemies":"Gremlin Nob","floor":11,"turns":4},{"damage":13,"enemies":"Lots of Slimes","floor":13,"turns":4},{"damage":4,"enemies":"2 Fungi Beasts","floor":14,"turns":1},{"damage":0,"enemies":"The Guardian","floor":16,"turns":1}],"seed_played":"-7655298267162683441","potions_obtained":[{"floor":2,"key":"Swift Potion"},{"floor":3,"key":"AttackPotion"},{"floor":5,"key":"SteroidPotion"},{"floor":8,"key":"Poison Potion"},{"floor":14,"key":"LiquidBronze"}],"is_trial":false,"path_per_floor":["M","?","M","M","M","R","M","M","T","R","E","R","M","M","R","B"],"character_chosen":"IRONCLAD","items_purchased":[],"campfire_rested":2,"item_purchase_floors":[],"current_hp_per_floor":[65,65,63,63,56,56,52,36,36,36,5,27,14,10,32,32],"gold":338,"neow_bonus":"BOSS_RELIC","is_prod":false,"is_daily":false,"chose_seed":false,"campfire_upgraded":2,"win_rate":0,"timestamp":1544135591,"path_taken":["M","?","M","?","M","R","M","M","T","R","E","R","M","M","R","BOSS"],"build_version":"2018-12-05","purchased_purges":0,"victory":false,"max_hp_per_floor":[75,75,75,75,75,75,75,75,75,75,75,75,75,75,75,75],"card_choices":[{"not_picked":["Power Through","Pommel Strike"],"picked":"Sword Boomerang","floor":1},{"not_picked":["Burning Pact","Body Slam"],"picked":"Blood for Blood","floor":3},{"not_picked":["Wild Strike","Entrench"],"picked":"Armaments","floor":4},{"not_picked":["Flex","Body Slam"],"picked":"Feel No Pain","floor":5},{"not_picked":["Headbutt","Combust"],"picked":"Infernal Blade","floor":7},{"not_picked":["Perfected Strike","Flex"],"picked":"Cleave","floor":8},{"not_picked":["Warcry","Reckless Charge"],"picked":"Seeing Red","floor":11},{"not_picked":["Seeing Red+1","Hemokinesis"],"picked":"Flex+1","floor":13},{"not_picked":["Fiend Fire","Sword Boomerang"],"picked":"Shockwave+1","floor":14}],"player_experience":968797,"relics_obtained":[{"floor":0,"key":"Bronze Scales"},{"floor":0,"key":"Paper Frog"},{"floor":0,"key":"Thread and Needle"},{"floor":9,"key":"MawBank"},{"floor":11,"key":"Toxic Egg 2"}],"event_choices":[{"damage_healed":0,"gold_gain":0,"player_choice":"Bought 1 Potion","damage_taken":0,"max_hp_gain":0,"max_hp_loss":0,"event_name":"The Woman in Blue","floor":2,"gold_loss":0}],"is_beta":true,"boss_relics":[],"items_purged_floors":[],"is_endless":false,"potions_floor_spawned":[3,5,8,14],"killed_by":"The Guardian","ascension_level":18}