{"gold_per_floor":[109,124,139,151,29,54,16,49,49,49,69,87,106,125,125,125],"floor_reached":16,"playtime":1193,"items_purged":["Strike_R"],"score":116,"play_id":"ae5a00be-52f8-4922-8f32-3e91d6cd3f57","local_time":"20190708170736","is_ascension_mode":false,"campfire_choices":[{"data":"Armaments","floor":10,"key":"SMITH"},{"data":"Sentinel","floor":15,"key":"SMITH"}],"neow_cost":"NONE","seed_source_timestamp":618149127337424,"circlet_count":0,"master_deck":["Strike_R","Strike_R","Strike_R","Strike_R","Defend_R","Defend_R","Defend_R","Defend_R","Bash","True Grit","Armaments+1","Battle Trance","Corruption","Body Slam","Body Slam","Entrench","Headbutt","Cleave","Sentinel+1","Burning Pact"],"relics":["Burning Blood","Anchor","Orichalcum","Bottled Lightning"],"potions_floor_usage":[8,8,16,16],"damage_taken":[{"damage":3,"enemies":"Jaw Worm","floor":1,"turns":5},{"damage":6,"enemies":"2 Louse","floor":2,"turns":4},{"damage":2,"enemies":"Cultist","floor":3,"turns":4},{"damage":13,"enemies":"Exordium Wildlife","floor":4,"turns":10},{"damage":38,"enemies":"3 Sentries","floor":6,"turns":13},{"damage":24,"enemies":"Gremlin Nob","floor":8,"turns":5},{"damage":0,"enemies":"Large Slime","floor":11,"turns":5},{"damage":0,"enemies":"Looter","floor":12,"turns":2},{"damage":3,"enemies":"Gremlin Gang","floor":13,"turns":4},{"damage":4,"enemies":"Exordium Wildlife","floor":14,"turns":4},{"damage":42,"enemies":"The Guardian","floor":16,"turns":16}],"seed_played":"6870012883613057023","potions_obtained":[{"floor":3,"key":"SpeedPotion"},{"floor":4,"key":"Swift Potion"},{"floor":8,"key":"SpeedPotion"},{"floor":12,"key":"SkillPotion"}],"is_trial":false,"path_per_floor":["M","M","M","M","$","E","$","E","T","R","M","M","M","M","R","B"],"character_chosen":"IRONCLAD","items_purchased":["Body Slam","Entrench"],"campfire_rested":0,"item_purchase_floors":[5,7],"current_hp_per_floor":[80,80,80,73,73,41,41,23,23,23,29,35,38,40,40,0],"gold":125,"neow_bonus":"THREE_CARDS","is_prod":false,"is_daily":false,"chose_seed":false,"campfire_upgraded":2,"win_rate":0,"timestamp":1562573256,"path_taken":["M","M","M","M","$","E","$","E","T","R","M","M","M","M","R","BOSS"],"build_version":"2019-07-05","purchased_purges":1,"victory":false,"max_hp_per_floor":[80,80,80,80,80,80,80,80,80,80,80,80,80,80,80,80],"card_choices":[{"not_picked":["Heavy Blade","Searing Blow"],"picked":"True Grit","floor":0},{"not_picked":["Perfected Strike","Uppercut"],"picked":"Armaments","floor":1},{"not_picked":["Clothesline","Perfected Strike","Rupture"],"picked":"SKIP","floor":2},{"not_picked":["Iron Wave","Evolve"],"picked":"Battle Trance","floor":3},{"not_picked":["Wild Strike","Pommel Strike"],"picked":"Corruption","floor":4},{"not_picked":["Combust","Fire Breathing"],"picked":"Body Slam","floor":6},{"not_picked":["Sword Boomerang","Spot Weakness","Fire Breathing"],"picked":"SKIP","floor":8},{"not_picked":["Perfected Strike","Sword Boomerang"],"picked":"Headbutt","floor":11},{"not_picked":["Pommel Strike","Havoc"],"picked":"Cleave","floor":12},{"not_picked":["Iron Wave","Pommel Strike"],"picked":"Sentinel","floor":13},{"not_picked":["Carnage","Flex"],"picked":"Burning Pact","floor":14}],"player_experience":88340,"relics_obtained":[{"floor":6,"key":"Anchor"},{"floor":8,"key":"Orichalcum"},{"floor":9,"key":"Bottled Lightning"}],"event_choices":[],"is_beta":false,"boss_relics":[],"items_purged_floors":[5],"is_endless":false,"potions_floor_spawned":[3,4,8,12],"killed_by":"The Guardian","ascension_level":0}