{"path_per_floor":["M","?","?","$","M","M","R","E","T","$","T","M","?","M","R"],"character_chosen":"THE_SILENT","items_purchased":["Noxious Fumes","Backflip","Flying Knee"],"gold_per_floor":[114,114,114,20,35,50,50,80,155,29,79,94,126,141,141],"floor_reached":16,"campfire_rested":1,"playtime":1894,"current_hp_per_floor":[70,70,70,70,61,61,61,45,45,45,45,28,5,5,26],"items_purged":["Strike_G"],"gold":141,"score":100,"play_id":"d801232d-983d-411a-800c-46e550811b66","local_time":"20180303193135","daily_mods":[{"name":"All Star","description":"Start with 2 colorless cards.","modID":"Allstar","img":{"data":{"file":{"file":{"path":"images\\ui\\run_mods\\all_star.png"},"type":"Internal"},"width":64,"height":64,"format":"RGBA8888","useMipMaps":false,"isPrepared":false},"glTarget":3553,"glHandle":684,"minFilter":"Linear","magFilter":"Linear","uWrap":"ClampToEdge","vWrap":"ClampToEdge"},"positive":true},{"name":"Lethal Enemies","description":"All enemies start with +3 Strength.","modID":"Lethal Enemies","img":{"data":{"file":{"file":{"path":"images\\ui\\run_mods\\lethal_enemies.png"},"type":"Internal"},"width":64,"height":64,"format":"RGBA8888","useMipMaps":false,"isPrepared":false},"glTarget":3553,"glHandle":675,"minFilter":"Linear","magFilter":"Linear","uWrap":"ClampToEdge","vWrap":"ClampToEdge"},"positive":false},{"name":"Elite Swarm","description":"Elite enemies are swarming the Spire.","modID":"Elite Swarm","img":{"data":{"file":{"file":{"path":"images\\ui\\run_mods\\elite_swarm.png"},"type":"Internal"},"width":64,"height":64,"format":"RGBA8888","useMipMaps":false,"isPrepared":false},"glTarget":3553,"glHandle":674,"minFilter":"Linear","magFilter":"Linear","uWrap":"ClampToEdge","vWrap":"ClampToEdge"},"positive":false},{"name":"Restless Journey","description":"You no longer heal when entering new acts.","modID":"Restless Journey","img":{"data":{"file":{"file":{"path":"images\\ui\\run_mods\\restless_journey.png"},"type":"Internal"},"width":64,"height":64,"format":"RGBA8888","useMipMaps":false,"isPrepared":false},"glTarget":3553,"glHandle":676,"minFilter":"Linear","magFilter":"Linear","uWrap":"ClampToEdge","vWrap":"ClampToEdge"},"positive":false}],"is_prod":false,"is_daily":true,"is_ascension_mode":false,"campfire_upgraded":1,"timestamp":1520101895,"path_taken":["M","?","?","$","?","M","R","E","T","?","?","M","?","M","R","BOSS"],"build_version":"2018-03-01-PROD1","purchased_purges":1,"victory":false,"master_deck":["Defend_G","Defend_G","Defend_G","Defend_G","Defend_G","Strike_G","Strike_G","Strike_G","Survivor","Neutralize+1","Dark Shackles","Purity","Noxious Fumes","Backflip","Outmaneuver","Deflect","Dagger Throw+1","Flying Knee+1"],"max_hp_per_floor":[70,70,70,70,70,70,70,70,70,70,70,70,70,70,70],"relics":["Ring of the Snake","Molten Egg 2","Toolbox","Juzu Bracelet","Bag of Marbles"],"card_choices":[{"not_picked":["Slice","PiercingWail"],"picked":"Outmaneuver"},{"not_picked":["Backflip","Cloak And Dagger"],"picked":"Deflect"},{"not_picked":["Caltrops","Well Laid Plans"],"picked":"Dagger Throw"}],"player_experience":133266,"potions_floor_usage":[8,12,13,13,16],"damage_taken":[{"damage":0,"enemies":"Small Slimes","floor":1,"turns":4},{"damage":9,"enemies":"Cultist","floor":5,"turns":6},{"damage":0,"enemies":"2 Louse","floor":6,"turns":4},{"damage":16,"enemies":"Lagavulin","floor":8,"turns":10},{"damage":17,"enemies":"Gremlin Gang","floor":12,"turns":3},{"damage":23,"enemies":"Gremlin Nob","floor":13,"turns":5},{"damage":0,"enemies":"3 Louse","floor":14,"turns":2},{"damage":30,"enemies":"Hexaghost","floor":16,"turns":7}],"event_choices":[{"event_name":"The Lab","player_choice":"Got Potions","floor":2,"damage_taken":0},{"event_name":"Purifier","player_choice":"One Purge","floor":3,"damage_taken":0},{"event_name":"Dead Adventurer","player_choice":"Searched \u00271\u0027 times","floor":13,"damage_taken":0}],"boss_relics":[],"potions_floor_spawned":[5,8,13],"seed_played":"7095695899989429765","killed_by":"Hexaghost","ascension_level":0,"is_trial":false}