{"gold_per_floor":[166,184,201,201,201,233,233,158,158,176,92,111,111],"floor_reached":13,"playtime":357,"items_purged":["Defend_R"],"score":170,"play_id":"166c736a-2ae2-460f-b820-67b993880ab4","local_time":"20190213183012","is_ascension_mode":true,"campfire_choices":[],"neow_cost":"NONE","seed_source_timestamp":2619499616965,"circlet_count":0,"master_deck":["AscendersBane","Strike_R","Strike_R","Strike_R","Strike_R","Strike_R","Defend_R","Defend_R","Defend_R+1","Bash","Dropkick","Rage","Dropkick","Dual Wield"],"special_seed":0,"relics":["Tiny House","Singing Bowl","Peace Pipe","Golden Idol","Lantern"],"potions_floor_usage":[6,6],"damage_taken":[{"damage":6.0,"enemies":"Cultist","floor":1.0,"turns":3.0},{"damage":2.0,"enemies":"2 Louse","floor":2.0,"turns":3.0},{"damage":1.0,"enemies":"Small Slimes","floor":3.0,"turns":4.0},{"damage":37,"enemies":"3 Sentries","floor":6,"turns":13},{"damage":7,"enemies":"Blue Slaver","floor":10,"turns":5},{"damage":0,"enemies":"Looter","floor":12,"turns":2},{"damage":14,"enemies":"Lagavulin","floor":13,"turns":7}],"seed_played":"-819129868241838138","potions_obtained":[{"floor":0.0,"key":"Weak Potion"},{"floor":2.0,"key":"Fruit Juice"},{"floor":3.0,"key":"Weak Potion"}],"is_trial":false,"path_per_floor":["M","M","M","?","?","E","?","$","T","M","$","M","E"],"character_chosen":"IRONCLAD","items_purchased":["Dropkick"],"campfire_rested":0,"item_purchase_floors":[11],"current_hp_per_floor":[67,65,69,58,63,28,28,28,28,23,23,23,9],"gold":111,"neow_bonus":"BOSS_RELIC","is_prod":false,"is_daily":false,"chose_seed":false,"campfire_upgraded":0,"win_rate":0,"timestamp":1550111412,"path_taken":["M","M","?","?","?","E","?","?","T","M","$","M","E"],"build_version":"2019-02-06","purchased_purges":1,"victory":false,"max_hp_per_floor":[80,80,85,85,90,92,83,83,83,85,85,85,85],"card_choices":[{"not_picked":["Entrench","Battle Trance"],"picked":"Dropkick","floor":1.0},{"not_picked":["Headbutt","Battle Trance"],"picked":"Rage","floor":3.0},{"not_picked":["Corruption","Fire Breathing","Pummel"],"picked":"Singing Bowl","floor":6},{"not_picked":["Shrug It Off","Cleave","Wild Strike"],"picked":"Singing Bowl","floor":10},{"not_picked":["Entrench","Perfected Strike"],"picked":"Dual Wield","floor":12}],"player_experience":1160950,"relics_obtained":[{"floor":6,"key":"Peace Pipe"},{"floor":9,"key":"Lantern"}],"event_choices":[{"damage_healed":0.0,"max_hp_gain":0.0,"max_hp_loss":0.0,"gold_gain":0.0,"event_name":"Scrap Ooze","player_choice":"Success","floor":4.0,"gold_loss":0.0,"damage_taken":11.0,"relics_obtained":["Singing Bowl"]},{"damage_healed":0.0,"max_hp_gain":5.0,"max_hp_loss":0.0,"gold_gain":0.0,"event_name":"Big Fish","player_choice":"Donut","floor":5.0,"gold_loss":0.0,"damage_taken":0.0},{"damage_healed":0,"gold_gain":0,"player_choice":"Lose Max HP","damage_taken":0,"relics_obtained":["Golden Idol"],"max_hp_gain":0,"max_hp_loss":9,"event_name":"Golden Idol","floor":7,"gold_loss":0}],"is_beta":true,"boss_relics":[],"items_purged_floors":[8],"is_endless":false,"potions_floor_spawned":[2,3],"killed_by":"Lagavulin","ascension_level":20}