{"gold_per_floor":[110,110,127,145,29,29,41,66,113,143,143,161,0,0,0,72,72,87,99,0,0,0,0,0,0,45,61,92,105,105,105,105,179,179,198,37,49,49,65,65,99,99,99,117,7,22,22,42,42,42,42],"floor_reached":52,"playtime":2804,"items_purged":["Decay"],"score":2120,"play_id":"87195ec9-cb1a-4f7a-b069-10375448269e","local_time":"20181206141508","is_ascension_mode":true,"campfire_choices":[{"data":"Rainbow","floor":6.0,"key":"SMITH"},{"data":"Go for the Eyes","floor":11.0,"key":"SMITH"},{"data":"Creative AI","floor":15.0,"key":"SMITH"},{"data":"Blizzard","floor":23.0,"key":"SMITH"},{"data":"Biased Cognition","floor":25.0,"key":"SMITH"},{"data":"Seek","floor":30.0,"key":"SMITH"},{"floor":32.0,"key":"REST"},{"data":"Multi-Cast","floor":40.0,"key":"SMITH"},{"floor":42.0,"key":"REST"},{"floor":47,"key":"REST"},{"floor":49,"key":"REST"}],"neow_cost":"NONE","seed_source_timestamp":0,"circlet_count":0,"master_deck":["AscendersBane","Defend_B","Defend_B","Defend_B","Zap","Dualcast","Glacier","Hello World","Coolheaded","Hologram","White Noise","Ball Lightning+1","Ball Lightning+1","Rainbow+1","Capacitor","Auto Shields","White Noise","Go for the Eyes+1","Capacitor","Turbo","Creative AI+1","Seek+1","Coolheaded+1","Loop","Blizzard+1","Coolheaded","Multi-Cast+1","Biased Cognition+1","Hello World","Stack","Core Surge","Electrodynamics","Stack","Glacier","Steam+1","Static Discharge","Hello World","Cold Snap","Skim","Reinforced Body","Blizzard","Stack"],"special_seed":0,"relics":["Orrery","Cables","DataDisk","Pen Nib","Nuclear Battery","Bronze Scales","Whetstone","Sozu","Dream Catcher","Darkstone Periapt"],"potions_floor_usage":[],"damage_taken":[{"damage":14.0,"enemies":"2 Louse","floor":1.0,"turns":5.0},{"damage":0.0,"enemies":"Cultist","floor":3.0,"turns":4.0},{"damage":10.0,"enemies":"Jaw Worm","floor":4.0,"turns":5.0},{"damage":7.0,"enemies":"Exordium Wildlife","floor":7.0,"turns":4.0},{"damage":1.0,"enemies":"Lagavulin","floor":8.0,"turns":6.0},{"damage":0.0,"enemies":"3 Sentries","floor":10.0,"turns":7.0},{"damage":0.0,"enemies":"Looter","floor":12.0,"turns":4.0},{"damage":16.0,"enemies":"Hexaghost","floor":16.0,"turns":9.0},{"damage":0.0,"enemies":"Spheric Guardian","floor":18.0,"turns":4.0},{"damage":10.0,"enemies":"Shell Parasite","floor":19.0,"turns":6.0},{"damage":1.0,"enemies":"3 Cultists","floor":27.0,"turns":4.0},{"damage":0.0,"enemies":"Book of Stabbing","floor":28.0,"turns":4.0},{"damage":2.0,"enemies":"Snake Plant","floor":29.0,"turns":4.0},{"damage":0.0,"enemies":"Champ","floor":33.0,"turns":9.0},{"damage":0.0,"enemies":"3 Darklings","floor":35.0,"turns":4.0},{"damage":11.0,"enemies":"Orb Walker","floor":37.0,"turns":4.0},{"damage":0.0,"enemies":"Maw","floor":39.0,"turns":8.0},{"damage":30.0,"enemies":"Nemesis","floor":41.0,"turns":7.0},{"damage":13.0,"enemies":"4 Shapes","floor":44.0,"turns":4.0},{"damage":29,"enemies":"3 Darklings","floor":46,"turns":6},{"damage":3,"enemies":"Maw","floor":48,"turns":11},{"damage":0,"enemies":"Donu and Deca","floor":50,"turns":11},{"damage":18,"enemies":"Time Eater","floor":51,"turns":11}],"seed_played":"-1826310446630499405","potions_obtained":[{"floor":1.0,"key":"Ancient Potion"},{"floor":4.0,"key":"PowerPotion"},{"floor":10.0,"key":"Weak Potion"},{"floor":16.0,"key":"AttackPotion"},{"floor":33.0,"key":"Swift Potion"}],"is_trial":false,"path_per_floor":["M","?","M","M","$","R","M","E","T","E","R","M","$","?","R","B",null,"M","M","$","?","?","R","$","R","T","M","E","M","R","?","R","B",null,"M","$","M","?","M","R","E","R","T","M","?","M","R","M","R","B","B",null],"character_chosen":"DEFECT","items_purchased":["Capacitor","Auto Shields","Creative AI","Blizzard","Coolheaded","Glacier"],"campfire_rested":4,"item_purchase_floors":[5,5,13,20,20,36],"current_hp_per_floor":[50,50,50,40,40,40,33,32,32,32,32,32,32,32,32,16,57,57,47,47,47,47,47,47,47,47,46,46,44,44,44,65,65,70,70,70,59,59,59,59,29,50,50,37,37,8,29,26,47,47,29],"gold":42,"neow_bonus":"BOSS_RELIC","is_prod":false,"is_daily":false,"chose_seed":false,"campfire_upgraded":7,"win_rate":0,"timestamp":1544134508,"path_taken":["M","?","?","M","$","R","M","E","T","E","R","M","?","?","R","BOSS","M","M","$","?","?","R","?","R","T","M","E","?","R","?","R","BOSS","M","$","M","?","?","R","E","R","T","M","?","M","R","M","R","BOSS","BOSS"],"build_version":"2018-12-05","purchased_purges":1,"victory":true,"max_hp_per_floor":[71,71,71,71,71,71,71,71,71,71,71,71,71,71,71,71,71,71,71,71,71,71,71,71,71,71,71,71,71,71,71,71,71,71,71,71,71,71,71,71,71,71,71,71,71,71,71,71,71,71,71],"card_choices":[{"not_picked":["Self Repair","Leap"],"picked":"Glacier","floor":0.0},{"not_picked":["Self Repair","Coolheaded"],"picked":"Hello World","floor":0.0},{"not_picked":["Loop","Stack"],"picked":"Coolheaded","floor":0.0},{"not_picked":["Heatsinks","Beam Cell"],"picked":"Hologram","floor":0.0},{"not_picked":["Steam","Ball Lightning"],"picked":"White Noise","floor":0.0},{"not_picked":["Compile Driver","Lockon"],"picked":"Ball Lightning","floor":1.0},{"not_picked":["Tempest","Coolheaded"],"picked":"Ball Lightning","floor":3.0},{"not_picked":["Force Field","Go for the Eyes"],"picked":"Rainbow","floor":4.0},{"not_picked":["Undo","Force Field"],"picked":"White Noise","floor":7.0},{"not_picked":["Gash","White Noise"],"picked":"Go for the Eyes","floor":8.0},{"not_picked":["Cold Snap","Genetic Algorithm"],"picked":"Capacitor","floor":10.0},{"not_picked":["Aggregate","Sweeping Beam"],"picked":"Turbo","floor":12.0},{"not_picked":["Buffer","Thunder Strike"],"picked":"Seek","floor":16.0},{"not_picked":["Go for the Eyes","Leap"],"picked":"Coolheaded","floor":18.0},{"not_picked":["Gash","Cold Snap"],"picked":"Loop","floor":19.0},{"not_picked":["Rebound+1","Go for the Eyes"],"picked":"Hello World","floor":27.0},{"not_picked":["Cold Snap","Lockon"],"picked":"Stack","floor":28.0},{"not_picked":["Redo+1","Storm"],"picked":"Core Surge","floor":29.0},{"not_picked":["Seek","Hyperbeam"],"picked":"Electrodynamics","floor":33.0},{"not_picked":["Ball Lightning+1","Rebound"],"picked":"Stack","floor":35.0},{"not_picked":["Hologram","Rebound"],"picked":"Steam+1","floor":37.0},{"not_picked":["Go for the Eyes+1","Scrape+1"],"picked":"Hello World","floor":39.0},{"not_picked":["Leap","Self Repair"],"picked":"Cold Snap","floor":41.0},{"not_picked":["Undo+1","Beam Cell+1"],"picked":"Skim","floor":42.0},{"not_picked":["Gash","Barrage"],"picked":"Reinforced Body","floor":44.0},{"not_picked":["Streamline","Auto Shields"],"picked":"Blizzard","floor":47},{"not_picked":["Streamline","White Noise"],"picked":"Stack","floor":48}],"player_experience":965418,"relics_obtained":[{"floor":8.0,"key":"Cables"},{"floor":9.0,"key":"DataDisk"},{"floor":10.0,"key":"Pen Nib"},{"floor":26.0,"key":"Bronze Scales"},{"floor":28.0,"key":"Whetstone"},{"floor":41.0,"key":"Dream Catcher"},{"floor":43.0,"key":"Darkstone Periapt"}],"event_choices":[{"cards_removed":["Strike_B"],"damage_healed":0.0,"max_hp_gain":0.0,"max_hp_loss":0.0,"gold_gain":0.0,"event_name":"Wheel of Change","player_choice":"Card Removal","floor":2.0,"gold_loss":0.0,"damage_taken":0.0},{"damage_healed":0.0,"max_hp_gain":0.0,"max_hp_loss":0.0,"gold_gain":0.0,"event_name":"The Cleric","player_choice":"Leave","floor":14.0,"gold_loss":0.0,"damage_taken":0.0},{"damage_healed":0.0,"max_hp_gain":0.0,"max_hp_loss":0.0,"gold_gain":0.0,"cards_transformed":["Strike_B","Strike_B"],"event_name":"Drug Dealer","player_choice":"Became Test Subject","floor":21.0,"gold_loss":0.0,"damage_taken":0.0,"cards_obtained":["Multi-Cast","Biased Cognition"]},{"damage_healed":0.0,"max_hp_gain":0.0,"max_hp_loss":0.0,"gold_gain":0.0,"event_name":"Ghosts","player_choice":"Ignored","floor":22.0,"gold_loss":0.0,"damage_taken":0.0},{"damage_healed":0.0,"max_hp_gain":0.0,"max_hp_loss":0.0,"gold_gain":0.0,"event_name":"Forgotten Altar","player_choice":"Smashed Altar","floor":31.0,"gold_loss":0.0,"damage_taken":0.0,"cards_obtained":["Decay"]},{"damage_healed":0.0,"max_hp_gain":0.0,"max_hp_loss":0.0,"gold_gain":0.0,"cards_transformed":["Strike_B"],"event_name":"Transmorgrifier","player_choice":"Transformed","floor":38.0,"gold_loss":0.0,"damage_taken":0.0,"cards_obtained":["Static Discharge"]},{"cards_removed":["Defend_B"],"damage_healed":0.0,"max_hp_gain":0.0,"max_hp_loss":0.0,"gold_gain":0.0,"event_name":"Designer","player_choice":"Upgrade and Remove","floor":45.0,"gold_loss":110.0,"damage_taken":0.0,"cards_upgraded":["Coolheaded"]}],"is_beta":true,"boss_relics":[{"not_picked":["Lizard Tail","Eternal Feather"],"picked":"Nuclear Battery"},{"not_picked":["Inserter","Coffee Dripper"],"picked":"Sozu"}],"items_purged_floors":[36],"is_endless":false,"potions_floor_spawned":[1,4,10,16,18,19,33,39,44,46],"ascension_level":20}