{"path_per_floor":["M","?","?","?","M","R","M","R","T","R","E","R","M","M","R","B",null,"M","M","?","$","M","R","?","R","T","E","R","M","?","M","R","B",null,"M","M","T","M","?","R","M","R","T","R","M","R","M","E","R","B"],"character_chosen":"THE_SILENT","items_purchased":["Noxious Fumes","Catalyst","Paper Crane"],"gold_per_floor":[112,112,112,112,126,126,141,141,217,217,252,252,262,275,275,372,372,390,403,493,36,50,50,50,50,50,82,82,100,100,112,112,210,210,230,244,244,264,264,264,276,276,276,276,293,293,307,339,339,339],"floor_reached":51,"campfire_rested":4,"playtime":6628,"current_hp_per_floor":[69,55,43,66,65,65,62,62,62,62,44,44,44,45,45,29,70,61,61,45,45,36,44,28,57,57,50,58,40,40,47,55,43,70,63,20,20,19,19,48,22,32,32,42,43,70,63,43,70,44],"items_purged":["Strike_G"],"gold":339,"score":548,"play_id":"d75535d8-4bd9-4246-b4f9-9841f7ac18ea","is_prod":false,"is_daily":false,"is_ascension_mode":true,"campfire_upgraded":8,"path_taken":["M","?","?","?","M","R","M","R","T","R","E","R","M","?","R","BOSS","M","M","?","$","?","R","?","R","T","E","R","M","?","?","R","BOSS","M","M","?","M","?","R","M","R","T","R","M","R","M","E","R","BOSS"],"build_version":"2018-02-22-PROD2","purchased_purges":1,"victory":true,"master_deck":["Defend_G","Defend_G","Defend_G","Defend_G+1","Defend_G","Strike_G+1","Strike_G+1","Survivor+1","Neutralize+1","Catalyst+1","Dagger Throw+1","Outmaneuver+1","Flying Knee+1","Skewer+1","Deadly Poison","Adrenaline","Flying Knee+1","Bouncing Flask+1","Noxious Fumes","Catalyst+1","Acrobatics+1","Tools of the Trade","Deadly Poison+1","Footwork+1","Malaise+1","Calculated Gamble+1","Deflect+1"],"max_hp_per_floor":[70,70,70,70,70,70,70,70,70,70,70,70,70,70,70,70,70,70,70,70,70,70,70,70,70,70,70,70,70,70,70,70,70,70,70,70,70,70,70,70,70,70,70,70,70,70,70,70,70,70],"relics":["Ring of the Snake","Centennial Puzzle","Meat on the Bone","Mercury Hourglass","Eternal Feather","Paper Crane","Nilry\u0027s Codex","Tingsha","Blood Vial","Lizard Tail","Shovel","Whetstone","Smiling Mask","Toxic Egg 2","Oddly Smooth Stone"],"card_choices":[{"not_picked":["Outmaneuver","Poisoned Stab"],"picked":"Catalyst"},{"not_picked":["Deflect","Acrobatics"],"picked":"Dagger Throw"},{"not_picked":["Choke","Dodge and Roll"],"picked":"Outmaneuver"},{"not_picked":["PiercingWail","Outmaneuver"],"picked":"Flying Knee"},{"not_picked":["Sucker Punch","Reflex"],"picked":"Skewer"},{"not_picked":["Accuracy","Endless Agony"],"picked":"Deadly Poison"},{"not_picked":["Phantasmal Killer","Glass Knife"],"picked":"Adrenaline"},{"not_picked":["Backstab","Slice"],"picked":"Flying Knee"},{"not_picked":["Dagger Throw","Eviscerate"],"picked":"Bouncing Flask"},{"not_picked":["Masterful Stab","Blade Dance"],"picked":"Acrobatics"},{"not_picked":["Doppelganger","Glass Knife"],"picked":"Tools of the Trade"},{"not_picked":["Deflect","Dagger Throw"],"picked":"Deadly Poison"},{"not_picked":["Underhanded Strike","Predator"],"picked":"Footwork"},{"not_picked":["Distraction","Cloak And Dagger"],"picked":"Malaise"},{"not_picked":["Choke","PiercingWail"],"picked":"Calculated Gamble"},{"not_picked":["Deadly Poison","Blur"],"picked":"Deflect"}],"player_experience":123101,"potions_floor_usage":[47,48,48],"damage_taken":[{"damage":1.0,"enemies":"2 Louse","floor":1.0,"turns":3.0},{"damage":1.0,"enemies":"Cultist","floor":5.0,"turns":4.0},{"damage":3.0,"enemies":"Small Slimes","floor":7.0,"turns":3.0},{"damage":18.0,"enemies":"Lagavulin","floor":11.0,"turns":7.0},{"damage":0.0,"enemies":"Looter","floor":13.0,"turns":3.0},{"damage":11.0,"enemies":"3 Louse","floor":14.0,"turns":3.0},{"damage":28.0,"enemies":"The Guardian","floor":16.0,"turns":8.0},{"damage":9.0,"enemies":"Shell Parasite","floor":18.0,"turns":3.0},{"damage":0.0,"enemies":"Chosen","floor":19.0,"turns":3.0},{"damage":9.0,"enemies":"3 Cultists","floor":22.0,"turns":6.0},{"damage":7.0,"enemies":"Book of Stabbing","floor":27.0,"turns":3.0},{"damage":32.0,"enemies":"Centurion and Healer","floor":29.0,"turns":5.0},{"damage":7.0,"enemies":"Snecko","floor":31.0,"turns":4.0},{"damage":14.0,"enemies":"Champ","floor":33.0,"turns":5.0},{"damage":7,"enemies":"Orb Walker","floor":35,"turns":3},{"damage":57,"enemies":"3 Shapes","floor":36,"turns":5},{"damage":15,"enemies":"3 Darklings","floor":38,"turns":6},{"damage":40,"enemies":"Sphere and 2 Shapes","floor":41,"turns":5},{"damage":1,"enemies":"Maw","floor":45,"turns":7},{"damage":7,"enemies":"3 Darklings","floor":47,"turns":6},{"damage":69,"enemies":"2 Orb Walkers","floor":48,"turns":6},{"damage":38,"enemies":"Time Eater","floor":50,"turns":15}],"event_choices":[{"event_name":"Shining Light","player_choice":"Entered Light","floor":2.0,"damage_taken":0.0},{"event_name":"Scrap Ooze","player_choice":"success","floor":3.0,"damage_taken":12.0},{"event_name":"Big Fish","player_choice":"Banana","floor":4.0,"damage_taken":0.0},{"event_name":"Knowing Skull","player_choice":"GOLD ","floor":20.0,"damage_taken":0.0},{"event_name":"Cursed Tome","player_choice":"Obtained Book","floor":24.0,"damage_taken":0.0},{"event_name":"Bonfire Elementals","player_choice":"BASIC","floor":30.0,"damage_taken":0.0},{"event_name":"Purifier","player_choice":"One Purge","floor":39,"damage_taken":0}],"boss_relics":[{"not_picked":["Tiny House","Question Card"],"picked":"Lizard Tail"}],"potions_floor_spawned":[5,11,14,18,29,41],"seed_played":"-4852495579059327445","ascension_level":1,"is_trial":false}