{"gold_per_floor":[114,114,138,159,159,159,198,198,198,198,217,217,238,263,263,263],"floor_reached":16,"playtime":416,"items_purged":[],"score":194,"play_id":"c06353d9-d226-46a4-9758-812bd2331a1b","local_time":"20190822150442","is_ascension_mode":true,"campfire_choices":[{"data":"Streamline","floor":6,"key":"SMITH"},{"floor":8,"key":"REST"},{"floor":10,"key":"REST"},{"floor":15,"key":"REST"}],"neow_cost":"NONE","seed_source_timestamp":182664013303800,"circlet_count":0,"master_deck":["AscendersBane","Strike_B","Strike_B","Strike_B","Strike_B","Defend_B","Defend_B","Defend_B","Defend_B","Zap","Dualcast","Streamline+1","Injury","Gash","Capacitor","Pain","Hologram","Ball Lightning+1","Cold Snap+1","All For One+1","Gash+1","White Noise"],"relics":["Cracked Core","NeowsBlessing","Golden Idol","WarpedTongs","Molten Egg 2","Gremlin Horn"],"potions_floor_usage":[13,16],"damage_taken":[{"damage":0,"enemies":"Jaw Worm","floor":1,"turns":1},{"damage":0,"enemies":"Small Slimes","floor":3,"turns":1},{"damage":0,"enemies":"Cultist","floor":4,"turns":1},{"damage":58,"enemies":"Gremlin Nob","floor":7,"turns":5},{"damage":7,"enemies":"Large Slime","floor":11,"turns":5},{"damage":23,"enemies":"Exordium Thugs","floor":13,"turns":4},{"damage":14,"enemies":"Lots of Slimes","floor":14,"turns":2},{"damage":29,"enemies":"The Guardian","floor":16,"turns":4}],"seed_played":"-6408401561536576267","potions_obtained":[{"floor":7,"key":"LiquidBronze"},{"floor":11,"key":"Dexterity Potion"},{"floor":14,"key":"AttackPotion"}],"is_trial":false,"path_per_floor":["M","?","M","M","?","R","E","R","T","R","M","?","M","M","R","B"],"character_chosen":"DEFECT","items_purchased":[],"campfire_rested":3,"item_purchase_floors":[],"current_hp_per_floor":[64,64,64,64,64,64,6,27,27,48,41,41,18,4,25,0],"gold":263,"neow_bonus":"THREE_ENEMY_KILL","is_prod":false,"is_daily":false,"chose_seed":false,"campfire_upgraded":1,"win_rate":0,"timestamp":1566453882,"path_taken":["M","?","M","M","?","R","E","R","T","R","?","?","M","M","R","BOSS"],"build_version":"2019-07-17","purchased_purges":0,"victory":false,"max_hp_per_floor":[71,71,71,71,71,71,71,71,71,71,71,71,71,71,71,71],"card_choices":[{"not_picked":["Barrage","Go for the Eyes"],"picked":"Streamline","floor":1},{"not_picked":["Hologram","Go for the Eyes"],"picked":"Gash","floor":3},{"not_picked":["Chill","Glacier"],"picked":"Capacitor","floor":4},{"not_picked":["Reprogram","Sweeping Beam"],"picked":"Hologram","floor":7},{"not_picked":["Hello World","Rip and Tear+1"],"picked":"Ball Lightning+1","floor":11},{"not_picked":["Sweeping Beam+1","Redo"],"picked":"Gash+1","floor":13},{"not_picked":["Go for the Eyes+1","BootSequence"],"picked":"White Noise","floor":14}],"player_experience":219739,"relics_obtained":[{"floor":7,"key":"Molten Egg 2"},{"floor":9,"key":"Gremlin Horn"}],"event_choices":[{"damage_healed":0,"gold_gain":0,"player_choice":"Take Wound","damage_taken":0,"relics_obtained":["Golden Idol"],"max_hp_gain":0,"max_hp_loss":0,"event_name":"Golden Idol","floor":2,"gold_loss":0,"cards_obtained":["Injury"]},{"damage_healed":0,"gold_gain":0,"player_choice":"Rummage","damage_taken":0,"relics_obtained":["WarpedTongs"],"max_hp_gain":0,"max_hp_loss":0,"event_name":"Accursed Blacksmith","floor":5,"gold_loss":0,"cards_obtained":["Pain"]},{"damage_healed":0,"gold_gain":0,"player_choice":"2 cards matched","damage_taken":0,"max_hp_gain":0,"max_hp_loss":0,"event_name":"Match and Keep!","floor":12,"gold_loss":0,"cards_obtained":["Cold Snap","All For One"]}],"is_beta":false,"boss_relics":[],"items_purged_floors":[],"is_endless":false,"potions_floor_spawned":[7,11,14],"killed_by":"The Guardian","ascension_level":18}