{"gold_per_floor":[109,8,8,108,125,125,50,50,50,61,73,73,73,84,84,84],"floor_reached":16,"playtime":314,"items_purged":[],"score":158,"play_id":"d84d84bf-94d2-47fb-affa-656016276cbc","local_time":"20180714154553","is_ascension_mode":true,"campfire_choices":[{"data":"Neutralize","floor":6,"key":"SMITH"},{"data":"Defend_G","floor":8,"key":"PURGE"},{"data":"Defend_G","floor":13,"key":"PURGE"},{"data":"Defend_G","floor":15,"key":"PURGE"}],"neow_cost":"FIFTY_PERCENT_DAMAGE","seed_source_timestamp":313175855184681,"circlet_count":0,"master_deck":["Defend_G","Defend_G","Strike_G","Strike_G","Strike_G","Strike_G","Survivor","Neutralize+1","AscendersBane","Finesse","Dagger Spray","Backflip","Backflip"],"relics":["Ring of the Snake","Peace Pipe","Regal Pillow","The Specimen"],"potions_floor_usage":[],"damage_taken":[{"damage":2,"enemies":"Cultist","floor":1,"turns":5},{"damage":1,"enemies":"2 Louse","floor":5,"turns":3},{"damage":2,"enemies":"Jaw Worm","floor":10,"turns":4},{"damage":0,"enemies":"Large Slime","floor":11,"turns":6},{"damage":0,"enemies":"Exordium Wildlife","floor":14,"turns":3},{"damage":6,"enemies":"Hexaghost","floor":16,"turns":7}],"seed_played":"869973384466908434","potions_obtained":[{"floor":1,"key":"SteroidPotion"},{"floor":10,"key":"FairyPotion"}],"is_trial":false,"path_per_floor":["M","$","T","?","M","R","?","R","T","M","M","$","R","M","R"],"character_chosen":"THE_SILENT","items_purchased":["Finesse"],"campfire_rested":0,"item_purchase_floors":[2],"current_hp_per_floor":[28,28,28,28,27,27,27,27,27,25,25,25,25,25,25,19],"gold":84,"neow_bonus":"ONE_RARE_RELIC","is_prod":false,"is_daily":false,"chose_seed":false,"campfire_upgraded":1,"win_rate":0,"timestamp":1531608353,"path_taken":["M","$","?","?","M","R","?","R","T","M","M","$","R","M","R","BOSS"],"build_version":"2018-07-13","purchased_purges":0,"victory":false,"max_hp_per_floor":[66,66,66,66,66,66,66,66,66,66,66,66,66,66,66,66],"card_choices":[{"not_picked":["Concentrate","Flechettes"],"picked":"Dagger Spray","floor":5},{"not_picked":["Storm of Steel","Escape Plan"],"picked":"Backflip","floor":11},{"not_picked":["Distraction","Infinite Blades"],"picked":"Backflip","floor":14}],"player_experience":642255,"relics_obtained":[{"floor":3,"key":"Regal Pillow"},{"floor":9,"key":"The Specimen"}],"event_choices":[{"event_name":"Wheel of Change","player_choice":"Gold","floor":4,"damage_taken":0},{"event_name":"The Cleric","player_choice":"Card Removal","floor":7,"damage_taken":0}],"boss_relics":[],"items_purged_floors":[],"is_endless":false,"potions_floor_spawned":[1,10],"killed_by":"Hexaghost","ascension_level":15}