{"gold_per_floor":[117,37,37,57,81,81,115,115,115,115,140,159,159,170,170,244,244,255,255,273,287,69,69,69,98,125,86,86,111,111,26,26,101,101,120,120,135,135,145,145,160,160,160,176,193,226,226,10,10,10,10],"floor_reached":52,"playtime":1765,"items_purged":["Strike_R"],"score":1877,"play_id":"2571e4da-6e1d-4211-a9b5-953ddb0f0794","local_time":"20190219185019","is_ascension_mode":true,"campfire_choices":[{"data":"Bash","floor":6.0,"key":"SMITH"},{"data":"Spot Weakness","floor":8.0,"key":"SMITH"},{"data":"Uppercut","floor":13.0,"key":"SMITH"},{"data":"Inflame","floor":15.0,"key":"SMITH"},{"data":"Armaments","floor":23.0,"key":"SMITH"},{"data":"True Grit","floor":28.0,"key":"SMITH"},{"data":"Shockwave","floor":30.0,"key":"SMITH"},{"data":"Limit Break","floor":32.0,"key":"SMITH"},{"data":"Disarm","floor":40,"key":"SMITH"},{"data":"Flame Barrier","floor":42,"key":"SMITH"},{"floor":47,"key":"REST"},{"floor":49,"key":"REST"}],"neow_cost":"NONE","seed_source_timestamp":0,"circlet_count":0,"master_deck":["AscendersBane","Strike_R+1","Strike_R+1","Strike_R+1","Strike_R+1","Defend_R+1","Defend_R+1","Bash+1","Inflame+1","Spot Weakness+1","Twin Strike","Anger","Uppercut+1","Power Through","Feed","Reaper","Armaments+1","Flame Barrier+1","Disarm+1","True Grit+1","Impervious","Shockwave+1","Spot Weakness","Limit Break+1","Fiend Fire","Intimidate+1","Whirlwind+1","Shrug It Off+1","Exhume","Flame Barrier+1","Havoc+1"],"special_seed":0,"relics":["Burning Blood","NeowsBlessing","Centennial Puzzle","Vajra","Pear","Orichalcum","Sozu","Bird Faced Urn","Bag of Marbles","Prayer Wheel","Mark of Pain","FossilizedHelix","Toxic Egg 2","Chemical X"],"potions_floor_usage":[],"damage_taken":[{"damage":0.0,"enemies":"Jaw Worm","floor":1.0,"turns":1.0},{"damage":0.0,"enemies":"2 Louse","floor":4.0,"turns":1.0},{"damage":0.0,"enemies":"Lagavulin","floor":7.0,"turns":1.0},{"damage":10.0,"enemies":"3 Sentries","floor":11.0,"turns":4.0},{"damage":0.0,"enemies":"Small Slimes","floor":12.0,"turns":2.0},{"damage":0.0,"enemies":"Looter","floor":14.0,"turns":2.0},{"damage":31.0,"enemies":"Slime Boss","floor":16.0,"turns":9.0},{"damage":13.0,"enemies":"Shell Parasite","floor":18.0,"turns":2.0},{"damage":17.0,"enemies":"2 Thieves","floor":20.0,"turns":4.0},{"damage":19.0,"enemies":"Snake Plant","floor":21.0,"turns":3.0},{"damage":18.0,"enemies":"Slavers","floor":25.0,"turns":8.0},{"damage":9.0,"enemies":"Gremlin Leader","floor":29.0,"turns":6.0},{"damage":30.0,"enemies":"Collector","floor":33.0,"turns":9.0},{"damage":6,"enemies":"Orb Walker","floor":35,"turns":2},{"damage":2,"enemies":"3 Shapes","floor":37,"turns":7},{"damage":24,"enemies":"Maw","floor":39,"turns":6},{"damage":22,"enemies":"Jaw Worm Horde","floor":41,"turns":3},{"damage":18,"enemies":"Spire Growth","floor":44,"turns":5},{"damage":24,"enemies":"Sphere and 2 Shapes","floor":45,"turns":10},{"damage":17,"enemies":"Reptomancer","floor":46,"turns":7},{"damage":74,"enemies":"Time Eater","floor":50,"turns":13},{"damage":49,"enemies":"Awakened One","floor":51,"turns":9}],"seed_played":"459952997610001886","potions_obtained":[{"floor":4.0,"key":"AttackPotion"},{"floor":7.0,"key":"Energy Potion"},{"floor":12.0,"key":"Explosive Potion"},{"floor":16.0,"key":"Fire Potion"}],"is_trial":false,"path_per_floor":["M","$","?","M","T","R","E","R","T","?","E","M","R","M","R","B",null,"M","?","M","M","$","R","?","E","T","$","R","E","R","$","R","B",null,"M","?","M","?","M","R","M","R","T","M","M","E","R","$","R","B","B",null],"character_chosen":"IRONCLAD","items_purchased":["Spot Weakness","Disarm","True Grit","Shockwave","Limit Break","Chemical X"],"campfire_rested":2,"item_purchase_floors":[2,22,22,27,31,48],"current_hp_per_floor":[74,74,51,57,57,57,63,63,73,66,62,68,68,74,74,49,76,72,72,67,54,54,54,54,67,67,67,67,88,88,88,88,88,88,88,88,91,91,79,79,78,78,78,68,73,64,93,93,97,31,8],"gold":10,"neow_bonus":"THREE_ENEMY_KILL","is_prod":false,"is_daily":false,"chose_seed":false,"campfire_upgraded":10,"win_rate":0,"timestamp":1550631019,"path_taken":["M","$","?","M","?","R","E","R","T","?","E","M","R","M","R","BOSS","M","?","M","M","$","R","?","E","T","$","R","E","R","?","R","BOSS","M","?","M","?","?","R","M","R","T","M","M","E","R","$","R","BOSS","BOSS"],"build_version":"2019-02-06","purchased_purges":1,"victory":true,"max_hp_per_floor":[75,75,75,75,75,75,75,75,85,85,85,85,85,85,85,85,85,88,88,88,88,88,88,88,88,88,88,88,88,88,88,88,88,88,88,88,91,91,91,91,94,94,94,94,97,97,97,97,97,97,97],"card_choices":[{"not_picked":["Perfected Strike","Iron Wave"],"picked":"Inflame","floor":1.0},{"not_picked":["Seeing Red","Cleave"],"picked":"Twin Strike","floor":4.0},{"not_picked":["Corruption","Twin Strike"],"picked":"Anger","floor":7.0},{"not_picked":["Second Wind","Disarm"],"picked":"Uppercut","floor":11.0},{"not_picked":["Pommel Strike","Flex"],"picked":"Power Through","floor":12.0},{"not_picked":["Sword Boomerang","Clash"],"picked":"Feed","floor":14.0},{"not_picked":["Bludgeon","Dark Embrace"],"picked":"Reaper","floor":16.0},{"not_picked":["True Grit","Sword Boomerang"],"picked":"Flame Barrier","floor":20.0},{"not_picked":["Cleave","Brutality"],"picked":"Impervious","floor":25.0},{"not_picked":["Pommel Strike","Clash+1"],"picked":"Spot Weakness","floor":29.0},{"not_picked":["Dark Embrace","Brutality"],"picked":"Fiend Fire","floor":33.0},{"not_picked":["Inflame","Thunderclap"],"picked":"Intimidate+1","floor":35},{"not_picked":["Clothesline","Warcry","Cleave"],"picked":"SKIP","floor":35},{"not_picked":["Anger","Warcry+1"],"picked":"Whirlwind+1","floor":37},{"not_picked":["Havoc","Perfected Strike","Iron Wave+1"],"picked":"SKIP","floor":37},{"not_picked":["Fire Breathing","Armaments","Wild Strike+1"],"picked":"SKIP","floor":39},{"not_picked":["Carnage","Armaments+1","Bloodletting"],"picked":"SKIP","floor":39},{"not_picked":["Infernal Blade","Rampage+1"],"picked":"Shrug It Off+1","floor":41},{"not_picked":["Iron Wave+1","Perfected Strike","Reckless Charge+1"],"picked":"SKIP","floor":41},{"not_picked":["Anger","Searing Blow"],"picked":"Exhume","floor":44},{"not_picked":["Intimidate","Pummel","Combust"],"picked":"SKIP","floor":44},{"not_picked":["Cleave","Anger"],"picked":"Flame Barrier+1","floor":45},{"not_picked":["Pommel Strike","Flex","Rampage"],"picked":"SKIP","floor":45},{"not_picked":["Cleave+1","Inflame+1"],"picked":"Havoc","floor":46}],"player_experience":1178465,"relics_obtained":[{"floor":5.0,"key":"Centennial Puzzle"},{"floor":7.0,"key":"Vajra"},{"floor":9.0,"key":"Pear"},{"floor":11.0,"key":"Orichalcum"},{"floor":25.0,"key":"Bird Faced Urn"},{"floor":26.0,"key":"Bag of Marbles"},{"floor":29.0,"key":"Prayer Wheel"},{"floor":43,"key":"FossilizedHelix"},{"floor":46,"key":"Toxic Egg 2"}],"event_choices":[{"damage_healed":0.0,"max_hp_gain":0.0,"max_hp_loss":0.0,"gold_gain":0.0,"event_name":"Shining Light","player_choice":"Entered Light","floor":3.0,"gold_loss":0.0,"damage_taken":23.0,"cards_upgraded":["Defend_R","Strike_R"]},{"cards_removed":["Defend_R"],"damage_healed":0.0,"max_hp_gain":0.0,"max_hp_loss":0.0,"gold_gain":0.0,"event_name":"Golden Wing","player_choice":"Card Removal","floor":10.0,"gold_loss":0.0,"damage_taken":7.0},{"damage_healed":0.0,"max_hp_gain":0.0,"max_hp_loss":0.0,"gold_gain":0.0,"event_name":"The Library","player_choice":"Read","floor":19.0,"gold_loss":0.0,"damage_taken":0.0,"cards_obtained":["Armaments"]},{"damage_healed":0.0,"max_hp_gain":0.0,"max_hp_loss":0.0,"gold_gain":0.0,"event_name":"Back to Basics","player_choice":"Simplicity","floor":24.0,"gold_loss":0.0,"damage_taken":0.0,"cards_upgraded":["Strike_R","Strike_R","Strike_R","Defend_R","Defend_R"]},{"cards_removed":["Defend_R"],"damage_healed":0,"gold_gain":0,"player_choice":"Removed Skill","damage_taken":0,"max_hp_gain":0,"max_hp_loss":0,"event_name":"Falling","floor":36,"gold_loss":0},{"damage_healed":0,"gold_gain":0,"player_choice":"0 cards matched","damage_taken":0,"max_hp_gain":0,"max_hp_loss":0,"event_name":"Match and Keep!","floor":38,"gold_loss":0,"cards_obtained":[]}],"is_beta":true,"boss_relics":[{"not_picked":["Lizard Tail","White Beast Statue"],"picked":"Sozu"},{"not_picked":["Black Star","Astrolabe"],"picked":"Mark of Pain"}],"items_purged_floors":[22],"is_endless":false,"potions_floor_spawned":[4,7,12,16,21,25,29,37,39,44],"ascension_level":20}