{"gold_per_floor":[111,131,143,143,163,163,191,1,24,35,61,61,136,136,136,232,232,253,277,277,227,84,84,84],"floor_reached":24,"playtime":448,"items_purged":[],"score":408,"play_id":"ba82148a-5c0d-419a-bfb6-42b81a2677c3","local_time":"20190313165010","is_ascension_mode":true,"campfire_choices":[{"data":"Uppercut","floor":6.0,"key":"SMITH"},{"data":"Apotheosis","floor":15.0,"key":"SMITH"},{"floor":23,"key":"REST"}],"neow_cost":"NONE","seed_source_timestamp":8531694494490,"circlet_count":0,"master_deck":["AscendersBane","Strike_R+1","Strike_R+1","Strike_R+1","Strike_R+1","Strike_R+1","Defend_R+1","Defend_R+1","Defend_R+1","Bash+1","Perfected Strike","Shrug It Off+1","Flame Barrier","Uppercut+1","Ghostly Armor","Apotheosis+1","Combust","Clumsy","Doubt","Doubt","Shrug It Off","Disarm","Clothesline"],"special_seed":0,"relics":["Burning Blood","NeowsBlessing","Happy Flower","Bag of Preparation","Dream Catcher","Golden Idol","Du-Vu Doll","Calling Bell","Art of War","Mercury Hourglass","Peace Pipe"],"potions_floor_usage":[],"damage_taken":[{"damage":0.0,"enemies":"Cultist","floor":1.0,"turns":1.0},{"damage":0.0,"enemies":"2 Louse","floor":2.0,"turns":1.0},{"damage":0.0,"enemies":"Small Slimes","floor":3.0,"turns":1.0},{"damage":7.0,"enemies":"Looter","floor":5.0,"turns":4.0},{"damage":17.0,"enemies":"Lagavulin","floor":7.0,"turns":6.0},{"damage":5.0,"enemies":"Large Slime","floor":10.0,"turns":6.0},{"damage":8.0,"enemies":"Gremlin Nob","floor":11.0,"turns":3.0},{"damage":9.0,"enemies":"Slime Boss","floor":16.0,"turns":9.0},{"damage":13.0,"enemies":"Shell Parasite","floor":18.0,"turns":5.0},{"damage":24.0,"enemies":"3 Byrds","floor":19.0,"turns":4.0},{"damage":0,"enemies":"Slavers","floor":24,"turns":1}],"seed_played":"-3576343415824984601","potions_obtained":[{"floor":5.0,"key":"FearPotion"},{"floor":11.0,"key":"Weak Potion"},{"floor":18.0,"key":"Fire Potion"}],"is_trial":false,"path_per_floor":["M","M","M","?","M","R","E","$","T","M","E","?","?","?","R","B",null,"M","M","?","?","$","R","E"],"character_chosen":"IRONCLAD","items_purchased":["Apotheosis","Disarm","Clothesline"],"campfire_rested":1,"item_purchase_floors":[8,22,22],"current_hp_per_floor":[74,75,75,75,74,74,63,63,63,64,62,62,51,46,46,43,62,55,37,37,37,37,57,57],"gold":84,"neow_bonus":"THREE_ENEMY_KILL","is_prod":false,"is_daily":false,"chose_seed":false,"campfire_upgraded":2,"win_rate":0,"timestamp":1552521010,"path_taken":["M","M","M","?","M","R","E","$","T","?","E","?","?","?","R","BOSS","M","M","?","?","$","R","E"],"build_version":"2019-02-06","purchased_purges":0,"victory":false,"max_hp_per_floor":[75,75,75,75,75,75,75,75,75,75,75,68,68,68,68,68,68,68,68,68,68,68,68,68],"card_choices":[{"not_picked":["Warcry","Havoc"],"picked":"Perfected Strike","floor":1.0},{"not_picked":["Iron Wave","Flex"],"picked":"Shrug It Off","floor":2.0},{"not_picked":["Twin Strike","Bloodletting"],"picked":"Flame Barrier","floor":3.0},{"not_picked":["True Grit","Twin Strike"],"picked":"Uppercut","floor":5.0},{"not_picked":["Evolve","Spot Weakness"],"picked":"Ghostly Armor","floor":7.0},{"not_picked":["Seeing Red","Headbutt"],"picked":"Combust","floor":10.0},{"not_picked":["Twin Strike","Heavy Blade"],"picked":"Shrug It Off","floor":18.0}],"player_experience":1281331,"relics_obtained":[{"floor":7.0,"key":"Happy Flower"},{"floor":9.0,"key":"Bag of Preparation"},{"floor":11.0,"key":"Dream Catcher"},{"floor":17.0,"key":"Art of War"},{"floor":17.0,"key":"Mercury Hourglass"},{"floor":17.0,"key":"Peace Pipe"}],"event_choices":[{"cards_removed":["Defend_R"],"damage_healed":0.0,"max_hp_gain":0.0,"max_hp_loss":0.0,"gold_gain":0.0,"event_name":"Purifier","player_choice":"Purged","floor":4.0,"gold_loss":0.0,"damage_taken":0.0},{"damage_healed":0.0,"max_hp_gain":0.0,"max_hp_loss":7.0,"gold_gain":0.0,"event_name":"Golden Idol","player_choice":"Lose Max HP","floor":12.0,"gold_loss":0.0,"damage_taken":0.0,"relics_obtained":["Golden Idol"]},{"damage_healed":0.0,"max_hp_gain":0.0,"max_hp_loss":0.0,"gold_gain":75.0,"event_name":"World of Goop","player_choice":"Gather Gold","floor":13.0,"gold_loss":0.0,"damage_taken":11.0},{"damage_healed":0.0,"max_hp_gain":0.0,"max_hp_loss":0.0,"gold_gain":0.0,"event_name":"Scrap Ooze","player_choice":"Success","floor":14.0,"gold_loss":0.0,"damage_taken":5.0,"relics_obtained":["Du-Vu Doll"]},{"damage_healed":0.0,"max_hp_gain":0.0,"max_hp_loss":0.0,"gold_gain":0.0,"event_name":"Back to Basics","player_choice":"Simplicity","floor":20.0,"gold_loss":0.0,"damage_taken":0.0,"cards_upgraded":["Strike_R","Strike_R","Strike_R","Strike_R","Strike_R","Defend_R","Defend_R","Defend_R"]},{"damage_healed":0.0,"max_hp_gain":0.0,"max_hp_loss":0.0,"gold_gain":0.0,"event_name":"Designer","player_choice":"Upgraded Two","floor":21.0,"gold_loss":50.0,"damage_taken":0.0,"cards_upgraded":["Bash","Shrug It Off"]}],"is_beta":true,"boss_relics":[{"not_picked":["Black Star","Runic Pyramid"],"picked":"Calling Bell"}],"items_purged_floors":[],"is_endless":false,"potions_floor_spawned":[5,11,18],"killed_by":"Slavers","ascension_level":20}