{"gold_per_floor":[111,261,261,280,4,4,36,54,78,103,103,130,130,55,55,132,132,147,197,197,70,84,119,119,132,132,132,167,167,167,187,187,261,261,273,79,59,75,87,87,87,87,87,113,13,32,32,52,52,52,52],"floor_reached":52,"playtime":1610,"items_purged":["Decay","Strike_R"],"score":1848,"play_id":"e184add6-790a-4114-a87e-fef14c9ca3a1","local_time":"20190709235543","is_ascension_mode":true,"campfire_choices":[{"data":"Whirlwind","floor":6.0,"key":"SMITH"},{"data":"Bash","floor":11.0,"key":"SMITH"},{"data":"Spot Weakness","floor":13.0,"key":"SMITH"},{"data":"Iron Wave","floor":15.0,"key":"SMITH"},{"data":"True Grit","floor":24.0,"key":"SMITH"},{"data":"Demon Form","floor":27.0,"key":"SMITH"},{"floor":32.0,"key":"REST"},{"data":"Berserk","floor":40.0,"key":"SMITH"},{"floor":42.0,"key":"REST"},{"data":"Apotheosis","floor":47,"key":"SMITH"},{"data":"Limit Break","floor":49,"key":"SMITH"}],"neow_cost":"NONE","seed_source_timestamp":2055907343610,"circlet_count":0,"master_deck":["AscendersBane","Strike_R","Strike_R","Strike_R","Strike_R","Defend_R","Defend_R","Defend_R","Defend_R","Bash+1","Whirlwind+1","Iron Wave+1","Anger","Spot Weakness+1","Demon Form+1","True Grit+1","Shrug It Off","Disarm+1","Power Through+1","Evolve","Whirlwind","Berserk+1","Clothesline","Apotheosis+1","Exhume","Limit Break+1","Shockwave"],"special_seed":0,"relics":["Burning Blood","NeowsBlessing","Centennial Puzzle","Chemical X","Bag of Preparation","Pen Nib","Champion Belt","Odd Mushroom","Mark of Pain","Sundial","Question Card","Regal Pillow","Cursed Key","Ancient Tea Set"],"potions_floor_usage":[46,48,48,48,51],"damage_taken":[{"damage":0.0,"enemies":"Small Slimes","floor":1.0,"turns":1.0},{"damage":0.0,"enemies":"2 Louse","floor":4.0,"turns":1.0},{"damage":0.0,"enemies":"3 Sentries","floor":7.0,"turns":1.0},{"damage":0.0,"enemies":"Jaw Worm","floor":8.0,"turns":1.0},{"damage":10.0,"enemies":"Lagavulin","floor":10.0,"turns":4.0},{"damage":0.0,"enemies":"The Mushroom Lair","floor":12.0,"turns":1.0},{"damage":20.0,"enemies":"The Guardian","floor":16.0,"turns":9.0},{"damage":16.0,"enemies":"Shell Parasite","floor":18.0,"turns":2.0},{"damage":11.0,"enemies":"2 Thieves","floor":22.0,"turns":2.0},{"damage":1.0,"enemies":"Gremlin Leader","floor":23.0,"turns":4.0},{"damage":1.0,"enemies":"Chosen and Byrds","floor":25.0,"turns":5.0},{"damage":47.0,"enemies":"Slavers","floor":28.0,"turns":6.0},{"damage":7.0,"enemies":"Shelled Parasite and Fungi","floor":31.0,"turns":4.0},{"damage":18.0,"enemies":"Champ","floor":33.0,"turns":7.0},{"damage":9.0,"enemies":"3 Shapes","floor":35.0,"turns":3.0},{"damage":10.0,"enemies":"3 Darklings","floor":38.0,"turns":3.0},{"damage":19.0,"enemies":"Spire Growth","floor":39.0,"turns":6.0},{"damage":15,"enemies":"Giant Head","floor":44,"turns":5},{"damage":0,"enemies":"4 Shapes","floor":46,"turns":7},{"damage":4,"enemies":"Transient","floor":48,"turns":6},{"damage":65,"enemies":"Awakened One","floor":50,"turns":9},{"damage":13,"enemies":"Time Eater","floor":51,"turns":11}],"seed_played":"3050574976369903080","potions_obtained":[{"floor":1.0,"key":"SpeedPotion"},{"floor":8.0,"key":"Dexterity Potion"},{"floor":25.0,"key":"BloodPotion"},{"floor":31.0,"key":"SpeedPotion"},{"floor":33.0,"key":"Explosive Potion"},{"floor":44,"key":"EntropicBrew"},{"floor":46,"key":"SkillPotion"}],"is_trial":false,"path_per_floor":["M","?","?","M","$","R","E","M","T","E","R","?","R","?","R","B",null,"M","?","?","$","M","E","R","M","T","R","E","?","?","M","R","B",null,"M","$","?","M","M","R","?","R","T","E","$","M","R","M","R","B","B",null],"character_chosen":"IRONCLAD","items_purchased":["Chemical X","Anger","Shrug It Off","Apotheosis"],"campfire_rested":2,"item_purchase_floors":[5,5,21,36],"current_hp_per_floor":[74,74,39,45,45,45,51,57,57,53,53,59,59,59,59,45,68,58,58,58,58,53,58,58,63,63,63,40,40,40,39,75,63,72,69,69,69,65,52,52,52,75,75,66,66,72,72,74,74,15,8],"gold":52,"neow_bonus":"THREE_ENEMY_KILL","is_prod":false,"is_daily":false,"chose_seed":false,"campfire_upgraded":9,"win_rate":0,"timestamp":1562741743,"path_taken":["M","?","?","M","?","R","E","M","T","E","R","?","R","?","R","BOSS","M","?","?","$","?","E","R","M","T","R","E","?","?","M","R","BOSS","M","$","?","M","?","R","?","R","T","E","$","M","R","M","R","BOSS","BOSS"],"build_version":"2019-07-03","purchased_purges":2,"victory":true,"max_hp_per_floor":[75,75,75,75,75,75,75,75,75,75,75,75,75,75,75,75,75,75,75,75,75,75,75,75,75,75,75,75,75,75,75,75,75,75,75,75,75,75,75,75,75,75,75,75,75,75,75,75,75,75,75],"card_choices":[{"not_picked":["Combust","Perfected Strike"],"picked":"Whirlwind","floor":1.0},{"not_picked":["Blood for Blood","Havoc"],"picked":"Iron Wave","floor":4.0},{"not_picked":["Sever Soul","Havoc"],"picked":"Spot Weakness","floor":12.0},{"not_picked":["Bludgeon","Fiend Fire"],"picked":"Demon Form","floor":16.0},{"not_picked":["Warcry","Pommel Strike"],"picked":"True Grit","floor":18.0},{"not_picked":["Intimidate","Dropkick"],"picked":"Disarm+1","floor":22.0},{"not_picked":["Rupture","Iron Wave"],"picked":"Power Through+1","floor":25.0},{"not_picked":["Sever Soul+1","Disarm","Bloodletting"],"picked":"Evolve","floor":28.0},{"not_picked":["Hemokinesis","Carnage","Anger"],"picked":"Whirlwind","floor":31.0},{"not_picked":["Brutality","Feed","Juggernaut"],"picked":"Berserk","floor":33.0},{"not_picked":["Clothesline","Warcry","Sword Boomerang","Wild Strike"],"picked":"SKIP","floor":35.0},{"not_picked":["Warcry","Sword Boomerang","Wild Strike"],"picked":"Clothesline","floor":35.0},{"not_picked":["Thunderclap","Cleave","Intimidate","Anger"],"picked":"SKIP","floor":38.0},{"not_picked":["True Grit","Wild Strike","Rampage"],"picked":"Exhume","floor":39.0},{"not_picked":["Pommel Strike","Reckless Charge+1","Headbutt"],"picked":"Limit Break","floor":44},{"not_picked":["Flex+1","Anger","Flame Barrier"],"picked":"Shockwave","floor":46},{"not_picked":["Flex+1","Pommel Strike","Clothesline","Intimidate"],"picked":"SKIP","floor":48}],"player_experience":1367051,"relics_obtained":[{"floor":7.0,"key":"Bag of Preparation"},{"floor":9.0,"key":"Pen Nib"},{"floor":10.0,"key":"Champion Belt"},{"floor":12.0,"key":"Odd Mushroom"},{"floor":23.0,"key":"Sundial"},{"floor":26.0,"key":"Question Card"},{"floor":28.0,"key":"Regal Pillow"},{"floor":44,"key":"Ancient Tea Set"}],"event_choices":[{"damage_healed":0.0,"max_hp_gain":0.0,"max_hp_loss":0.0,"gold_gain":150.0,"event_name":"Liars Game","player_choice":"AGREE","floor":2.0,"gold_loss":0.0,"damage_taken":0.0,"cards_obtained":["Doubt"]},{"damage_healed":0.0,"max_hp_gain":0.0,"max_hp_loss":0.0,"gold_gain":0.0,"event_name":"Scrap Ooze","player_choice":"Success","floor":3.0,"gold_loss":0.0,"damage_taken":35.0,"relics_obtained":["Centennial Puzzle"]},{"damage_healed":0.0,"max_hp_gain":0.0,"max_hp_loss":0.0,"gold_gain":0.0,"event_name":"Mushrooms","player_choice":"Fought Mushrooms","floor":12.0,"gold_loss":0.0,"damage_taken":0.0},{"cards_removed":["Doubt"],"damage_healed":0.0,"max_hp_gain":0.0,"max_hp_loss":0.0,"gold_gain":0.0,"event_name":"The Cleric","player_choice":"Card Removal","floor":14.0,"gold_loss":75.0,"damage_taken":0.0},{"damage_healed":0.0,"max_hp_gain":0.0,"max_hp_loss":0.0,"gold_gain":50.0,"event_name":"Nest","player_choice":"Stole From Cult","floor":19.0,"gold_loss":0.0,"damage_taken":0.0},{"damage_healed":0.0,"max_hp_gain":0.0,"max_hp_loss":0.0,"gold_gain":0.0,"event_name":"Forgotten Altar","player_choice":"Smashed Altar","floor":20.0,"gold_loss":0.0,"damage_taken":0.0,"cards_obtained":["Decay"]},{"damage_healed":0.0,"max_hp_gain":0.0,"max_hp_loss":0.0,"gold_gain":0.0,"event_name":"Vampires","player_choice":"Ignored","floor":29.0,"gold_loss":0.0,"damage_taken":0.0},{"damage_healed":0.0,"max_hp_gain":0.0,"max_hp_loss":0.0,"gold_gain":0.0,"event_name":"N\u0027loth","player_choice":"Ignored","floor":30.0,"gold_loss":0.0,"damage_taken":0.0},{"damage_healed":0.0,"max_hp_gain":0.0,"max_hp_loss":0.0,"gold_gain":0.0,"event_name":"The Woman in Blue","player_choice":"Bought 1 Potion","floor":37.0,"gold_loss":0.0,"damage_taken":0.0},{"damage_healed":0.0,"max_hp_gain":0.0,"max_hp_loss":0.0,"gold_gain":0.0,"event_name":"Mysterious Sphere","player_choice":"Ignored","floor":41.0,"gold_loss":0.0,"damage_taken":0.0}],"is_beta":true,"boss_relics":[{"not_picked":["Black Star","Astrolabe"],"picked":"Mark of Pain"},{"not_picked":["Fusion Hammer","Tiny House"],"picked":"Cursed Key"}],"items_purged_floors":[21,45],"is_endless":false,"potions_floor_spawned":[1,8,25,31,33,39,44,46],"ascension_level":20}