{"gold_per_floor":[114,134,154,15,25,25,52,52,52,82,82,113,113,125,125,204,204,204],"floor_reached":18,"playtime":394,"items_purged":[],"score":485,"play_id":"feda7584-337b-4454-a9ef-9080331598d1","local_time":"20190220124300","is_ascension_mode":true,"campfire_choices":[{"data":"Zap","floor":6.0,"key":"SMITH"},{"data":"Dualcast","floor":8.0,"key":"SMITH"},{"data":"Defragment","floor":11.0,"key":"SMITH"},{"data":"Defragment","floor":15.0,"key":"SMITH"}],"neow_cost":"NONE","seed_source_timestamp":3402354430824,"circlet_count":0,"master_deck":["AscendersBane","Strike_B","Strike_B","Strike_B","Strike_B","Defend_B","Defend_B","Defend_B","Defend_B","Zap+1","Dualcast+1","Defragment+1","Compile Driver","Streamline","Defragment+1","Cold Snap","All For One","Biased Cognition","Beam Cell","Cold Snap","Go for the Eyes","Core Surge","Normality","Writhe","Shame"],"special_seed":0,"relics":["Cracked Core","NeowsBlessing","Potion Belt","PreservedInsect","Pantograph","Darkstone Periapt","Calling Bell","Regal Pillow","Cables","Incense Burner"],"potions_floor_usage":[],"damage_taken":[{"damage":0.0,"enemies":"Cultist","floor":1.0,"turns":1.0},{"damage":0.0,"enemies":"Small Slimes","floor":2.0,"turns":1.0},{"damage":0.0,"enemies":"Jaw Worm","floor":3.0,"turns":1.0},{"damage":1.0,"enemies":"3 Louse","floor":5.0,"turns":2.0},{"damage":28.0,"enemies":"Lagavulin","floor":7.0,"turns":7.0},{"damage":8.0,"enemies":"Gremlin Nob","floor":10.0,"turns":3.0},{"damage":10.0,"enemies":"3 Sentries","floor":12.0,"turns":6.0},{"damage":11.0,"enemies":"Large Slime","floor":14.0,"turns":4.0},{"damage":0.0,"enemies":"The Guardian","floor":16.0,"turns":8.0},{"damage":0,"enemies":"3 Byrds","floor":18,"turns":1}],"seed_played":"7414532446264515551","potions_obtained":[{"floor":1.0,"key":"Regen Potion"},{"floor":3.0,"key":"SteroidPotion"},{"floor":12.0,"key":"PowerPotion"}],"is_trial":false,"path_per_floor":["M","M","M","$","M","R","E","R","T","E","R","E","?","M","R","B",null,"M"],"character_chosen":"DEFECT","items_purchased":["Defragment","Cold Snap"],"campfire_rested":0,"item_purchase_floors":[4,4],"current_hp_per_floor":[64,64,64,64,63,63,35,35,35,27,27,32,37,26,26,51,88,88],"gold":204,"neow_bonus":"THREE_ENEMY_KILL","is_prod":false,"is_daily":false,"chose_seed":false,"campfire_upgraded":4,"win_rate":0,"timestamp":1550695380,"path_taken":["M","M","?","$","M","R","E","R","T","E","R","E","?","M","R","BOSS","M"],"build_version":"2019-02-06","purchased_purges":0,"victory":false,"max_hp_per_floor":[71,71,71,71,71,71,71,71,71,71,71,71,76,76,76,76,94,94],"card_choices":[{"not_picked":["Barrage","Auto Shields"],"picked":"Defragment","floor":1.0},{"not_picked":["Lockon","Chaos"],"picked":"Compile Driver","floor":2.0},{"not_picked":["Barrage","Redo"],"picked":"Streamline","floor":3.0},{"not_picked":["Redo","Sweeping Beam"],"picked":"All For One","floor":5.0},{"not_picked":["Rebound","Consume"],"picked":"Biased Cognition","floor":7.0},{"not_picked":["Streamline","Lockon"],"picked":"Beam Cell","floor":10.0},{"not_picked":["Compile Driver","Lockon"],"picked":"Cold Snap","floor":12.0},{"not_picked":["Steam","Hologram"],"picked":"Go for the Eyes","floor":14.0},{"not_picked":["Reboot","Seek"],"picked":"Core Surge","floor":16.0}],"player_experience":1188373,"relics_obtained":[{"floor":7.0,"key":"Potion Belt"},{"floor":9.0,"key":"PreservedInsect"},{"floor":10.0,"key":"Pantograph"},{"floor":12.0,"key":"Darkstone Periapt"},{"floor":17,"key":"Regal Pillow"},{"floor":17,"key":"Cables"},{"floor":17,"key":"Incense Burner"}],"event_choices":[{"damage_healed":0.0,"max_hp_gain":5.0,"max_hp_loss":0.0,"gold_gain":0.0,"event_name":"Big Fish","player_choice":"Donut","floor":13.0,"gold_loss":0.0,"damage_taken":0.0}],"is_beta":true,"boss_relics":[{"not_picked":["Lizard Tail","Eternal Feather"],"picked":"Calling Bell"}],"items_purged_floors":[],"is_endless":false,"potions_floor_spawned":[1,3,12],"killed_by":"3 Byrds","ascension_level":20}