{"gold_per_floor":[111,111,111,125,16,59,59,134,159,178,24,57,57,92,92,188,188,201,201,201,201],"floor_reached":21,"playtime":519,"items_purged":["Strike_G"],"score":436,"play_id":"2ba47654-11e0-4a96-929c-412f9ebccadd","local_time":"20190319104658","is_ascension_mode":true,"campfire_choices":[{"data":"Neutralize","floor":7,"key":"SMITH"},{"data":"Catalyst","floor":15,"key":"SMITH"}],"neow_cost":"NONE","seed_source_timestamp":345143456355,"circlet_count":0,"master_deck":["AscendersBane","Defend_G","Defend_G","Defend_G","Defend_G","Defend_G","Strike_G","Strike_G","Strike_G","Strike_G","Survivor","Neutralize+1","Deadly Poison","Backstab","Noxious Fumes+1","Backflip","Footwork","Backflip","Caltrops","Catalyst+1","Dash","Malaise","Sucker Punch+1","Malaise"],"relics":["Ring of the Snake","NeowsBlessing","Golden Idol","Dodecahedron","Bronze Scales","Question Card","StoneCalendar","Runic Pyramid","Enchiridion"],"potions_floor_usage":[14],"damage_taken":[{"damage":0,"enemies":"2 Louse","floor":1,"turns":1},{"damage":0,"enemies":"Small Slimes","floor":4,"turns":1},{"damage":0,"enemies":"3 Sentries","floor":6,"turns":1},{"damage":2,"enemies":"Jaw Worm","floor":10,"turns":3},{"damage":3,"enemies":"Lagavulin","floor":12,"turns":8},{"damage":2,"enemies":"3 Sentries","floor":14,"turns":7},{"damage":23,"enemies":"Hexaghost","floor":16,"turns":8},{"damage":11,"enemies":"Spheric Guardian","floor":18,"turns":6},{"damage":0,"enemies":"2 Thieves","floor":21,"turns":1}],"seed_played":"707668511234080217","potions_obtained":[{"floor":6,"key":"Dexterity Potion"},{"floor":10,"key":"GhostInAJar"},{"floor":16,"key":"SteroidPotion"}],"is_trial":false,"path_per_floor":["M","?","?","M","$","E","R","?","T","M","$","E","?","E","R","B",null,"M","?","?","M"],"character_chosen":"THE_SILENT","items_purchased":["Noxious Fumes","Backflip","Caltrops"],"campfire_rested":0,"item_purchase_floors":[5,5,11],"current_hp_per_floor":[59,64,64,64,64,64,64,53,53,51,51,48,48,46,46,23,54,43,43,22,22],"gold":201,"neow_bonus":"THREE_ENEMY_KILL","is_prod":false,"is_daily":false,"chose_seed":false,"campfire_upgraded":2,"win_rate":0,"timestamp":1553017618,"path_taken":["M","?","?","M","$","E","R","?","T","M","$","E","?","E","R","BOSS","M","?","?","M"],"build_version":"2019-03-15","purchased_purges":1,"victory":false,"max_hp_per_floor":[66,71,64,64,64,64,64,64,64,64,64,64,64,64,64,64,64,64,64,64,64],"card_choices":[{"not_picked":["Acrobatics","Cloak And Dagger"],"picked":"Deadly Poison","floor":1},{"not_picked":["Outmaneuver","Concentrate"],"picked":"Backstab","floor":4},{"not_picked":["Dagger Throw","Distraction"],"picked":"Footwork","floor":6},{"not_picked":["Setup","Outmaneuver"],"picked":"Backflip","floor":10},{"not_picked":["Dagger Spray","Predator"],"picked":"Catalyst","floor":12},{"not_picked":["Wraith Form v2","Blade Dance","Underhanded Strike"],"picked":"Dash","floor":14},{"not_picked":["Tools of the Trade","Wraith Form v2","Adrenaline"],"picked":"Malaise","floor":16},{"not_picked":["Slice","Quick Slash","Underhanded Strike"],"picked":"Sucker Punch+1","floor":18}],"player_experience":1320374,"relics_obtained":[{"floor":6,"key":"Dodecahedron"},{"floor":9,"key":"Bronze Scales"},{"floor":12,"key":"Question Card"},{"floor":14,"key":"StoneCalendar"},{"floor":20,"key":"Enchiridion"}],"event_choices":[{"damage_healed":0,"gold_gain":0,"player_choice":"Donut","damage_taken":0,"max_hp_gain":5,"max_hp_loss":0,"event_name":"Big Fish","floor":2,"gold_loss":0},{"damage_healed":0,"gold_gain":0,"player_choice":"Lose Max HP","damage_taken":0,"relics_obtained":["Golden Idol"],"max_hp_gain":0,"max_hp_loss":7,"event_name":"Golden Idol","floor":3,"gold_loss":0},{"damage_healed":0,"gold_gain":75,"player_choice":"Gather Gold","damage_taken":11,"max_hp_gain":0,"max_hp_loss":0,"event_name":"World of Goop","floor":8,"gold_loss":0},{"damage_healed":0,"gold_gain":0,"player_choice":"Grow","damage_taken":0,"max_hp_gain":0,"max_hp_loss":0,"event_name":"Living Wall","floor":13,"gold_loss":0,"cards_upgraded":["Noxious Fumes"]},{"damage_healed":0,"gold_gain":0,"player_choice":"Read","damage_taken":0,"max_hp_gain":0,"max_hp_loss":0,"event_name":"The Library","floor":19,"gold_loss":0,"cards_obtained":["Malaise"]},{"damage_healed":0,"gold_gain":0,"player_choice":"Obtained Book","damage_taken":21,"max_hp_gain":0,"max_hp_loss":0,"event_name":"Cursed Tome","floor":20,"gold_loss":0}],"is_beta":true,"boss_relics":[{"not_picked":["White Beast Statue","Lizard Tail"],"picked":"Runic Pyramid"}],"items_purged_floors":[11],"is_endless":false,"potions_floor_spawned":[6,10,16,18],"killed_by":"2 Thieves","ascension_level":20}