{"path_per_floor":["M","?","M","?","$","R","?","R","T","?","T","E","?","M","R","B",null,"M","M","?","?","?","R","M","R","T","E","?","T","$","?","R","B",null,"M","M","?","?"],"character_chosen":"THE_SILENT","items_purchased":["Infinite Blades","Acrobatics","Venomology","Finisher","Slice","Well Laid Plans","Regen Potion"],"gold_per_floor":[117,117,136,136,44,44,17,17,72,72,154,184,164,181,181,281,281,298,310,360,360,275,275,289,289,336,369,369,369,32,32,32,135,135,152,165,165,0],"floor_reached":39,"campfire_rested":2,"playtime":5091,"current_hp_per_floor":[70,75,75,75,75,75,75,75,75,75,75,75,75,75,75,60,75,61,59,59,59,59,59,51,73,73,66,50,50,50,50,75,7,75,32,2,2,2],"items_purged":[],"gold":0,"score":416,"play_id":"79634f46-1df0-466d-acd4-483b8eedf4a1","is_prod":false,"is_daily":false,"is_ascension_mode":false,"campfire_upgraded":4,"path_taken":["M","?","M","?","$","R","?","R","T","?","?","E","?","M","R","BOSS","M","M","?","?","?","R","M","R","T","E","?","?","?","?","R","BOSS","M","M","?","?","M"],"build_version":"2018-02-15-PROD1","purchased_purges":0,"victory":false,"master_deck":["Defend_G","Defend_G","Defend_G","Defend_G","Defend_G","Strike_G","Strike_G","Strike_G","Strike_G","Strike_G","Survivor","Neutralize","Poisoned Stab","Flying Knee","Infinite Blades+1","Acrobatics+1","Blade Dance+1","Quick Slash","Bullet Time+1","Leg Sweep","Calculated Gamble","Outmaneuver","Predator","Backflip","Finisher+1","Caltrops+1","Quick Slash+1","Malaise+1","Venomology","Finisher","Slice","Well Laid Plans","Phantasmal Killer","Bouncing Flask+1","Bouncing Flask+1"],"max_hp_per_floor":[70,75,75,75,75,75,75,75,75,75,75,75,75,75,75,75,75,75,75,75,75,75,75,75,75,75,75,75,75,75,75,75,75,75,75,75,75,75],"relics":["Ring of the Snake","NeowsBlessing","Orichalcum","Ninja Scroll","Juzu Bracelet","Orrery","Happy Flower","Bag of Preparation","Gremlin Horn","Regal Pillow","Black Star","Red Mask"],"card_choices":[{"not_picked":["Dagger Throw","Eviscerate"],"picked":"Poisoned Stab"},{"not_picked":["Deadly Poison","Backflip"],"picked":"Flying Knee"},{"not_picked":["Deadly Poison","Dagger Spray"],"picked":"Blade Dance"},{"not_picked":["Deflect","Slice"],"picked":"Quick Slash"},{"not_picked":["Wraith Form","Glass Knife"],"picked":"Bullet Time"},{"not_picked":["Acrobatics","Sucker Punch"],"picked":"Leg Sweep"},{"not_picked":["Dagger Spray","Blade Dance"],"picked":"Calculated Gamble"},{"not_picked":["Poisoned Stab","Sucker Punch"],"picked":"Outmaneuver"},{"not_picked":["Backflip","Riddle With Holes"],"picked":"Predator"},{"not_picked":["Dagger Spray","Deadly Poison"],"picked":"Backflip"},{"not_picked":["Quick Slash","Eviscerate"],"picked":"Finisher"},{"not_picked":["Slice","Sucker Punch"],"picked":"Caltrops"},{"not_picked":["Slice","Predator"],"picked":"Quick Slash"},{"not_picked":["Slice","Masterful Stab"],"picked":"Malaise"},{"not_picked":["Night Terror","A Thousand Cuts"],"picked":"Phantasmal Killer"},{"not_picked":["Dagger Spray","Escape Plan"],"picked":"Bouncing Flask"},{"not_picked":["PiercingWail","Choke"],"picked":"Bouncing Flask"}],"player_experience":11209,"potions_floor_usage":[16,16,27,33,33,33],"damage_taken":[{"damage":0,"enemies":"2 Louse","floor":1,"turns":1},{"damage":0,"enemies":"Jaw Worm","floor":3,"turns":1},{"damage":0,"enemies":"3 Sentries","floor":12,"turns":1},{"damage":0,"enemies":"Small Slimes","floor":14,"turns":3},{"damage":15,"enemies":"Slime Boss","floor":16,"turns":9},{"damage":14,"enemies":"Spheric Guardian","floor":18,"turns":4},{"damage":2,"enemies":"Shell Parasite","floor":19,"turns":5},{"damage":8,"enemies":"Snecko","floor":24,"turns":5},{"damage":7,"enemies":"Slavers","floor":27,"turns":4},{"damage":83,"enemies":"Automaton","floor":33,"turns":12},{"damage":43,"enemies":"3 Darklings","floor":35,"turns":6},{"damage":30,"enemies":"3 Shapes","floor":36,"turns":6},{"damage":4,"enemies":"Sphere and 2 Shapes","floor":39,"turns":2}],"event_choices":[{"event_name":"Big Fish","player_choice":"Donut","floor":2,"damage_taken":0},{"event_name":"Golden Wing","player_choice":"Ignored","floor":4,"damage_taken":0},{"event_name":"World of Goop","player_choice":"Left","floor":7,"damage_taken":0},{"event_name":"The Cleric","player_choice":"Leave","floor":10,"damage_taken":0},{"event_name":"The Woman in Blue","player_choice":"Bought 1 Potion","floor":13,"damage_taken":0},{"event_name":"The Joust","player_choice":"Bet on Murderer","floor":20,"damage_taken":0},{"event_name":"The Mausoleum","player_choice":"No","floor":21,"damage_taken":0},{"event_name":"Addict","player_choice":"Obtained Relic","floor":22,"damage_taken":0},{"event_name":"Knowing Skull","player_choice":"POTION ","floor":28,"damage_taken":0},{"event_name":"Beggar","player_choice":"Ignored","floor":31,"damage_taken":0},{"event_name":"Mysterious Sphere","player_choice":"Ignore","floor":37,"damage_taken":0},{"event_name":"Tomb of Lord Red Mask","player_choice":"Paid","floor":38,"damage_taken":0}],"boss_relics":[{"not_picked":["White Beast Statue","Tiny House"],"picked":"Orrery"},{"not_picked":["Sozu","Cursed Key"],"picked":"Black Star"}],"potions_floor_spawned":[3,12,14,24],"seed_played":"838478210719066380","killed_by":"Sphere and 2 Shapes","ascension_level":0,"is_trial":false}