{"gold_per_floor":[118,128,128,30,30,55,73,129,129,158,158,172,172,187,187,259,259],"floor_reached":17,"playtime":328,"items_purged":[],"score":380,"play_id":"626a15ef-cb26-4784-a789-bc931783d4c4","local_time":"20190228184032","is_ascension_mode":true,"campfire_choices":[{"data":"Zap","floor":11,"key":"SMITH"},{"data":"Defragment","floor":15,"key":"SMITH"}],"neow_cost":"NONE","seed_source_timestamp":5420102471196,"circlet_count":0,"master_deck":["AscendersBane","Strike_B","Strike_B","Strike_B","Defend_B","Defend_B","Defend_B","Defend_B","Zap+1","Dualcast","White Noise","Defragment+1","Hello World","Ball Lightning","Coolheaded","Hologram+1","Ball Lightning","Electrodynamics","Cold Snap","Stack","Core Surge"],"relics":["Cracked Core","NeowsBlessing","GremlinMask","Question Card","Smiling Mask","Art of War","Singing Bowl","Nuclear Battery"],"potions_floor_usage":[8,10,10,16,16],"damage_taken":[{"damage":0,"enemies":"2 Louse","floor":1,"turns":1},{"damage":0,"enemies":"Small Slimes","floor":2,"turns":1},{"damage":0,"enemies":"Gremlin Nob","floor":6,"turns":1},{"damage":0,"enemies":"Cultist","floor":7,"turns":3},{"damage":8,"enemies":"Gremlin Nob","floor":8,"turns":3},{"damage":7,"enemies":"3 Sentries","floor":10,"turns":3},{"damage":13,"enemies":"3 Louse","floor":12,"turns":3},{"damage":13,"enemies":"Large Slime","floor":14,"turns":4},{"damage":7,"enemies":"Hexaghost","floor":16,"turns":6}],"seed_played":"-5069919040186186864","potions_obtained":[{"floor":1,"key":"Energy Potion"},{"floor":6,"key":"PowerPotion"},{"floor":8,"key":"AttackPotion"},{"floor":10,"key":"Regen Potion"},{"floor":14,"key":"PowerPotion"},{"floor":16,"key":"Explosive Potion"}],"is_trial":false,"path_per_floor":["M","M","?","$","?","E","M","?","T","E","R","M","?","M","R","B",null],"character_chosen":"DEFECT","items_purchased":["Hello World","Ball Lightning"],"campfire_rested":0,"item_purchase_floors":[4,4],"current_hp_per_floor":[64,64,57,57,57,57,57,49,49,42,42,29,29,16,16,23,23],"gold":259,"neow_bonus":"THREE_ENEMY_KILL","is_prod":false,"is_daily":false,"chose_seed":false,"campfire_upgraded":2,"win_rate":0,"timestamp":1551408032,"path_taken":["M","M","?","$","?","E","?","?","T","E","R","M","?","M","R","BOSS"],"build_version":"2019-02-06","purchased_purges":0,"victory":false,"max_hp_per_floor":[71,71,71,71,71,71,71,71,71,71,71,71,71,71,71,71,71],"card_choices":[{"not_picked":["Storm","Redo"],"picked":"White Noise","floor":1},{"not_picked":["Chaos","Hologram"],"picked":"Defragment","floor":2},{"not_picked":["Tempest","Consume"],"picked":"Coolheaded","floor":6},{"not_picked":["Aggregate","Meteor Strike","Stack"],"picked":"Hologram","floor":7},{"not_picked":["Compile Driver","Scrape","Streamline"],"picked":"Ball Lightning","floor":8},{"not_picked":["Stack","Leap","Skim"],"picked":"Electrodynamics","floor":10},{"not_picked":["Force Field","Hologram","Streamline"],"picked":"Cold Snap","floor":12},{"not_picked":["Redo","Recycle","Beam Cell"],"picked":"Stack","floor":14},{"not_picked":["Amplify","Creative AI","Thunder Strike"],"picked":"Core Surge","floor":16}],"player_experience":1231839,"relics_obtained":[{"floor":6,"key":"Question Card"},{"floor":8,"key":"Smiling Mask"},{"floor":9,"key":"Art of War"},{"floor":10,"key":"Singing Bowl"}],"event_choices":[{"cards_removed":["Strike_B"],"damage_healed":0,"gold_gain":0,"player_choice":"Card Removal","damage_taken":7,"max_hp_gain":0,"max_hp_loss":0,"event_name":"Golden Wing","floor":3,"gold_loss":0},{"damage_healed":0,"gold_gain":0,"player_choice":"Trade","damage_taken":0,"relics_obtained":["GremlinMask"],"max_hp_gain":0,"max_hp_loss":0,"event_name":"FaceTrader","floor":5,"gold_loss":0},{"damage_healed":0,"gold_gain":0,"player_choice":"Searched \u00272\u0027 times","damage_taken":0,"max_hp_gain":0,"max_hp_loss":0,"event_name":"Dead Adventurer","floor":8,"gold_loss":0},{"damage_healed":0,"gold_gain":0,"player_choice":"Upgraded","damage_taken":0,"max_hp_gain":0,"max_hp_loss":0,"event_name":"Upgrade Shrine","floor":13,"gold_loss":0,"cards_upgraded":["Hologram"]}],"is_beta":true,"boss_relics":[{"not_picked":["Inserter","Black Star"],"picked":"Nuclear Battery"}],"items_purged_floors":[],"is_endless":false,"potions_floor_spawned":[1,6,8,10,14,16],"ascension_level":20}