{"gold_per_floor":[115,115,20,295,310,310,121,121,121,121,121,137,165,194,194,271,271,285,302,302,227,244,244,277,312,312,312,312],"floor_reached":28,"playtime":815,"items_purged":["Regret"],"score":464,"play_id":"6b7076c1-6dfb-41fb-aad9-726b8ea882ec","local_time":"20190202175401","is_ascension_mode":true,"campfire_choices":[{"data":"Zap","floor":6,"key":"SMITH"},{"data":"Hologram","floor":8,"key":"SMITH"},{"data":"Hologram","floor":10,"key":"SMITH"},{"data":"Rainbow","floor":15,"key":"SMITH"},{"data":"Fission","floor":23,"key":"SMITH"},{"floor":27,"key":"REST"}],"neow_cost":"NONE","seed_source_timestamp":54955595885286,"circlet_count":0,"master_deck":["AscendersBane","Strike_B+1","Strike_B+1","Strike_B+1","Defend_B+1","Defend_B+1","Defend_B+1","Zap+1","Dualcast","Leap","Auto Shields+1","Hologram+1","White Noise","Hologram+1","Cold Snap","Ball Lightning+1","Cold Snap+1","Rainbow+1","Fission+1","Blizzard+1","Compile Driver+1","Beam Cell+1","Stack+1","Reinforced Body","Shame"],"relics":["Cracked Core","NeowsBlessing","Molten Egg 2","Odd Mushroom","Cables","Cursed Key","War Paint","Red Mask","Question Card"],"potions_floor_usage":[13,14,16,24,25],"damage_taken":[{"damage":0,"enemies":"2 Louse","floor":1,"turns":1},{"damage":0,"enemies":"Jaw Worm","floor":5,"turns":1},{"damage":0,"enemies":"Cultist","floor":12,"turns":1},{"damage":2,"enemies":"The Mushroom Lair","floor":13,"turns":4},{"damage":10,"enemies":"Gremlin Nob","floor":14,"turns":4},{"damage":20,"enemies":"Slime Boss","floor":16,"turns":9},{"damage":0,"enemies":"Spheric Guardian","floor":18,"turns":4},{"damage":12,"enemies":"3 Byrds","floor":19,"turns":4},{"damage":0,"enemies":"Snecko","floor":22,"turns":4},{"damage":29,"enemies":"Slavers","floor":24,"turns":4},{"damage":3,"enemies":"Masked Bandits","floor":25,"turns":3},{"damage":42,"enemies":"3 Cultists","floor":28,"turns":4}],"seed_played":"6587391934650214725","potions_obtained":[{"floor":1,"key":"Block Potion"},{"floor":5,"key":"PowerPotion"},{"floor":14,"key":"EssenceOfSteel"},{"floor":18,"key":"Energy Potion"},{"floor":24,"key":"Swift Potion"}],"is_trial":false,"path_per_floor":["M","?","$","?","M","R","$","R","T","R","?","M","?","E","R","B",null,"M","M","?","?","M","R","E","?","T","R","M"],"character_chosen":"DEFECT","items_purchased":["Auto Shields","Hologram","Hologram","Cold Snap"],"campfire_rested":1,"item_purchase_floors":[3,3,7,7],"current_hp_per_floor":[64,64,64,64,64,64,64,64,64,64,57,57,55,45,45,25,60,60,48,48,48,48,48,19,16,16,37,0],"gold":312,"neow_bonus":"THREE_ENEMY_KILL","is_prod":false,"is_daily":false,"chose_seed":false,"campfire_upgraded":5,"win_rate":0,"timestamp":1549158841,"path_taken":["M","?","$","?","?","R","$","R","T","R","?","M","?","E","R","BOSS","M","M","?","?","?","R","E","?","T","R","M"],"build_version":"2019-01-23","purchased_purges":1,"victory":false,"max_hp_per_floor":[71,71,71,71,71,71,71,71,71,71,71,71,71,71,71,71,71,71,71,71,71,71,71,71,71,71,71,71],"card_choices":[{"not_picked":["Barrage","Stack"],"picked":"Leap","floor":1},{"not_picked":["Sweeping Beam","Tempest"],"picked":"White Noise","floor":5},{"not_picked":["Stack","Scrape+1"],"picked":"Ball Lightning+1","floor":12},{"not_picked":["Ball Lightning+1","Coolheaded"],"picked":"Cold Snap+1","floor":13},{"not_picked":["Genetic Algorithm","Ball Lightning+1"],"picked":"Rainbow","floor":14},{"not_picked":["Rainbow","Meteor Strike+1"],"picked":"Fission","floor":16},{"not_picked":["Streamline+1","Beam Cell+1"],"picked":"Blizzard+1","floor":18},{"not_picked":["Steam Power","BootSequence"],"picked":"Compile Driver+1","floor":19},{"not_picked":["Fusion","Rip and Tear+1"],"picked":"Beam Cell+1","floor":22},{"not_picked":["Rebound+1","Sweeping Beam+1"],"picked":"Stack","floor":24},{"not_picked":["Beam Cell+1","Rip and Tear+1"],"picked":"Reinforced Body","floor":25}],"player_experience":1110636,"relics_obtained":[{"floor":9,"key":"Molten Egg 2"},{"floor":13,"key":"Odd Mushroom"},{"floor":14,"key":"Cables"},{"floor":24,"key":"War Paint"},{"floor":25,"key":"Red Mask"},{"floor":26,"key":"Question Card"}],"event_choices":[{"damage_healed":0,"gold_gain":0,"player_choice":"Leave","damage_taken":0,"max_hp_gain":0,"max_hp_loss":0,"event_name":"The Cleric","floor":2,"gold_loss":0},{"damage_healed":0,"gold_gain":275,"player_choice":"Desecrate","damage_taken":0,"max_hp_gain":0,"max_hp_loss":0,"event_name":"Golden Shrine","floor":4,"gold_loss":0,"cards_obtained":["Regret"]},{"cards_removed":["Defend_B"],"damage_healed":0,"gold_gain":0,"player_choice":"Card Removal","damage_taken":7,"max_hp_gain":0,"max_hp_loss":0,"event_name":"Golden Wing","floor":11,"gold_loss":0},{"damage_healed":0,"gold_gain":0,"player_choice":"Fought Mushrooms","damage_taken":0,"max_hp_gain":0,"max_hp_loss":0,"event_name":"Mushrooms","floor":13,"gold_loss":0},{"damage_healed":0,"gold_gain":0,"player_choice":"Simplicity","damage_taken":0,"max_hp_gain":0,"max_hp_loss":0,"event_name":"Back to Basics","floor":20,"gold_loss":0,"cards_upgraded":["Strike_B","Strike_B","Strike_B","Strike_B","Defend_B","Defend_B","Defend_B"]},{"cards_removed":["Strike_B"],"damage_healed":0,"gold_gain":0,"player_choice":"Gave Gold","damage_taken":0,"max_hp_gain":0,"max_hp_loss":0,"event_name":"Beggar","floor":21,"gold_loss":75},{"damage_healed":0,"gold_gain":0,"player_choice":"Fought Bandits","damage_taken":0,"max_hp_gain":0,"max_hp_loss":0,"event_name":"Masked Bandits","floor":25,"gold_loss":0}],"is_beta":true,"boss_relics":[{"not_picked":["Velvet Choker","Tiny House"],"picked":"Cursed Key"}],"items_purged_floors":[7],"is_endless":false,"potions_floor_spawned":[1,5,12,14,18,24],"killed_by":"3 Cultists","ascension_level":20}