{"gold_per_floor":[113,127,143,153,166,166,194,194,194,194,194,219,219],"floor_reached":13,"playtime":813,"items_purged":[],"score":96,"play_id":"25a204f2-5a19-473c-9bb1-ce81aecd5c83","local_time":"20190630235647","is_ascension_mode":true,"campfire_choices":[{"data":"Searing Blow","floor":6,"key":"SMITH"},{"data":"Searing Blow+1","floor":11,"key":"SMITH"}],"neow_cost":"NONE","seed_source_timestamp":441477780667400,"circlet_count":0,"master_deck":["Strike_R","Strike_R","Strike_R","Strike_R","Defend_R","Defend_R","Defend_R","Defend_R","Bash","Bloodletting","Searing Blow+2","True Grit","True Grit","Thunderclap","Injury"],"relics":["Burning Blood","Question Card","Golden Idol","Kunai","FaceOfCleric"],"potions_floor_usage":[2,7,12],"damage_taken":[{"damage":11,"enemies":"Cultist","floor":1,"turns":4},{"damage":5,"enemies":"2 Louse","floor":2,"turns":2},{"damage":2,"enemies":"Small Slimes","floor":3,"turns":4},{"damage":33,"enemies":"Gremlin Gang","floor":4,"turns":8},{"damage":11,"enemies":"Blue Slaver","floor":5,"turns":6},{"damage":28,"enemies":"3 Sentries","floor":7,"turns":9},{"damage":12,"enemies":"Large Slime","floor":12,"turns":8},{"damage":14,"enemies":"Gremlin Nob","floor":13,"turns":4}],"seed_played":"8311013255592315006","potions_obtained":[{"floor":1,"key":"Poison Potion"},{"floor":2,"key":"SneckoOil"},{"floor":4,"key":"AttackPotion"}],"is_trial":false,"path_per_floor":["M","M","M","M","M","R","E","?","T","?","R","M","E"],"character_chosen":"IRONCLAD","items_purchased":[],"campfire_rested":0,"item_purchase_floors":[],"current_hp_per_floor":[75,76,80,53,48,48,26,26,26,26,26,21,7],"gold":219,"neow_bonus":"TRANSFORM_CARD","is_prod":false,"is_daily":false,"chose_seed":false,"campfire_upgraded":2,"win_rate":0,"timestamp":1561957007,"path_taken":["M","M","?","M","?","R","E","?","T","?","R","M","E"],"build_version":"2019-01-23","purchased_purges":0,"victory":false,"max_hp_per_floor":[80,80,80,80,80,80,80,80,80,80,80,81,81],"card_choices":[{"not_picked":["Seeing Red","Twin Strike"],"picked":"Searing Blow","floor":1},{"not_picked":["Clash","Clothesline"],"picked":"True Grit","floor":2},{"not_picked":["Heavy Blade","Flex","Pommel Strike"],"picked":"SKIP","floor":3},{"not_picked":["Exhume","Cleave"],"picked":"True Grit","floor":4},{"not_picked":["Warcry","Bloodletting"],"picked":"Thunderclap","floor":5},{"not_picked":["Rampage","Sword Boomerang","Dropkick"],"picked":"SKIP","floor":7},{"not_picked":["Heavy Blade","Clash","Body Slam","Exhume"],"picked":"SKIP","floor":12}],"player_experience":348687,"relics_obtained":[{"floor":7,"key":"Question Card"},{"floor":9,"key":"Kunai"}],"event_choices":[{"damage_healed":0,"gold_gain":0,"player_choice":"Take Wound","damage_taken":0,"relics_obtained":["Golden Idol"],"max_hp_gain":0,"max_hp_loss":0,"event_name":"Golden Idol","floor":8,"gold_loss":0,"cards_obtained":["Injury"]},{"damage_healed":0,"gold_gain":0,"player_choice":"Trade","damage_taken":0,"relics_obtained":["FaceOfCleric"],"max_hp_gain":0,"max_hp_loss":0,"event_name":"FaceTrader","floor":10,"gold_loss":0}],"is_beta":false,"boss_relics":[],"items_purged_floors":[],"is_endless":false,"potions_floor_spawned":[1,2,4],"killed_by":"Gremlin Nob","ascension_level":2}