{"gold_per_floor":[117,392,402,418,23,23,23,57,57,88,106,106,132,132,132,211,211,227,254,286,304,153,153,163,195,240,271,271,283,315,3,3,75,75,89,89,39,39,261,291,310,344,369,203,203,229,329,346,346,346,346],"floor_reached":52,"playtime":1948,"items_purged":["Regret","Strike_R","Strike_R","Strike_R","Strike_R"],"score":2199,"play_id":"2b3493c2-d7d6-4447-bb85-837da6b3ce0a","local_time":"20190812235806","is_ascension_mode":true,"campfire_choices":[{"data":"Uppercut","floor":6,"key":"SMITH"},{"floor":12,"key":"REST"},{"data":"Bash","floor":15,"key":"SMITH"},{"floor":23,"key":"REST"},{"floor":28,"key":"REST"},{"floor":32,"key":"REST"},{"floor":45,"key":"REST"},{"floor":49,"key":"RECALL"}],"neow_cost":"NONE","seed_source_timestamp":1589250123904,"circlet_count":0,"master_deck":["AscendersBane","Strike_R","Defend_R","Defend_R","Defend_R","Defend_R","Bash+1","Uppercut+1","Whirlwind+1","Evolve","Spot Weakness+1","Disarm+1","True Grit+1","Offering+1","Uppercut+1","Disarm+1","True Grit+1","Heavy Blade","Limit Break+1","Flame Barrier+1","Dark Shackles+1","Spot Weakness+1","Metallicize+1","Ghostly Armor+1","Shrug It Off+1","Power Through+1","Entrench+1"],"relics":["Burning Blood","NeowsBlessing","Oddly Smooth Stone","Darkstone Periapt","Toxic Egg 2","Letter Opener","Self Forming Clay","Fusion Hammer","Strawberry","Red Mask","Gremlin Horn","Smiling Mask","PreservedInsect","Orichalcum","Bag of Preparation","Sozu","Pen Nib","Bag of Marbles","Lantern","Anchor","Art of War","Gambling Chip"],"potions_floor_usage":[8,10,16,18,21,29,33,33],"damage_taken":[{"damage":0,"enemies":"2 Louse","floor":1,"turns":1},{"damage":0,"enemies":"Cultist","floor":3,"turns":1},{"damage":0,"enemies":"Jaw Worm","floor":4,"turns":1},{"damage":32,"enemies":"3 Sentries","floor":8,"turns":8},{"damage":42,"enemies":"Gremlin Nob","floor":10,"turns":5},{"damage":17,"enemies":"Exordium Wildlife","floor":11,"turns":6},{"damage":20,"enemies":"Lagavulin","floor":13,"turns":8},{"damage":27,"enemies":"The Guardian","floor":16,"turns":15},{"damage":6,"enemies":"Spheric Guardian","floor":18,"turns":3},{"damage":26,"enemies":"Masked Bandits","floor":20,"turns":3},{"damage":8,"enemies":"2 Thieves","floor":21,"turns":2},{"damage":6,"enemies":"Snecko","floor":24,"turns":5},{"damage":6,"enemies":"Book of Stabbing","floor":25,"turns":5},{"damage":9,"enemies":"Gremlin Leader","floor":27,"turns":4},{"damage":6,"enemies":"Centurion and Healer","floor":29,"turns":5},{"damage":18,"enemies":"Slavers","floor":30,"turns":3},{"damage":43,"enemies":"Automaton","floor":33,"turns":8},{"damage":7,"enemies":"Orb Walker","floor":35,"turns":4},{"damage":6,"enemies":"Reptomancer","floor":40,"turns":2},{"damage":6,"enemies":"3 Shapes","floor":41,"turns":7},{"damage":9,"enemies":"Nemesis","floor":42,"turns":3},{"damage":0,"enemies":"Reptomancer","floor":46,"turns":4},{"damage":6,"enemies":"Mind Bloom Boss Battle","floor":47,"turns":4},{"damage":6,"enemies":"Writhing Mass","floor":48,"turns":4},{"damage":12,"enemies":"Awakened One","floor":50,"turns":12},{"damage":13,"enemies":"Time Eater","floor":51,"turns":12}],"seed_played":"-7254587583922372681","potions_obtained":[{"floor":3,"key":"SpeedPotion"},{"floor":4,"key":"BloodPotion"},{"floor":13,"key":"SpeedPotion"},{"floor":16,"key":"Fire Potion"},{"floor":20,"key":"Energy Potion"},{"floor":21,"key":"Block Potion"},{"floor":24,"key":"LiquidBronze"},{"floor":29,"key":"Energy Potion"}],"is_trial":false,"path_per_floor":["M","?","M","M","$","R","$","E","T","E","M","R","E","?","R","B",null,"M","T","?","M","$","R","M","E","T","E","R","M","E","$","R","B",null,"M","?","$","T","?","E","M","E","T","$","R","E","?","M","R","B","B",null],"character_chosen":"IRONCLAD","items_purchased":["Whirlwind","Oddly Smooth Stone","Evolve","True Grit+1","Bag of Preparation","Dark Shackles+1","Shrug It Off+1","Power Through+1"],"campfire_rested":5,"item_purchase_floors":[5,5,5,22,31,31,44,44],"current_hp_per_floor":[74,74,75,75,75,75,75,49,49,31,20,42,28,28,28,7,58,58,65,45,43,43,67,67,67,67,64,82,82,70,70,82,45,73,72,72,72,72,72,72,72,69,69,69,78,78,78,78,78,72,65],"gold":346,"neow_bonus":"THREE_ENEMY_KILL","is_prod":false,"is_daily":false,"chose_seed":false,"campfire_upgraded":2,"win_rate":0,"timestamp":1565679486,"path_taken":["M","?","M","?","$","R","$","E","T","E","M","R","E","?","R","BOSS","M","?","?","M","$","R","M","E","T","E","R","M","E","$","R","BOSS","M","?","?","?","?","E","M","E","T","$","R","E","?","M","R","BOSS","BOSS"],"build_version":"2019-07-18","purchased_purges":5,"victory":true,"max_hp_per_floor":[75,75,75,75,75,75,75,75,75,75,75,75,75,75,75,75,75,75,82,82,82,82,82,82,82,82,82,82,82,82,82,82,82,82,82,78,78,78,78,78,78,78,78,78,78,78,78,78,78,78,78],"card_choices":[{"not_picked":["Sentinel","Fire Breathing","Heavy Blade"],"picked":"SKIP","floor":3},{"not_picked":["Sentinel","Fire Breathing","Heavy Blade"],"picked":"SKIP","floor":3},{"not_picked":["Body Slam","Infernal Blade"],"picked":"Uppercut","floor":4},{"not_picked":["Whirlwind","Warcry","Double Tap"],"picked":"SKIP","floor":8},{"not_picked":["Twin Strike","Perfected Strike"],"picked":"Spot Weakness+1","floor":10},{"not_picked":["Anger","Havoc+1"],"picked":"Disarm+1","floor":11},{"not_picked":["Bludgeon","Intimidate+1"],"picked":"True Grit+1","floor":13},{"not_picked":["Fiend Fire","Feed"],"picked":"Offering+1","floor":16},{"not_picked":["Feel No Pain+1","Cleave+1"],"picked":"Uppercut+1","floor":18},{"not_picked":["Warcry+1","Body Slam"],"picked":"Disarm+1","floor":21},{"not_picked":["Headbutt","Sword Boomerang"],"picked":"Heavy Blade","floor":24},{"not_picked":["Sentinel+1","Clash"],"picked":"Limit Break+1","floor":25},{"not_picked":["Flex+1","Bloodletting+1"],"picked":"Flame Barrier+1","floor":27},{"not_picked":["Pommel Strike","Havoc+1","Cleave"],"picked":"SKIP","floor":29},{"not_picked":["Infernal Blade+1","Iron Wave","Rage+1"],"picked":"SKIP","floor":30},{"not_picked":["Havoc+1","Combust"],"picked":"Spot Weakness+1","floor":35},{"not_picked":["Pommel Strike","Havoc+1"],"picked":"Metallicize+1","floor":40},{"not_picked":["Inflame+1","Headbutt"],"picked":"Ghostly Armor+1","floor":41},{"not_picked":["Warcry+1","Seeing Red+1","Demon Form"],"picked":"SKIP","floor":42},{"not_picked":["Armaments+1","Perfected Strike+1","Sword Boomerang"],"picked":"SKIP","floor":46},{"not_picked":["Perfected Strike","Uppercut"],"picked":"Entrench+1","floor":47},{"not_picked":["Iron Wave+1","Pommel Strike","Body Slam"],"picked":"SKIP","floor":48}],"player_experience":1404344,"relics_obtained":[{"floor":8,"key":"Darkstone Periapt"},{"floor":9,"key":"Toxic Egg 2"},{"floor":10,"key":"Letter Opener"},{"floor":13,"key":"Self Forming Clay"},{"floor":19,"key":"Strawberry"},{"floor":20,"key":"Red Mask"},{"floor":25,"key":"Gremlin Horn"},{"floor":26,"key":"Smiling Mask"},{"floor":27,"key":"PreservedInsect"},{"floor":30,"key":"Orichalcum"},{"floor":38,"key":"Pen Nib"},{"floor":40,"key":"Bag of Marbles"},{"floor":42,"key":"Lantern"},{"floor":43,"key":"Anchor"},{"floor":46,"key":"Art of War"},{"floor":47,"key":"Gambling Chip"}],"event_choices":[{"damage_healed":0,"gold_gain":275,"player_choice":"Desecrate","damage_taken":0,"max_hp_gain":0,"max_hp_loss":0,"event_name":"Golden Shrine","floor":2,"gold_loss":0,"cards_obtained":["Regret"]},{"damage_healed":0,"gold_gain":0,"player_choice":"Upgraded","damage_taken":0,"max_hp_gain":0,"max_hp_loss":0,"event_name":"Upgrade Shrine","floor":14,"gold_loss":0,"cards_upgraded":["Whirlwind"]},{"damage_healed":0,"gold_gain":0,"player_choice":"Fought Bandits","damage_taken":0,"max_hp_gain":0,"max_hp_loss":0,"event_name":"Masked Bandits","floor":20,"gold_loss":0},{"damage_healed":0,"gold_gain":0,"player_choice":"Max HP","damage_taken":0,"max_hp_gain":0,"max_hp_loss":4,"event_name":"Winding Halls","floor":36,"gold_loss":0},{"damage_healed":0,"gold_gain":222,"player_choice":"Wore Mask","damage_taken":0,"max_hp_gain":0,"max_hp_loss":0,"event_name":"Tomb of Lord Red Mask","floor":39,"gold_loss":0},{"damage_healed":0,"gold_gain":0,"player_choice":"Fight","damage_taken":0,"max_hp_gain":0,"max_hp_loss":0,"event_name":"MindBloom","floor":47,"gold_loss":0}],"is_beta":true,"boss_relics":[{"not_picked":["Eternal Feather","Orrery"],"picked":"Fusion Hammer"},{"not_picked":["Empty Cage","Velvet Choker"],"picked":"Sozu"}],"items_purged_floors":[5,22,31,37,44],"is_endless":false,"potions_floor_spawned":[3,4,13,16,20,21,24,29,41,42,46,47],"ascension_level":20}