{"gold_per_floor":[112,112,129,54,54,117,117,149,149,178,178,197,215,110,110,182,182,192,192,208,208,227,256,256,290,317,350,368,368,368,368,368,446,446,460,103,103,148,166,166,195,195,266,278,305,305,330,341,341,341,341],"floor_reached":52,"playtime":1112,"items_purged":["Pain","Defend_R"],"score":2153,"play_id":"8ec68d9c-2225-47ca-b909-96168afa0afd","local_time":"20190811235350","is_ascension_mode":true,"campfire_choices":[{"data":"Bash","floor":7.0,"key":"SMITH"},{"data":"Perfected Strike","floor":11.0,"key":"SMITH"},{"data":"Perfected Strike","floor":15.0,"key":"SMITH"},{"data":"Armaments","floor":24.0,"key":"SMITH"},{"floor":30.0,"key":"REST"},{"data":"Perfected Strike","floor":32.0,"key":"SMITH"},{"data":"Uppercut","floor":40.0,"key":"SMITH"},{"data":"Perfected Strike","floor":42.0,"key":"SMITH"},{"data":"Dual Wield","floor":49,"key":"SMITH"}],"neow_cost":"NONE","seed_source_timestamp":3536098899486,"circlet_count":0,"master_deck":["AscendersBane","Strike_R","Strike_R","Strike_R+1","Strike_R","Strike_R","Defend_R","Defend_R","Defend_R","Bash+1","Wild Strike+1","Perfected Strike+1","Twin Strike","Feel No Pain","Thunderclap","Perfected Strike+1","Perfected Strike+1","Pommel Strike","Offering","Pommel Strike+1","Perfected Strike+1","Armaments+1","Disarm","Shrug It Off","Shrug It Off+1","Immolate","Wild Strike","Battle Trance","Uppercut+1","Perfected Strike+1","Armaments+1","Dual Wield+1","Pummel"],"special_seed":0,"relics":["Burning Blood","NeowsBlessing","WarpedTongs","Tiny Chest","Bag of Marbles","Mercury Hourglass","Bag of Preparation","Philosopher\u0027s Stone","Magic Flower","Smiling Mask","Thread and Needle","Pen Nib","Singing Bowl","Question Card","Snecko Eye","Brimstone","Whetstone","Du-Vu Doll","Ornamental Fan","StoneCalendar","The Courier"],"potions_floor_usage":[51,51],"damage_taken":[{"damage":0.0,"enemies":"2 Louse","floor":1.0,"turns":1.0},{"damage":1.0,"enemies":"Cultist","floor":3.0,"turns":1.0},{"damage":0.0,"enemies":"Lagavulin","floor":6.0,"turns":1.0},{"damage":27.0,"enemies":"3 Sentries","floor":8.0,"turns":8.0},{"damage":32.0,"enemies":"Lagavulin","floor":10.0,"turns":5.0},{"damage":0.0,"enemies":"Jaw Worm","floor":12.0,"turns":1.0},{"damage":0.0,"enemies":"Blue Slaver","floor":13.0,"turns":2.0},{"damage":36.0,"enemies":"Hexaghost","floor":16.0,"turns":7.0},{"damage":6.0,"enemies":"Chosen","floor":18.0,"turns":2.0},{"damage":0.0,"enemies":"Spheric Guardian","floor":20.0,"turns":1.0},{"damage":0.0,"enemies":"Snake Plant","floor":22.0,"turns":1.0},{"damage":31.0,"enemies":"Book of Stabbing","floor":23.0,"turns":3.0},{"damage":10.0,"enemies":"Slavers","floor":25.0,"turns":3.0},{"damage":23.0,"enemies":"Book of Stabbing","floor":27.0,"turns":3.0},{"damage":6.0,"enemies":"Snecko","floor":28.0,"turns":1.0},{"damage":61.0,"enemies":"Automaton","floor":33.0,"turns":5.0},{"damage":0.0,"enemies":"3 Shapes","floor":35.0,"turns":3.0},{"damage":0.0,"enemies":"3 Darklings","floor":39.0,"turns":1.0},{"damage":7.0,"enemies":"Giant Head","floor":41.0,"turns":3.0},{"damage":0.0,"enemies":"Spire Growth","floor":44.0,"turns":2.0},{"damage":0.0,"enemies":"Reptomancer","floor":45.0,"turns":1.0},{"damage":11.0,"enemies":"Giant Head","floor":47.0,"turns":3.0},{"damage":3.0,"enemies":"4 Shapes","floor":48.0,"turns":3.0},{"damage":45,"enemies":"Donu and Deca","floor":50,"turns":4},{"damage":14,"enemies":"Time Eater","floor":51,"turns":2}],"seed_played":"-6998583219679045060","potions_obtained":[{"floor":1.0,"key":"FearPotion"},{"floor":10.0,"key":"Regen Potion"},{"floor":16.0,"key":"BloodPotion"},{"floor":20.0,"key":"Strength Potion"},{"floor":48,"key":"Regen Potion"}],"is_trial":false,"path_per_floor":["M","?","M","$","?","E","R","E","T","E","R","M","M","$","R","B",null,"M","?","M","T","M","E","R","E","T","E","M","T","R","?","R","B",null,"M","$","?","T","M","R","E","R","T","M","E","?","E","M","R","B","B",null],"character_chosen":"IRONCLAD","items_purchased":["Pommel Strike","Inflame","Brimstone","Battle Trance"],"campfire_rested":1,"item_purchase_floors":[14,14,36,36],"current_hp_per_floor":[74,74,75,75,75,75,75,54,54,28,28,34,40,40,40,10,59,75,75,75,75,75,53,53,52,52,40,43,43,66,66,66,14,61,70,70,70,70,77,77,77,77,77,77,79,79,77,79,79,43,53],"gold":341,"neow_bonus":"THREE_ENEMY_KILL","is_prod":false,"is_daily":false,"chose_seed":false,"campfire_upgraded":8,"win_rate":0,"timestamp":1565592830,"path_taken":["M","?","?","$","?","E","R","E","T","E","R","M","M","$","R","BOSS","M","?","?","?","M","E","R","E","T","E","M","?","R","?","R","BOSS","M","$","?","?","M","R","E","R","T","M","E","?","E","?","R","BOSS","BOSS"],"build_version":"2019-07-18","purchased_purges":2,"victory":true,"max_hp_per_floor":[75,75,75,75,75,75,75,75,75,75,75,75,75,75,75,75,75,75,75,75,75,75,75,75,75,75,77,77,77,77,77,77,77,77,77,77,77,77,77,77,77,77,77,77,79,79,79,79,79,79,79],"card_choices":[{"not_picked":["Pommel Strike","Iron Wave"],"picked":"Wild Strike","floor":1.0},{"not_picked":["Body Slam","Iron Wave"],"picked":"Perfected Strike","floor":3.0},{"not_picked":["Second Wind","Warcry"],"picked":"Twin Strike","floor":6.0},{"not_picked":["Burning Pact","Clash"],"picked":"Feel No Pain","floor":8.0},{"not_picked":["Whirlwind","Clash"],"picked":"Thunderclap","floor":10.0},{"not_picked":["Heavy Blade","Feed"],"picked":"Perfected Strike","floor":12.0},{"not_picked":["Sword Boomerang","Clash"],"picked":"Perfected Strike","floor":13.0},{"not_picked":["Brutality","Barricade"],"picked":"Offering","floor":16.0},{"not_picked":["Pummel","Body Slam"],"picked":"Pommel Strike","floor":18.0},{"not_picked":["Warcry+1","Thunderclap"],"picked":"Armaments","floor":22.0},{"not_picked":["Armaments","Cleave"],"picked":"Disarm","floor":23.0},{"not_picked":["Dropkick","Cleave"],"picked":"Shrug It Off","floor":25.0},{"not_picked":["Headbutt","Bloodletting+1","Havoc"],"picked":"Singing Bowl","floor":27.0},{"not_picked":["Limit Break","Wild Strike"],"picked":"Shrug It Off+1","floor":28.0},{"not_picked":["Berserk","Barricade","Feed"],"picked":"Immolate","floor":33.0},{"not_picked":["Anger","Rupture","Thunderclap"],"picked":"Wild Strike","floor":35.0},{"not_picked":["Thunderclap","Body Slam","Infernal Blade"],"picked":"Uppercut","floor":39.0},{"not_picked":["Iron Wave+1","Second Wind","Rampage"],"picked":"Perfected Strike","floor":41.0},{"not_picked":["Rampage","Bloodletting","Rage"],"picked":"Armaments+1","floor":44.0},{"not_picked":["Twin Strike","Rampage+1","Thunderclap","Headbutt"],"picked":"Singing Bowl","floor":45.0},{"not_picked":["Limit Break","Pommel Strike","Spot Weakness"],"picked":"Dual Wield","floor":47.0},{"not_picked":["Intimidate+1","True Grit","Rupture+1"],"picked":"Pummel","floor":48}],"player_experience":1400838,"relics_obtained":[{"floor":6.0,"key":"Tiny Chest"},{"floor":8.0,"key":"Bag of Marbles"},{"floor":9.0,"key":"Mercury Hourglass"},{"floor":10.0,"key":"Bag of Preparation"},{"floor":21.0,"key":"Magic Flower"},{"floor":23.0,"key":"Smiling Mask"},{"floor":25.0,"key":"Thread and Needle"},{"floor":26.0,"key":"Pen Nib"},{"floor":27.0,"key":"Singing Bowl"},{"floor":29.0,"key":"Question Card"},{"floor":38.0,"key":"Whetstone"},{"floor":41.0,"key":"Du-Vu Doll"},{"floor":43.0,"key":"Ornamental Fan"},{"floor":45.0,"key":"StoneCalendar"},{"floor":47.0,"key":"The Courier"}],"event_choices":[{"damage_healed":0.0,"max_hp_gain":0.0,"max_hp_loss":0.0,"gold_gain":0.0,"event_name":"Accursed Blacksmith","player_choice":"Rummage","floor":2.0,"gold_loss":0.0,"damage_taken":0.0,"relics_obtained":["WarpedTongs"],"cards_obtained":["Pain"]},{"damage_healed":0.0,"max_hp_gain":0.0,"max_hp_loss":0.0,"gold_gain":0.0,"event_name":"Liars Game","player_choice":"Ignored","floor":5.0,"gold_loss":0.0,"damage_taken":0.0},{"damage_healed":0.0,"max_hp_gain":0.0,"max_hp_loss":0.0,"gold_gain":0.0,"event_name":"Duplicator","player_choice":"Copied","floor":19.0,"gold_loss":0.0,"damage_taken":0.0,"cards_obtained":["Perfected Strike"]},{"damage_healed":0.0,"max_hp_gain":0.0,"max_hp_loss":0.0,"gold_gain":0.0,"event_name":"Vampires","player_choice":"Ignored","floor":31.0,"gold_loss":0.0,"damage_taken":0.0},{"cards_removed":["Inflame"],"damage_healed":0.0,"max_hp_gain":0.0,"max_hp_loss":0.0,"gold_gain":0.0,"event_name":"Falling","player_choice":"Removed Power","floor":37.0,"gold_loss":0.0,"damage_taken":0.0},{"damage_healed":0.0,"max_hp_gain":0.0,"max_hp_loss":0.0,"gold_gain":0.0,"event_name":"Upgrade Shrine","player_choice":"Upgraded","floor":46.0,"gold_loss":0.0,"damage_taken":0.0,"cards_upgraded":["Pommel Strike"]}],"is_beta":true,"boss_relics":[{"not_picked":["Ectoplasm","Pandora\u0027s Box"],"picked":"Philosopher\u0027s Stone"},{"not_picked":["Runic Pyramid","Runic Cube"],"picked":"Snecko Eye"}],"items_purged_floors":[4,36],"is_endless":false,"potions_floor_spawned":[1,10,16,20,22,27,33,35,47,48],"ascension_level":20}