{"gold_per_floor":[114,114,132,207,207,241,241,269,338,358,373,373],"floor_reached":12,"playtime":226,"items_purged":[],"score":226,"play_id":"8a1c7e51-35b8-497c-807a-6edd72287311","local_time":"20190218190313","is_ascension_mode":true,"campfire_choices":[{"data":"Zap","floor":7,"key":"SMITH"}],"neow_cost":"NONE","seed_source_timestamp":15317210082542,"circlet_count":0,"master_deck":["AscendersBane","Strike_B","Strike_B","Strike_B","Strike_B","Defend_B","Defend_B","Defend_B","Defend_B","Zap+1","Dualcast","Chill","Hologram","All For One","Gash","Steam+1","Auto Shields+1"],"relics":["Cracked Core","NeowsBlessing","Dream Catcher","Cables","Pocketwatch","Art of War","Toxic Egg 2"],"potions_floor_usage":[8,12,12],"damage_taken":[{"damage":0,"enemies":"Cultist","floor":1,"turns":1},{"damage":0,"enemies":"2 Louse","floor":3,"turns":1},{"damage":0,"enemies":"3 Sentries","floor":6,"turns":1},{"damage":10,"enemies":"Lagavulin","floor":8,"turns":5},{"damage":12,"enemies":"Small Slimes","floor":10,"turns":2},{"damage":0,"enemies":"2 Fungi Beasts","floor":11,"turns":2},{"damage":10,"enemies":"Gremlin Nob","floor":12,"turns":3}],"seed_played":"-5330760469404361169","potions_obtained":[{"floor":3,"key":"PowerPotion"},{"floor":10,"key":"Swift Potion"},{"floor":11,"key":"Weak Potion"}],"is_trial":false,"path_per_floor":["M","T","M","?","?","E","R","E","T","M","M","E"],"character_chosen":"DEFECT","items_purchased":[],"campfire_rested":0,"item_purchase_floors":[],"current_hp_per_floor":[64,64,64,53,35,35,35,25,25,13,13,3],"gold":373,"neow_bonus":"THREE_ENEMY_KILL","is_prod":false,"is_daily":false,"chose_seed":false,"campfire_upgraded":1,"win_rate":0,"timestamp":1550545393,"path_taken":["M","?","M","?","?","E","R","E","T","M","M","E"],"build_version":"2019-02-06","purchased_purges":0,"victory":false,"max_hp_per_floor":[71,71,71,71,71,71,71,71,71,71,71,71],"card_choices":[{"not_picked":["Rebound","Hologram"],"picked":"Chill","floor":1},{"not_picked":["Reinforced Body","Barrage"],"picked":"Hologram","floor":3},{"not_picked":["Beam Cell","Conserve Battery"],"picked":"All For One","floor":6},{"not_picked":["Barrage","Reinforced Body"],"picked":"Gash","floor":8},{"not_picked":["Stack+1","Compile Driver"],"picked":"Steam+1","floor":10},{"not_picked":["Ball Lightning","Barrage"],"picked":"Auto Shields+1","floor":11}],"player_experience":1176457,"relics_obtained":[{"floor":2,"key":"Dream Catcher"},{"floor":6,"key":"Pocketwatch"},{"floor":8,"key":"Art of War"},{"floor":9,"key":"Toxic Egg 2"}],"event_choices":[{"damage_healed":0,"gold_gain":75,"player_choice":"Gather Gold","damage_taken":11,"max_hp_gain":0,"max_hp_loss":0,"event_name":"World of Goop","floor":4,"gold_loss":0},{"damage_healed":0,"gold_gain":0,"player_choice":"Success","damage_taken":18,"relics_obtained":["Cables"],"max_hp_gain":0,"max_hp_loss":0,"event_name":"Scrap Ooze","floor":5,"gold_loss":0}],"is_beta":true,"boss_relics":[],"items_purged_floors":[],"is_endless":false,"potions_floor_spawned":[3,10,11],"killed_by":"Gremlin Nob","ascension_level":20}