{"gold_per_floor":[111,121,50,50,65,65,99,111,165,194,222,263,275,304,316,402,414,441,453,494,523,551,563,2,31,31,31,31,31,51,61,61,139,139,154,154,79,97,121,121,134,134,134,163,183,153,171,185,185,185],"floor_reached":51,"playtime":2235,"items_purged":["Defend_B"],"score":1276,"play_id":"7ae3b262-56a3-41d5-9b0d-d9bf37ca8752","local_time":"20180804012641","is_ascension_mode":true,"campfire_choices":[{"data":"Doom and Gloom","floor":6.0,"key":"SMITH"},{"data":"Zap","floor":13.0,"key":"SMITH"},{"data":"Beam Cell","floor":15.0,"key":"SMITH"},{"floor":23.0,"key":"REST"},{"data":"Hello World","floor":27.0,"key":"SMITH"},{"floor":29.0,"key":"REST"},{"data":"Seek","floor":32.0,"key":"SMITH"},{"data":"Skim","floor":40,"key":"SMITH"},{"data":"Glacier","floor":42,"key":"SMITH"},{"floor":49,"key":"REST"}],"neow_cost":"","seed_source_timestamp":595455691265188,"circlet_count":0,"master_deck":["Strike_B","Strike_B","Strike_B","Defend_B","Defend_B","Defend_B","Zap+1","Dualcast","AscendersBane","Glacier+1","Beam Cell+1","Doom and Gloom+1","Conserve Battery","Glacier","Hello World+1","Leap","Leap","Seek+1","Melter+1","FTL","FTL","Buffer+1","Skim+1","Writhe","FTL+1","Defragment+1"],"special_seed":0,"relics":["Cracked Core","Singing Bowl","MawBank","Bag of Marbles","Busted Crown","Red Mask","Gremlin Horn","Frozen Egg 2","Dodecahedron","Centennial Puzzle","Cursed Key","Potion Belt","Anchor"],"potions_floor_usage":[44,50,50,50],"damage_taken":[{"damage":8.0,"enemies":"Jaw Worm","floor":1.0,"turns":4.0},{"damage":7.0,"enemies":"2 Louse","floor":2.0,"turns":3.0},{"damage":0.0,"enemies":"Cultist","floor":5.0,"turns":2.0},{"damage":18.0,"enemies":"3 Sentries","floor":7.0,"turns":5.0},{"damage":1.0,"enemies":"Blue Slaver","floor":8.0,"turns":2.0},{"damage":0.0,"enemies":"Large Slime","floor":10.0,"turns":4.0},{"damage":7.0,"enemies":"2 Fungi Beasts","floor":11.0,"turns":3.0},{"damage":0.0,"enemies":"Lagavulin","floor":12.0,"turns":7.0},{"damage":8.0,"enemies":"Blue Slaver","floor":14.0,"turns":3.0},{"damage":16.0,"enemies":"Slime Boss","floor":16.0,"turns":12.0},{"damage":0.0,"enemies":"Shell Parasite","floor":18.0,"turns":7.0},{"damage":0.0,"floor":20.0,"turns":4.0},{"damage":10.0,"enemies":"3 Byrds","floor":21.0,"turns":5.0},{"damage":21.0,"enemies":"Snake Plant","floor":22.0,"turns":5.0},{"damage":17.0,"enemies":"Book of Stabbing","floor":25.0,"turns":5.0},{"damage":0.0,"enemies":"Sentry and Sphere","floor":30.0,"turns":3.0},{"damage":0.0,"enemies":"Chosen and Byrds","floor":31.0,"turns":6.0},{"damage":43.0,"enemies":"Champ","floor":33.0,"turns":16.0},{"damage":3,"enemies":"Orb Walker","floor":35,"turns":3},{"damage":0,"enemies":"3 Shapes","floor":38,"turns":5},{"damage":3,"enemies":"Sphere and 2 Shapes","floor":41,"turns":2},{"damage":10,"enemies":"Nemesis","floor":44,"turns":7},{"damage":0,"enemies":"Flame Bruiser 2 Orb","floor":45,"turns":7},{"damage":12,"enemies":"4 Shapes","floor":47,"turns":6},{"damage":0,"enemies":"Transient","floor":48,"turns":5},{"damage":39,"enemies":"Donu and Deca","floor":50,"turns":13}],"seed_played":"-4353515069245037992","potions_obtained":[{"floor":1.0,"key":"SpeedPotion"},{"floor":2.0,"key":"FairyPotion"},{"floor":20.0,"key":"Swift Potion"},{"floor":22.0,"key":"AttackPotion"},{"floor":44,"key":"Ancient Potion"},{"floor":46,"key":"LiquidBronze"},{"floor":46,"key":"Regen Potion"}],"is_trial":false,"path_per_floor":["M","M","$","?","M","R","E","M","T","M","M","E","R","M","R","B",null,"M","?","?","M","M","R","$","E","T","R","?","R","M","M","R","B",null,"M","?","$","M","T","R","M","R","T","E","M","?","M","M","R","B"],"character_chosen":"DEFECT","items_purchased":["Doom and Gloom","FTL","Gremlin Horn","Frozen Egg 2"],"campfire_rested":3,"item_purchase_floors":[3,24,24,24],"current_hp_per_floor":[56,49,49,54,54,54,36,37,37,37,30,32,32,24,24,8,62,64,64,64,56,37,62,62,45,45,45,45,70,72,74,74,31,75,74,74,74,74,74,74,71,71,71,63,65,65,55,55,84,59],"gold":185,"neow_bonus":"","is_prod":false,"is_daily":false,"chose_seed":false,"campfire_upgraded":7,"win_rate":0,"timestamp":1533371201,"path_taken":["M","M","$","?","M","R","E","M","T","M","?","E","R","M","R","BOSS","M","?","?","M","M","R","$","E","T","R","?","R","M","M","R","BOSS","M","?","$","M","?","R","M","R","T","E","M","?","?","M","R","BOSS"],"build_version":"2018-08-01","purchased_purges":1,"victory":true,"max_hp_per_floor":[71,71,71,76,76,76,76,78,78,78,78,80,80,80,80,80,80,82,82,82,84,86,86,86,86,86,86,86,86,88,90,90,90,90,92,92,92,92,92,92,92,92,92,94,96,96,98,98,98,98],"card_choices":[{"not_picked":["Streamline","Leap"],"picked":"Glacier","floor":1.0},{"not_picked":["Skim","Rebound"],"picked":"Beam Cell","floor":2.0},{"not_picked":["Coolheaded","Sweeping Beam"],"picked":"Conserve Battery","floor":5.0},{"not_picked":["Scrape","Cold Snap"],"picked":"Glacier","floor":7.0},{"not_picked":["Ball Lightning","Chill","Lockon"],"picked":"Singing Bowl","floor":8.0},{"not_picked":["Cold Snap","Beam Cell"],"picked":"Hello World","floor":10.0},{"not_picked":["Compile Driver","Tempest"],"picked":"Leap","floor":11.0},{"not_picked":["Barrage","Creative AI","Rebound"],"picked":"Singing Bowl","floor":12.0},{"not_picked":["Force Field","Auto Shields"],"picked":"Leap","floor":14.0},{"not_picked":["Buffer","Meteor Strike"],"picked":"Seek","floor":16.0},{"not_picked":["Double Energy"],"picked":"Singing Bowl","floor":18.0},{"not_picked":[],"picked":"Melter+1","floor":20.0},{"not_picked":["Hello World"],"picked":"Singing Bowl","floor":21.0},{"not_picked":["Beam Cell"],"picked":"Singing Bowl","floor":22.0},{"not_picked":[],"picked":"FTL","floor":25.0},{"not_picked":["Turbo"],"picked":"Singing Bowl","floor":30.0},{"not_picked":["Melter"],"picked":"Singing Bowl","floor":31.0},{"not_picked":[],"picked":"Buffer+1","floor":33.0},{"not_picked":["Sweeping Beam"],"picked":"Singing Bowl","floor":35},{"not_picked":[],"picked":"Skim","floor":38},{"not_picked":[],"picked":"FTL+1","floor":41},{"not_picked":["Streamline"],"picked":"Singing Bowl","floor":44},{"not_picked":["Ball Lightning+1"],"picked":"Singing Bowl","floor":45},{"not_picked":["Rebound"],"picked":"Singing Bowl","floor":47},{"not_picked":[],"picked":"Defragment+1","floor":48}],"player_experience":723045,"relics_obtained":[{"floor":7.0,"key":"Singing Bowl"},{"floor":9.0,"key":"MawBank"},{"floor":12.0,"key":"Bag of Marbles"},{"floor":20.0,"key":"Red Mask"},{"floor":25.0,"key":"Dodecahedron"},{"floor":26.0,"key":"Centennial Puzzle"},{"floor":39,"key":"Potion Belt"},{"floor":44,"key":"Anchor"}],"event_choices":[{"event_name":"Big Fish","player_choice":"Donut","floor":4.0,"damage_taken":0.0},{"event_name":"Drug Dealer","player_choice":"Ignored","floor":19.0,"damage_taken":0.0},{"event_name":"Masked Bandits","player_choice":"Fought over 465 gold","floor":20.0,"damage_taken":0.0},{"event_name":"Addict","player_choice":"Ignored","floor":28.0,"damage_taken":0.0},{"event_name":"Falling","player_choice":"Removed Attack","floor":36,"damage_taken":0},{"event_name":"The Woman in Blue","player_choice":"Bought 2 Potions","floor":46,"damage_taken":0}],"is_beta":true,"boss_relics":[{"not_picked":["Runic Pyramid","Runic Dome"],"picked":"Busted Crown"},{"not_picked":["Coffee Dripper","Orrery"],"picked":"Cursed Key"}],"items_purged_floors":[37],"is_endless":false,"potions_floor_spawned":[1,2,5,8,12,14,20,22,31,33,44,47],"ascension_level":15}