{"gold_per_floor":[113,127,15,25,36,36,69,85,110,22,42,42,57,74,74,148,148,168,188,206,56,70,96,96,21,95,95,95,95,110,128,128,203,203,220,44,0,15,15,15,15,15,15,49,49,68,83,83,83,83],"floor_reached":51,"playtime":2561,"items_purged":["Strike_G","Strike_G+1"],"score":1462,"play_id":"2ddc10f0-3275-452e-a2e8-57dd27235c9f","local_time":"20180712183806","daily_mods":["Binary"],"is_ascension_mode":true,"campfire_choices":[{"data":"Noxious Fumes","floor":6,"key":"SMITH"},{"data":"Neutralize","floor":12,"key":"SMITH"},{"data":"Catalyst","floor":15,"key":"SMITH"},{"floor":24,"key":"REST"},{"data":"Footwork","floor":27,"key":"SMITH"},{"data":"Malaise","floor":32,"key":"SMITH"},{"data":"Footwork","floor":40,"key":"SMITH"},{"data":"Footwork","floor":42,"key":"SMITH"},{"floor":49,"key":"REST"}],"neow_cost":"","seed_source_timestamp":0,"circlet_count":0,"master_deck":["Defend_G+1","Defend_G+1","Defend_G+1","Defend_G+1","Strike_G+1","Survivor","Neutralize+1","AscendersBane","Noxious Fumes+1","Catalyst+1","Footwork+1","Backflip","Blur+1","Predator+1","Prepared+1","Footwork+1","Malaise+1","Footwork+1","Writhe"],"relics":["Ring of the Snake","Busted Crown","Centennial Puzzle","Orichalcum","Astrolabe","Bronze Scales","Matryoshka","Sozu","Red Mask","Gremlin Horn","Tough Bandages","Turnip"],"potions_floor_usage":[11,16,23,39],"damage_taken":[{"damage":2,"enemies":"Cultist","floor":1,"turns":5},{"damage":0,"enemies":"Jaw Worm","floor":2,"turns":5},{"damage":0,"enemies":"2 Louse","floor":4,"turns":4},{"damage":7,"enemies":"Blue Slaver","floor":5,"turns":5},{"damage":27,"enemies":"Lagavulin","floor":7,"turns":7},{"damage":4,"enemies":"Exordium Thugs","floor":8,"turns":6},{"damage":0,"enemies":"3 Louse","floor":11,"turns":4},{"damage":0,"enemies":"Looter","floor":13,"turns":4},{"damage":2,"enemies":"Exordium Thugs","floor":14,"turns":4},{"damage":0,"enemies":"The Guardian","floor":16,"turns":10},{"damage":1,"enemies":"Shell Parasite","floor":18,"turns":5},{"damage":10,"enemies":"Spheric Guardian","floor":19,"turns":7},{"damage":8,"enemies":"Centurion and Healer","floor":20,"turns":7},{"damage":1,"enemies":"Snecko","floor":22,"turns":6},{"damage":19,"enemies":"Gremlin Leader","floor":23,"turns":8},{"damage":0,"enemies":"Snake Plant","floor":30,"turns":5},{"damage":4,"enemies":"Chosen and Byrds","floor":31,"turns":8},{"damage":20,"enemies":"Champ","floor":33,"turns":19},{"damage":0,"enemies":"3 Darklings","floor":35,"turns":5},{"damage":6,"enemies":"3 Shapes","floor":38,"turns":6},{"damage":0,"enemies":"Sphere and 2 Shapes","floor":39,"turns":3},{"damage":0,"enemies":"Nemesis","floor":44,"turns":11},{"damage":30,"enemies":"Flame Bruiser 2 Orb","floor":46,"turns":6},{"damage":0,"enemies":"Spire Growth","floor":47,"turns":8},{"damage":0,"enemies":"Donu and Deca","floor":50,"turns":16}],"seed_played":"8407347720778278704","potions_obtained":[{"floor":2,"key":"Regen Potion"},{"floor":5,"key":"GhostInAJar"},{"floor":22,"key":"Swift Potion"},{"floor":23,"key":"SmokeBomb"},{"floor":28,"key":"GhostInAJar"}],"is_trial":true,"path_per_floor":["M","M","$","M","M","R","E","M","T","$","M","R","M","M","R","B",null,"M","M","M","$","M","E","R","$","T","R","?","?","M","M","R","B",null,"M","$","?","M","M","R","?","R","T","E","?","M","M","?","R","B"],"character_chosen":"THE_SILENT","items_purchased":["Noxious Fumes","Catalyst","Footwork","Backflip","Footwork","Malaise","Footwork"],"campfire_rested":2,"item_purchase_floors":[3,3,10,10,21,25,36],"current_hp_per_floor":[57,57,57,57,50,50,23,19,19,19,33,33,33,31,31,31,57,56,46,38,38,37,18,37,37,37,37,37,37,37,33,33,13,53,53,53,53,47,47,47,60,60,60,60,60,30,30,30,49,49],"gold":83,"neow_bonus":"","is_prod":false,"is_daily":false,"chose_seed":false,"campfire_upgraded":7,"win_rate":0,"timestamp":1531445886,"path_taken":["M","M","$","M","M","R","E","M","T","$","M","R","M","M","R","BOSS","M","M","M","$","M","E","R","$","T","R","?","?","?","M","R","BOSS","M","$","?","M","?","R","?","R","T","E","?","M","?","?","R","BOSS"],"build_version":"2018-07-12","purchased_purges":2,"victory":true,"max_hp_per_floor":[66,66,66,66,66,66,66,66,66,66,66,66,66,66,66,66,66,66,66,66,66,66,66,66,66,66,66,66,66,66,66,66,66,66,66,66,66,66,66,66,66,66,66,66,66,66,66,66,66,66],"card_choices":[],"player_experience":609628,"relics_obtained":[{"floor":7,"key":"Centennial Puzzle"},{"floor":9,"key":"Orichalcum"},{"floor":23,"key":"Bronze Scales"},{"floor":26,"key":"Matryoshka"},{"floor":43,"key":"Gremlin Horn"},{"floor":43,"key":"Tough Bandages"},{"floor":44,"key":"Turnip"}],"event_choices":[{"event_name":"The Lab","player_choice":"Got Potions","floor":28,"damage_taken":0},{"event_name":"Back to Basics","player_choice":"Simplicity","floor":29,"damage_taken":0},{"event_name":"Tomb of Lord Red Mask","player_choice":"Paid","floor":37,"damage_taken":0},{"event_name":"Winding Halls","player_choice":"Writhe","floor":41,"damage_taken":0},{"event_name":"Mysterious Sphere","player_choice":"Ignore","floor":45,"damage_taken":0},{"event_name":"SensoryStone","player_choice":"Memory 1","floor":48,"damage_taken":0}],"boss_relics":[{"not_picked":["Orrery","Coffee Dripper"],"picked":"Astrolabe"},{"not_picked":["Black Star","Fusion Hammer"],"picked":"Sozu"}],"items_purged_floors":[21,36],"is_endless":false,"potions_floor_spawned":[2,5,8,22,23,30,31,33,38,46,47],"ascension_level":15}