{"gold_per_floor":[110,20,33,33,52,52,68,68,68,84,102,117,117,150,150,226,226,241,241,8,25,25,25,37,37,37,37,51,51,67,67],"floor_reached":31,"playtime":942,"items_purged":[],"score":443,"play_id":"69b9e266-28f2-4fed-9f26-aa831cc60570","local_time":"20180727002803","is_ascension_mode":true,"campfire_choices":[{"data":"Neutralize","floor":6,"key":"SMITH"},{"data":"Cloak And Dagger","floor":8,"key":"SMITH"},{"data":"Bane","floor":15,"key":"SMITH"},{"floor":23,"key":"REST"},{"floor":25,"key":"REST"},{"data":"After Image","floor":27,"key":"SMITH"},{"data":"Footwork","floor":29,"key":"SMITH"}],"neow_cost":"NONE","seed_source_timestamp":312067463393891,"circlet_count":0,"master_deck":["Survivor","Neutralize+1","AscendersBane","Dodge and Roll","Footwork+1","Deadly Poison","Dagger Spray","Cloak And Dagger+1","Quick Slash","Footwork","Backflip","Bane+1","After Image+1","PiercingWail","Prepared","Caltrops","Heel Hook","Deflect","Skewer","Deadly Poison","Deadly Poison","Sucker Punch","After Image","Dash","Escape Plan","Cloak And Dagger","Infinite Blades","Dodge and Roll","Burst","Cloak And Dagger","Leg Sweep","Cloak And Dagger"],"relics":["Sozu","Potion Belt","Letter Opener","Pandora\u0027s Box","Mercury Hourglass"],"potions_floor_usage":[],"damage_taken":[{"damage":0,"enemies":"2 Louse","floor":1,"turns":4},{"damage":2,"enemies":"Small Slimes","floor":3,"turns":4},{"damage":0,"enemies":"Cultist","floor":5,"turns":5},{"damage":0,"enemies":"Blue Slaver","floor":7,"turns":4},{"damage":11,"enemies":"3 Louse","floor":10,"turns":3},{"damage":0,"enemies":"Looter","floor":11,"turns":3},{"damage":7,"enemies":"Exordium Thugs","floor":12,"turns":6},{"damage":18,"enemies":"Gremlin Nob","floor":14,"turns":5},{"damage":10,"enemies":"Hexaghost","floor":16,"turns":11},{"damage":12,"enemies":"Chosen","floor":18,"turns":4},{"damage":29,"enemies":"3 Byrds","floor":21,"turns":6},{"damage":18,"enemies":"Snake Plant","floor":24,"turns":4},{"damage":2,"enemies":"3 Cultists","floor":28,"turns":5},{"damage":27,"enemies":"Chosen and Byrds","floor":30,"turns":7},{"damage":10,"enemies":"Centurion and Healer","floor":31,"turns":1}],"seed_played":"-6852266589621994026","potions_obtained":[],"is_trial":false,"path_per_floor":["M","$","M","?","M","R","M","R","T","M","M","M","?","E","R","B",null,"M","?","$","M","?","R","M","R","T","R","M","R","M"],"character_chosen":"THE_SILENT","items_purchased":["Footwork","Deadly Poison","Dash","Escape Plan","Cloak And Dagger","Infinite Blades"],"campfire_rested":2,"item_purchase_floors":[2,2,20,20,20,20],"current_hp_per_floor":[59,59,57,62,62,62,62,62,62,51,51,44,37,19,19,9,56,44,44,44,15,15,36,18,39,39,39,37,37,10,0],"gold":67,"neow_bonus":"BOSS_RELIC","is_prod":false,"is_daily":false,"chose_seed":false,"campfire_upgraded":5,"win_rate":0,"timestamp":1532676483,"path_taken":["M","$","M","?","M","R","M","R","T","?","M","M","?","E","R","BOSS","M","?","$","M","?","R","M","R","T","R","M","R","M","M"],"build_version":"2018-07-26","purchased_purges":0,"victory":false,"max_hp_per_floor":[66,66,66,71,71,71,71,71,71,71,71,71,71,71,71,71,71,71,71,71,71,71,71,71,71,71,71,71,71,71,71],"card_choices":[{"not_picked":["Underhanded Strike","Deflect"],"picked":"Dodge and Roll","floor":1},{"not_picked":["Acrobatics","Well Laid Plans"],"picked":"Dagger Spray","floor":5},{"not_picked":["Bane","Quick Slash"],"picked":"Cloak And Dagger","floor":7},{"not_picked":["Tactician","Acrobatics"],"picked":"Quick Slash","floor":10},{"not_picked":["Adrenaline","Slice"],"picked":"Footwork","floor":11},{"not_picked":["Dagger Spray","Poisoned Stab"],"picked":"Backflip","floor":12},{"not_picked":["Phantasmal Killer","Underhanded Strike"],"picked":"Bane","floor":14},{"not_picked":["Die Die Die","Envenom"],"picked":"After Image","floor":16},{"not_picked":["Finisher","Dagger Throw"],"picked":"Sucker Punch","floor":18},{"not_picked":["Finisher","Expertise"],"picked":"Dodge and Roll","floor":21},{"not_picked":["Dagger Spray","Backflip"],"picked":"Cloak And Dagger","floor":24},{"not_picked":["Expertise","Masterful Stab"],"picked":"Leg Sweep","floor":28},{"not_picked":["Skewer","Dagger Spray"],"picked":"Cloak And Dagger","floor":30}],"player_experience":691812,"relics_obtained":[{"floor":9,"key":"Potion Belt"},{"floor":14,"key":"Letter Opener"},{"floor":26,"key":"Mercury Hourglass"}],"event_choices":[{"event_name":"Big Fish","player_choice":"Donut","floor":4,"damage_taken":0},{"event_name":"Golden Wing","player_choice":"Card Removal","floor":13,"damage_taken":0},{"event_name":"Duplicator","player_choice":"One dupe","floor":19,"damage_taken":0},{"event_name":"Transmorgrifier","player_choice":"Transform","floor":22,"damage_taken":0}],"is_beta":true,"boss_relics":[{"not_picked":["Eternal Feather","Lizard Tail"],"picked":"Pandora\u0027s Box"}],"items_purged_floors":[],"is_endless":false,"potions_floor_spawned":[7,11,12,14,24,28],"killed_by":"Centurion and Healer","ascension_level":15}