{"gold_per_floor":[115,128,53,63,113,113,144,144,219,249,249,261,261,279,279,350,350,367,385,24,24,24,24,40,55,105,130,130,148,164,214,214,291,291,301,319,319,319,319,344,344,364,391,75,94,94,121,71,71,71,71],"floor_reached":52,"playtime":2461,"items_purged":["Strike_B","Strike_B"],"score":1930,"play_id":"4a54fbdd-5eb3-4eed-8d09-262692131a0d","local_time":"20190707122654","is_ascension_mode":true,"campfire_choices":[{"data":"Zap","floor":6.0,"key":"SMITH"},{"data":"Dualcast","floor":8.0,"key":"SMITH"},{"data":"Coolheaded","floor":11.0,"key":"SMITH"},{"data":"Beam Cell","floor":13.0,"key":"SMITH"},{"data":"Hello World","floor":15.0,"key":"SMITH"},{"data":"Biased Cognition","floor":23.0,"key":"SMITH"},{"data":"Loop","floor":28.0,"key":"SMITH"},{"floor":32.0,"key":"REST"},{"floor":41,"key":"REST"},{"floor":46,"key":"REST"},{"floor":49,"key":"REST"}],"neow_cost":"NONE","seed_source_timestamp":0,"circlet_count":0,"master_deck":["AscendersBane","Defend_B+1","Defend_B","Defend_B+1","Defend_B","Zap+1","Dualcast+1","Ball Lightning","Cold Snap","BootSequence+1","Auto Shields","Coolheaded+1","Beam Cell+1","Hello World+1","Biased Cognition+1","Loop+1","Coolheaded","BootSequence","Ball Lightning+1","Coolheaded+1","Cold Snap+1","Capacitor","Reinforced Body+1","Sunder+1","Rainbow"],"special_seed":0,"relics":["Cracked Core","NeowsBlessing","War Paint","Dodecahedron","Ornamental Fan","Busted Crown","ClockworkSouvenir","Bronze Scales","Lantern","Pen Nib","Philosopher\u0027s Stone","The Courier","Ancient Tea Set","Runic Capacitor","Oddly Smooth Stone","Dream Catcher"],"potions_floor_usage":[51],"damage_taken":[{"damage":0.0,"enemies":"Cultist","floor":1.0,"turns":1.0},{"damage":0.0,"enemies":"2 Louse","floor":2.0,"turns":1.0},{"damage":0.0,"enemies":"Jaw Worm","floor":4.0,"turns":1.0},{"damage":12.0,"enemies":"3 Sentries","floor":7.0,"turns":6.0},{"damage":12.0,"enemies":"Lagavulin","floor":10.0,"turns":6.0},{"damage":0.0,"enemies":"Large Slime","floor":12.0,"turns":4.0},{"damage":0.0,"enemies":"Blue Slaver","floor":14.0,"turns":3.0},{"damage":9.0,"enemies":"The Guardian","floor":16.0,"turns":11.0},{"damage":3.0,"enemies":"2 Thieves","floor":18.0,"turns":4.0},{"damage":0.0,"enemies":"Chosen","floor":19.0,"turns":3.0},{"damage":7.0,"enemies":"Centurion and Healer","floor":24.0,"turns":5.0},{"damage":10.0,"enemies":"Sentry and Sphere","floor":25.0,"turns":5.0},{"damage":2.0,"enemies":"Book of Stabbing","floor":27.0,"turns":4.0},{"damage":1.0,"enemies":"Shelled Parasite and Fungi","floor":29.0,"turns":4.0},{"damage":0.0,"enemies":"Cultist and Chosen","floor":30.0,"turns":5.0},{"damage":6.0,"enemies":"Automaton","floor":33.0,"turns":10.0},{"damage":10.0,"enemies":"3 Shapes","floor":35.0,"turns":6.0},{"damage":5.0,"enemies":"3 Darklings","floor":36.0,"turns":4.0},{"damage":20,"enemies":"Giant Head","floor":40,"turns":10},{"damage":15,"enemies":"Maw","floor":42,"turns":7},{"damage":11,"enemies":"Spire Growth","floor":45,"turns":5},{"damage":0,"enemies":"Nemesis","floor":47,"turns":9},{"damage":2,"enemies":"Donu and Deca","floor":50,"turns":10},{"damage":6,"enemies":"Time Eater","floor":51,"turns":13}],"seed_played":"5674130450599151905","potions_obtained":[{"floor":2.0,"key":"Ancient Potion"},{"floor":4.0,"key":"Strength Potion"},{"floor":12.0,"key":"Ancient Potion"},{"floor":24.0,"key":"SpeedPotion"}],"is_trial":false,"path_per_floor":["M","M","$","M","?","R","E","R","T","E","R","M","R","M","R","B",null,"M","M","$","?","T","R","M","M","T","E","R","M","M","?","R","B",null,"M","M","?","$","?","E","R","M","T","$","M","R","E","?","R","B","B",null],"character_chosen":"DEFECT","items_purchased":["ClockworkSouvenir","Coolheaded","Runic Capacitor","Oddly Smooth Stone"],"campfire_rested":4,"item_purchase_floors":[20,20,44,44],"current_hp_per_floor":[64,64,64,64,64,64,52,52,52,40,40,40,40,40,40,31,61,58,58,58,58,58,58,51,41,41,39,39,38,38,38,59,53,67,57,52,52,52,52,32,52,37,37,37,26,46,46,46,66,64,58],"gold":71,"neow_bonus":"THREE_ENEMY_KILL","is_prod":false,"is_daily":false,"chose_seed":false,"campfire_upgraded":7,"win_rate":0,"timestamp":1562527614,"path_taken":["M","?","$","M","?","R","E","R","T","E","R","M","R","M","R","BOSS","M","?","$","?","?","R","M","M","T","E","R","M","M","?","R","BOSS","M","M","?","?","?","E","R","M","T","$","?","R","E","?","R","BOSS","BOSS"],"build_version":"2019-07-03","purchased_purges":2,"victory":true,"max_hp_per_floor":[71,71,71,71,71,71,71,71,71,71,71,71,71,71,71,71,71,71,71,71,71,71,71,71,71,71,71,71,71,71,71,71,71,71,71,71,67,67,67,67,67,67,67,67,67,67,67,67,67,67,67],"card_choices":[{"not_picked":["Redo","Stack"],"picked":"Ball Lightning","floor":1.0},{"not_picked":["Conserve Battery","Hologram"],"picked":"Cold Snap","floor":2.0},{"not_picked":["Hologram","Skim"],"picked":"BootSequence","floor":4.0},{"not_picked":["Rebound","Barrage"],"picked":"Auto Shields","floor":7.0},{"not_picked":["Hologram","Storm"],"picked":"Coolheaded","floor":10.0},{"not_picked":["Leap","Streamline"],"picked":"Beam Cell","floor":12.0},{"not_picked":["Echo Form","Gash"],"picked":"Hello World","floor":14.0},{"not_picked":["Reboot","Echo Form"],"picked":"Biased Cognition","floor":16.0},{"not_picked":[],"picked":"Loop","floor":18.0},{"not_picked":[],"picked":"Coolheaded+1","floor":25.0},{"not_picked":[],"picked":"Cold Snap+1","floor":27.0},{"not_picked":[],"picked":"Capacitor","floor":29.0},{"not_picked":[],"picked":"Reinforced Body+1","floor":35.0},{"not_picked":[],"picked":"Sunder+1","floor":36.0},{"not_picked":["Steam+1"],"picked":"SKIP","floor":40},{"not_picked":["Scrape"],"picked":"SKIP","floor":42},{"not_picked":["Double Energy"],"picked":"SKIP","floor":47}],"player_experience":1353035,"relics_obtained":[{"floor":7.0,"key":"War Paint"},{"floor":9.0,"key":"Dodecahedron"},{"floor":10.0,"key":"Ornamental Fan"},{"floor":22.0,"key":"Bronze Scales"},{"floor":26.0,"key":"Lantern"},{"floor":27.0,"key":"Pen Nib"},{"floor":40,"key":"The Courier"},{"floor":43,"key":"Ancient Tea Set"},{"floor":47,"key":"Dream Catcher"}],"event_choices":[{"damage_healed":0.0,"max_hp_gain":0.0,"max_hp_loss":0.0,"gold_gain":50.0,"event_name":"Golden Shrine","player_choice":"Pray","floor":5.0,"gold_loss":0.0,"damage_taken":0.0},{"damage_healed":0.0,"max_hp_gain":0.0,"max_hp_loss":0.0,"gold_gain":0.0,"cards_transformed":["Strike_B","Strike_B"],"event_name":"Drug Dealer","player_choice":"Became Test Subject","floor":21.0,"gold_loss":0.0,"damage_taken":0.0,"cards_obtained":["BootSequence","Ball Lightning"]},{"damage_healed":0.0,"max_hp_gain":0.0,"max_hp_loss":0.0,"gold_gain":50.0,"event_name":"Nest","player_choice":"Stole From Cult","floor":31.0,"gold_loss":0.0,"damage_taken":0.0},{"damage_healed":0.0,"max_hp_gain":0.0,"max_hp_loss":4.0,"gold_gain":0.0,"event_name":"Winding Halls","player_choice":"Max HP","floor":37.0,"gold_loss":0.0,"damage_taken":0.0},{"damage_healed":0,"gold_gain":0,"player_choice":"1 cards matched","damage_taken":0,"max_hp_gain":0,"max_hp_loss":0,"event_name":"Match and Keep!","floor":39,"gold_loss":0,"cards_obtained":["Rainbow"]},{"damage_healed":0,"gold_gain":0,"player_choice":"Upgraded Two","damage_taken":0,"max_hp_gain":0,"max_hp_loss":0,"event_name":"Designer","floor":48,"gold_loss":50,"cards_upgraded":["Ball Lightning","BootSequence"]}],"is_beta":true,"boss_relics":[{"not_picked":["Calling Bell","Eternal Feather"],"picked":"Busted Crown"},{"not_picked":["Runic Pyramid","Velvet Choker"],"picked":"Philosopher\u0027s Stone"}],"items_purged_floors":[3,20],"is_endless":false,"potions_floor_spawned":[2,4,12,24,25,29,33,35,42],"ascension_level":20}