{"gold_per_floor":[113,62,62,78,89,89,104,6,32,60,74,16,45,61,61,61],"floor_reached":16,"playtime":310,"items_purged":[],"score":274,"play_id":"be1ac8bf-2cbd-4e31-9f85-a89ac3950fcd","local_time":"20190221124659","is_ascension_mode":true,"campfire_choices":[{"data":"Neutralize","floor":6,"key":"SMITH"},{"data":"Noxious Fumes","floor":15,"key":"SMITH"}],"neow_cost":"NONE","seed_source_timestamp":5948369004923,"circlet_count":0,"master_deck":["AscendersBane","Defend_G","Defend_G","Defend_G","Defend_G","Defend_G","Strike_G","Strike_G+1","Strike_G","Strike_G","Survivor","Neutralize+1","Dagger Spray","PiercingWail","Riddle With Holes+1","Sucker Punch","Crippling Poison","Deadly Poison","Noxious Fumes+1","Backflip","Bouncing Flask","Well Laid Plans","Flying Knee","Deadly Poison","PiercingWail"],"relics":["Ring of the Snake","NeowsBlessing","PreservedInsect","Bag of Marbles","Whetstone"],"potions_floor_usage":[10,10],"damage_taken":[{"damage":0,"enemies":"2 Louse","floor":1,"turns":1},{"damage":0,"enemies":"Cultist","floor":4,"turns":1},{"damage":0,"enemies":"Jaw Worm","floor":5,"turns":1},{"damage":3,"enemies":"2 Fungi Beasts","floor":7,"turns":4},{"damage":0,"enemies":"Gremlin Nob","floor":10,"turns":2},{"damage":6,"enemies":"Exordium Wildlife","floor":11,"turns":3},{"damage":12,"enemies":"Lagavulin","floor":13,"turns":5},{"damage":0,"enemies":"Large Slime","floor":14,"turns":4},{"damage":11,"enemies":"Slime Boss","floor":16,"turns":5}],"seed_played":"-2832291533128142659","potions_obtained":[{"floor":1,"key":"Strength Potion"},{"floor":4,"key":"SkillPotion"},{"floor":13,"key":"SpeedPotion"}],"is_trial":false,"path_per_floor":["M","$","?","M","M","R","M","$","T","E","M","$","E","M","R","B"],"character_chosen":"THE_SILENT","items_purchased":["PiercingWail","Noxious Fumes","Backflip","Flying Knee"],"campfire_rested":0,"item_purchase_floors":[2,8,8,12],"current_hp_per_floor":[59,59,59,59,59,59,56,56,56,56,50,50,38,38,38,27],"gold":61,"neow_bonus":"THREE_ENEMY_KILL","is_prod":false,"is_daily":false,"chose_seed":false,"campfire_upgraded":2,"win_rate":0,"timestamp":1550782019,"path_taken":["M","$","?","?","M","R","M","$","T","E","M","?","E","M","R","BOSS"],"build_version":"2019-02-06","purchased_purges":0,"victory":false,"max_hp_per_floor":[66,66,66,66,66,66,66,66,66,66,66,66,66,66,66,66],"card_choices":[{"not_picked":["Heel Hook","Outmaneuver"],"picked":"Dagger Spray","floor":1},{"not_picked":["Underhanded Strike","Slice"],"picked":"Sucker Punch","floor":4},{"not_picked":["Distraction","Setup"],"picked":"Crippling Poison","floor":5},{"not_picked":["Bane","Dagger Throw"],"picked":"Deadly Poison","floor":7},{"not_picked":["Distraction","Backflip"],"picked":"Bouncing Flask","floor":10},{"not_picked":["Acrobatics","Unload"],"picked":"Well Laid Plans","floor":11},{"not_picked":["Dodge and Roll","Backflip"],"picked":"Deadly Poison","floor":13},{"not_picked":["Outmaneuver","Calculated Gamble"],"picked":"PiercingWail","floor":14}],"player_experience":1195867,"relics_obtained":[{"floor":9,"key":"PreservedInsect"},{"floor":10,"key":"Bag of Marbles"},{"floor":13,"key":"Whetstone"}],"event_choices":[{"damage_healed":0,"gold_gain":0,"cards_transformed":["Strike_G"],"player_choice":"Transformed","damage_taken":0,"max_hp_gain":0,"max_hp_loss":0,"event_name":"Transmorgrifier","floor":3,"gold_loss":0,"cards_obtained":["Riddle With Holes"]}],"is_beta":true,"boss_relics":[],"items_purged_floors":[],"is_endless":false,"potions_floor_spawned":[1,4,13],"killed_by":"Slime Boss","ascension_level":20}