{"gold_per_floor":[114,264,264,278,203,236,236,270,353,353,19,31,47,122,122,193,193,210,227,227,277,257,257,272,272,299,299,299],"floor_reached":28,"playtime":1244,"items_purged":[],"score":498,"play_id":"50be7053-8539-4b57-9c02-9e78073be0f8","local_time":"20181230210928","is_ascension_mode":true,"campfire_choices":[{"data":"Sucker Punch","floor":7,"key":"SMITH"},{"data":"Neutralize","floor":10,"key":"SMITH"},{"data":"Deadly Poison","floor":15,"key":"SMITH"},{"data":"Crippling Poison","floor":23,"key":"SMITH"},{"data":"After Image","floor":25,"key":"SMITH"},{"data":"Survivor","floor":27,"key":"SMITH"}],"neow_cost":"NONE","seed_source_timestamp":1686577800140359,"circlet_count":0,"master_deck":["AscendersBane","Defend_G","Defend_G","Defend_G","Defend_G","Survivor+1","Neutralize+1","Sucker Punch+1","Deadly Poison+1","Crippling Poison+1","After Image","Blade Dance+1","Deflect+1","Backflip+1","After Image+1","Phantasmal Killer+1","Infinite Blades+1","Dodge and Roll+1","Flying Knee","PiercingWail+1","Eviscerate","Flying Knee","Deadly Poison+1"],"relics":["Ring of the Snake","NeowsBlessing","Juzu Bracelet","Matryoshka","Bag of Preparation","Tiny Chest","Toxic Egg 2","Astrolabe","Anchor","Vajra"],"potions_floor_usage":[8,16],"damage_taken":[{"damage":0,"enemies":"Jaw Worm","floor":1,"turns":1},{"damage":0,"enemies":"Small Slimes","floor":4,"turns":1},{"damage":0,"enemies":"Lagavulin","floor":6,"turns":1},{"damage":33,"enemies":"3 Sentries","floor":8,"turns":14},{"damage":0,"enemies":"Cultist","floor":12,"turns":3},{"damage":1,"enemies":"Looter","floor":13,"turns":5},{"damage":6,"enemies":"The Guardian","floor":16,"turns":11},{"damage":4,"enemies":"Chosen","floor":18,"turns":7},{"damage":3,"enemies":"3 Byrds","floor":19,"turns":8},{"damage":1,"enemies":"Centurion and Healer","floor":24,"turns":8},{"damage":48,"enemies":"Gremlin Leader","floor":28,"turns":4}],"seed_played":"6887364156536034388","potions_obtained":[{"floor":1,"key":"FearPotion"},{"floor":8,"key":"Fire Potion"},{"floor":16,"key":"Block Potion"},{"floor":18,"key":"Weak Potion"},{"floor":22,"key":"SkillPotion"},{"floor":24,"key":"Block Potion"}],"is_trial":false,"path_per_floor":["M","?","?","M","?","E","R","E","T","R","$","M","M","?","R","B",null,"M","M","?","?","?","R","M","R","T","R","E"],"character_chosen":"THE_SILENT","items_purchased":["Toxic Egg 2","Blade Dance+1"],"campfire_rested":0,"item_purchase_floors":[11,11],"current_hp_per_floor":[59,59,59,59,59,59,59,26,26,26,26,26,25,14,14,8,52,48,45,45,45,45,45,44,44,44,44,0],"gold":299,"neow_bonus":"THREE_ENEMY_KILL","is_prod":false,"is_daily":false,"chose_seed":false,"campfire_upgraded":6,"win_rate":0,"timestamp":1546232968,"path_taken":["M","?","?","?","?","E","R","E","T","R","$","M","M","?","R","BOSS","M","M","?","?","?","R","M","R","T","R","E"],"build_version":"2018-12-25","purchased_purges":0,"victory":false,"max_hp_per_floor":[66,66,66,66,66,66,66,66,66,66,66,66,66,66,66,66,66,66,66,66,66,66,66,66,66,66,66,66],"card_choices":[{"not_picked":["Flechettes","Prepared"],"picked":"Sucker Punch","floor":1},{"not_picked":["Prepared","Flechettes"],"picked":"Deadly Poison","floor":4},{"not_picked":["Accuracy","Slice"],"picked":"Crippling Poison","floor":6},{"not_picked":["Storm of Steel","Blade Dance"],"picked":"After Image","floor":8},{"not_picked":["Prepared+1","Poisoned Stab"],"picked":"Deflect+1","floor":12},{"not_picked":["Deflect+1","Backstab"],"picked":"Backflip+1","floor":13},{"not_picked":["Unload","Adrenaline+1"],"picked":"After Image","floor":16},{"not_picked":["Well Laid Plans","Tactician+1"],"picked":"Flying Knee","floor":18},{"not_picked":["Quick Slash","Heel Hook"],"picked":"PiercingWail+1","floor":19},{"not_picked":["Slice","Flying Knee"],"picked":"Deadly Poison+1","floor":24}],"player_experience":1000166,"relics_obtained":[{"floor":6,"key":"Juzu Bracelet"},{"floor":8,"key":"Matryoshka"},{"floor":9,"key":"Bag of Preparation"},{"floor":9,"key":"Tiny Chest"},{"floor":26,"key":"Anchor"},{"floor":26,"key":"Vajra"}],"event_choices":[{"damage_healed":0,"gold_gain":150,"player_choice":"AGREE","damage_taken":0,"max_hp_gain":0,"max_hp_loss":0,"event_name":"Liars Game","floor":2,"gold_loss":0,"cards_obtained":["Doubt"]},{"cards_removed":["Doubt"],"damage_healed":0,"gold_gain":0,"player_choice":"Purged","damage_taken":0,"max_hp_gain":0,"max_hp_loss":0,"event_name":"Purifier","floor":3,"gold_loss":0},{"cards_removed":["Strike_G"],"damage_healed":0,"gold_gain":0,"player_choice":"Card Removal","damage_taken":0,"max_hp_gain":0,"max_hp_loss":0,"event_name":"The Cleric","floor":5,"gold_loss":75},{"damage_healed":0,"gold_gain":75,"player_choice":"Gather Gold","damage_taken":11,"max_hp_gain":0,"max_hp_loss":0,"event_name":"World of Goop","floor":14,"gold_loss":0},{"damage_healed":0,"gold_gain":0,"cards_transformed":["Strike_G","Defend_G"],"player_choice":"Became Test Subject","damage_taken":0,"max_hp_gain":0,"max_hp_loss":0,"event_name":"Drug Dealer","floor":20,"gold_loss":0,"cards_obtained":["Eviscerate","Flying Knee"]},{"damage_healed":0,"gold_gain":50,"player_choice":"Stole From Cult","damage_taken":0,"max_hp_gain":0,"max_hp_loss":0,"event_name":"Nest","floor":21,"gold_loss":0},{"damage_healed":0,"gold_gain":0,"player_choice":"Bought 1 Potion","damage_taken":0,"max_hp_gain":0,"max_hp_loss":0,"event_name":"The Woman in Blue","floor":22,"gold_loss":0}],"is_beta":true,"boss_relics":[{"not_picked":["Lizard Tail","Snecko Eye"],"picked":"Astrolabe"}],"items_purged_floors":[],"is_endless":false,"potions_floor_spawned":[1,8,16,18,24],"killed_by":"Gremlin Leader","ascension_level":20}