{"gold_per_floor":[109,5,5,16,16,47,67,67,67,87,87,110,110,123,123,123],"floor_reached":16,"playtime":494,"items_purged":[],"score":138,"play_id":"9013ce64-323d-45f0-9d19-bc8cf6342621","local_time":"20190814214632","is_ascension_mode":true,"campfire_choices":[{"floor":11,"key":"REST"},{"floor":13,"key":"REST"},{"data":"Dash","floor":15,"key":"SMITH"}],"neow_cost":"NONE","seed_source_timestamp":377345829930300,"circlet_count":0,"master_deck":["Strike_G","Strike_G","Strike_G","Strike_G","Strike_G","Defend_G","Defend_G","Defend_G","Defend_G","Defend_G+1","Survivor","Neutralize+1","PiercingWail","All Out Attack+1","Slice","Backflip","Die Die Die","Heel Hook","Injury","Dash+1","Leg Sweep"],"relics":["Black Star","Bag of Preparation","Question Card","Golden Idol","Blue Candle"],"potions_floor_usage":[6,16,16],"damage_taken":[{"damage":10,"enemies":"Cultist","floor":1,"turns":6},{"damage":0,"enemies":"Small Slimes","floor":4,"turns":3},{"damage":26,"enemies":"Gremlin Nob","floor":6,"turns":6},{"damage":4,"enemies":"Jaw Worm","floor":7,"turns":4},{"damage":0,"enemies":"Lots of Slimes","floor":10,"turns":1},{"damage":8,"enemies":"Blue Slaver","floor":12,"turns":3},{"damage":1,"enemies":"Looter","floor":14,"turns":2},{"damage":47,"enemies":"Slime Boss","floor":16,"turns":11}],"seed_played":"1179973312832708055","potions_obtained":[{"floor":4,"key":"SpeedPotion"},{"floor":6,"key":"SteroidPotion"},{"floor":14,"key":"Explosive Potion"}],"is_trial":false,"path_per_floor":["M","$","?","M","?","E","M","?","T","M","R","M","R","M","R","B"],"character_chosen":"THE_SILENT","items_purchased":["All Out Attack","Slice"],"campfire_rested":2,"item_purchase_floors":[2,2],"current_hp_per_floor":[53,53,53,53,39,13,9,9,9,9,30,22,43,42,42,0],"gold":123,"neow_bonus":"BOSS_RELIC","is_prod":false,"is_daily":false,"chose_seed":false,"campfire_upgraded":1,"win_rate":0,"timestamp":1565786792,"path_taken":["M","$","?","M","?","E","M","?","T","M","R","M","R","M","R","BOSS"],"build_version":"2019-07-17","purchased_purges":0,"victory":false,"max_hp_per_floor":[70,70,70,70,70,70,70,70,70,70,70,70,70,70,70,70],"card_choices":[{"not_picked":["Eviscerate","Deadly Poison"],"picked":"PiercingWail","floor":1},{"not_picked":["Calculated Gamble","Eviscerate"],"picked":"Backflip","floor":4},{"not_picked":["Well Laid Plans","Sucker Punch"],"picked":"Die Die Die","floor":6},{"not_picked":["Outmaneuver","Eviscerate","Riddle With Holes"],"picked":"Heel Hook","floor":7},{"not_picked":["Bane","Flying Knee","Cloak And Dagger"],"picked":"Dash","floor":10},{"not_picked":["Underhanded Strike","Blade Dance","Poisoned Stab"],"picked":"Leg Sweep","floor":12},{"not_picked":["Blade Dance","Prepared","Bane","Flechettes"],"picked":"SKIP","floor":14}],"player_experience":149546,"relics_obtained":[{"floor":6,"key":"Bag of Preparation"},{"floor":6,"key":"Question Card"},{"floor":9,"key":"Blue Candle"}],"event_choices":[{"damage_healed":0,"gold_gain":0,"player_choice":"Grow","damage_taken":0,"max_hp_gain":0,"max_hp_loss":0,"event_name":"Living Wall","floor":3,"gold_loss":0,"cards_upgraded":["All Out Attack"]},{"damage_healed":0,"gold_gain":0,"player_choice":"Entered Light","damage_taken":14,"max_hp_gain":0,"max_hp_loss":0,"event_name":"Shining Light","floor":5,"gold_loss":0,"cards_upgraded":["Defend_G","Neutralize"]},{"damage_healed":0,"gold_gain":0,"player_choice":"Take Wound","damage_taken":0,"relics_obtained":["Golden Idol"],"max_hp_gain":0,"max_hp_loss":0,"event_name":"Golden Idol","floor":8,"gold_loss":0,"cards_obtained":["Injury"]}],"is_beta":false,"boss_relics":[],"items_purged_floors":[],"is_endless":false,"potions_floor_spawned":[4,6,14],"killed_by":"Slime Boss","ascension_level":7}