{"gold_per_floor":[115,130,280,16,16,16,36,64,144,144],"floor_reached":10,"playtime":236,"items_purged":["Doubt"],"score":132,"play_id":"7b31d476-47e6-4692-a960-7581d559c219","local_time":"20190228102618","is_ascension_mode":true,"campfire_choices":[{"data":"Neutralize","floor":6,"key":"SMITH"}],"neow_cost":"NONE","seed_source_timestamp":4066081212148,"circlet_count":0,"master_deck":["AscendersBane","Defend_G","Defend_G","Defend_G","Defend_G","Defend_G","Strike_G","Strike_G","Strike_G","Strike_G","Survivor","Neutralize+1","Dagger Throw","Dagger Spray","Footwork","Poisoned Stab"],"relics":["Philosopher\u0027s Stone","Membership Card","Vajra","Tiny Chest"],"potions_floor_usage":[8,10],"damage_taken":[{"damage":1,"enemies":"Jaw Worm","floor":1,"turns":4},{"damage":6,"enemies":"2 Louse","floor":2,"turns":2},{"damage":0,"enemies":"Cultist","floor":7,"turns":4},{"damage":10,"enemies":"3 Sentries","floor":8,"turns":9},{"damage":48,"enemies":"Gremlin Nob","floor":10,"turns":4}],"seed_played":"1357861194409657635","potions_obtained":[{"floor":2,"key":"Fire Potion"},{"floor":7,"key":"Energy Potion"},{"floor":8,"key":"LiquidBronze"}],"is_trial":false,"path_per_floor":["M","M","?","$","?","R","M","E","T","E"],"character_chosen":"THE_SILENT","items_purchased":["Membership Card"],"campfire_rested":0,"item_purchase_floors":[4],"current_hp_per_floor":[58,52,52,52,45,45,45,35,35,0],"gold":144,"neow_bonus":"BOSS_RELIC","is_prod":false,"is_daily":false,"chose_seed":false,"campfire_upgraded":1,"win_rate":0,"timestamp":1551378378,"path_taken":["M","M","?","$","?","R","M","E","T","E"],"build_version":"2019-02-06","purchased_purges":1,"victory":false,"max_hp_per_floor":[66,66,66,66,66,66,66,66,66,66],"card_choices":[{"not_picked":["Slice","Underhanded Strike"],"picked":"Dagger Throw","floor":1},{"not_picked":["Bane","Underhanded Strike"],"picked":"Dagger Spray","floor":2},{"not_picked":["Quick Slash","Poisoned Stab"],"picked":"Footwork","floor":7},{"not_picked":["Bouncing Flask","Reflex"],"picked":"Poisoned Stab","floor":8}],"player_experience":1226399,"relics_obtained":[{"floor":8,"key":"Vajra"},{"floor":9,"key":"Tiny Chest"}],"event_choices":[{"damage_healed":0,"gold_gain":150,"player_choice":"AGREE","damage_taken":0,"max_hp_gain":0,"max_hp_loss":0,"event_name":"Liars Game","floor":3,"gold_loss":0,"cards_obtained":["Doubt"]},{"cards_removed":["Strike_G"],"damage_healed":0,"gold_gain":0,"player_choice":"Card Removal","damage_taken":7,"max_hp_gain":0,"max_hp_loss":0,"event_name":"Golden Wing","floor":5,"gold_loss":0}],"is_beta":true,"boss_relics":[],"items_purged_floors":[4],"is_endless":false,"potions_floor_spawned":[2,7,8],"killed_by":"Gremlin Nob","ascension_level":20}