{"gold_per_floor":[110,110,126,176,26,26,51,51,97,125,125,136,148,175,175,175],"floor_reached":16,"playtime":515,"items_purged":[],"score":207,"play_id":"e08577d5-9b7d-469d-bb9f-d82de15c1e9d","local_time":"20180708184805","is_ascension_mode":true,"campfire_choices":[{"data":"Neutralize","floor":6,"key":"SMITH"},{"data":"Cloak And Dagger","floor":8,"key":"SMITH"},{"data":"Cloak And Dagger","floor":11,"key":"SMITH"},{"data":"Wraith Form v2","floor":15,"key":"SMITH"}],"neow_cost":"NONE","seed_source_timestamp":78005883875237,"circlet_count":0,"master_deck":["Defend_G","Defend_G","Defend_G","Defend_G","Defend_G","Strike_G","Strike_G","Strike_G","Strike_G","Strike_G","Survivor","Neutralize+1","AscendersBane","Bane","Terror","Cloak And Dagger+1","Backflip","Flying Knee","Cloak And Dagger+1","Dagger Spray","Wraith Form v2+1"],"relics":["Sozu","Meat on the Bone","Bag of Marbles","Potion Belt","Question Card"],"potions_floor_usage":[],"damage_taken":[{"damage":4,"enemies":"Small Slimes","floor":1,"turns":6},{"damage":5,"enemies":"Cultist","floor":3,"turns":4},{"damage":6,"enemies":"Lagavulin","floor":7,"turns":7},{"damage":8,"enemies":"3 Sentries","floor":10,"turns":8},{"damage":1,"enemies":"2 Louse","floor":12,"turns":3},{"damage":11,"enemies":"Exordium Thugs","floor":13,"turns":4},{"damage":20,"enemies":"Gremlin Nob","floor":14,"turns":4},{"damage":28,"enemies":"Hexaghost","floor":16,"turns":12}],"seed_played":"-1054646911943853531","potions_obtained":[],"is_trial":false,"path_per_floor":["M","?","M","?","$","R","E","R","T","E","R","M","M","E","R"],"character_chosen":"THE_SILENT","items_purchased":["Cloak And Dagger","Backflip","Flying Knee"],"campfire_rested":0,"item_purchase_floors":[5,5,5],"current_hp_per_floor":[55,55,50,50,50,50,44,44,44,36,36,35,36,28,28,0],"gold":175,"neow_bonus":"BOSS_RELIC","is_prod":false,"is_daily":false,"chose_seed":false,"campfire_upgraded":4,"win_rate":0,"timestamp":1531100885,"path_taken":["M","?","M","?","?","R","E","R","T","E","R","?","M","E","R","BOSS"],"build_version":"2018-07-05","purchased_purges":0,"victory":false,"max_hp_per_floor":[66,66,66,66,66,66,66,66,66,66,66,66,66,66,66,66],"card_choices":[{"not_picked":["Prepared","Setup"],"picked":"Bane","floor":1},{"not_picked":["Underhanded Strike","Dagger Spray"],"picked":"Terror","floor":3},{"not_picked":["Flechettes","Blade Dance"],"picked":"Cloak And Dagger","floor":7},{"not_picked":["Catalyst","Masterful Stab"],"picked":"Dagger Spray","floor":10},{"not_picked":["Caltrops","Venomology"],"picked":"Wraith Form v2","floor":14}],"player_experience":515590,"relics_obtained":[{"floor":7,"key":"Meat on the Bone"},{"floor":9,"key":"Bag of Marbles"},{"floor":10,"key":"Potion Belt"},{"floor":14,"key":"Question Card"}],"event_choices":[{"event_name":"Match and Keep!","player_choice":"0 cards matched","floor":2,"damage_taken":0},{"event_name":"Golden Shrine","player_choice":"Pray","floor":4,"damage_taken":0}],"boss_relics":[],"items_purged_floors":[],"is_endless":false,"potions_floor_spawned":[10,12,13],"killed_by":"Hexaghost","ascension_level":15}