{"path_per_floor":["M","M","M","?","M","R","E","?","T","?","M","E","M","M","R"],"character_chosen":"THE_SILENT","items_purchased":[],"gold_per_floor":[217,227,245,245,265,265,295,318,344,444,462,490,503,518,518,518],"floor_reached":16,"campfire_rested":2,"playtime":1767,"item_purchase_floors":[],"current_hp_per_floor":[70,64,64,57,47,68,51,20,20,20,18,12,12,9,30,0],"items_purged":[],"gold":518,"score":114,"play_id":"6654d550-da5f-4372-b288-ecd4b2f459a6","local_time":"20180618204122","is_prod":false,"is_daily":false,"chose_seed":false,"is_ascension_mode":false,"campfire_upgraded":0,"win_rate":0,"timestamp":1529368882,"campfire_choices":[{"floor":6,"key":"REST"},{"floor":15,"key":"REST"}],"path_taken":["M","M","M","?","M","R","E","?","T","?","M","E","M","M","R","BOSS"],"build_version":"2018-06-14v2","seed_source_timestamp":428967026174912,"purchased_purges":0,"victory":false,"master_deck":["Defend_G","Defend_G","Defend_G","Defend_G","Defend_G","Strike_G","Strike_G","Strike_G","Strike_G","Survivor","Neutralize","Calculated Gamble","Dagger Throw","Dash","Terror","Malaise","Outmaneuver","Doppelganger","Well Laid Plans","Dagger Spray","Distraction"],"max_hp_per_floor":[70,70,70,70,70,70,70,70,70,70,70,70,70,70,70,70],"special_seed":17701,"relics":["Ring of the Snake","Bag of Marbles","Odd Mushroom","Orichalcum","Lantern"],"card_choices":[{"not_picked":["Expertise","Underhanded Strike"],"picked":"Calculated Gamble","floor":1},{"not_picked":["Prepared","Caltrops"],"picked":"Dagger Throw","floor":2},{"not_picked":["Calculated Gamble","Slice"],"picked":"Dash","floor":3},{"not_picked":["Blade Dance","Noxious Fumes"],"picked":"Terror","floor":5},{"not_picked":["Cloak And Dagger","Reflex"],"picked":"Malaise","floor":7},{"not_picked":["Dagger Throw","Infinite Blades"],"picked":"Outmaneuver","floor":8},{"not_picked":["Skewer","Backstab"],"picked":"Doppelganger","floor":11},{"not_picked":["Quick Slash","Footwork"],"picked":"Well Laid Plans","floor":12},{"not_picked":["Backflip","Infinite Blades"],"picked":"Dagger Spray","floor":13},{"not_picked":["Outmaneuver","PiercingWail"],"picked":"Distraction","floor":14}],"player_experience":132910,"potions_floor_usage":[7,8,12,12,13,14,16],"damage_taken":[{"damage":0,"enemies":"Small Slimes","floor":1,"turns":3},{"damage":6,"enemies":"Jaw Worm","floor":2,"turns":6},{"damage":0,"enemies":"2 Louse","floor":3,"turns":3},{"damage":10,"enemies":"Large Slime","floor":5,"turns":7},{"damage":17,"enemies":"3 Sentries","floor":7,"turns":9},{"damage":31,"floor":8,"turns":4},{"damage":2,"enemies":"Blue Slaver","floor":11,"turns":3},{"damage":6,"enemies":"Lagavulin","floor":12,"turns":7},{"damage":0,"enemies":"Red Slaver","floor":13,"turns":2},{"damage":3,"enemies":"Large Slime","floor":14,"turns":2},{"damage":32,"enemies":"The Guardian","floor":16,"turns":8}],"relics_obtained":[{"floor":7,"key":"Bag of Marbles"},{"floor":8,"key":"Odd Mushroom"},{"floor":9,"key":"Orichalcum"},{"floor":12,"key":"Lantern"}],"event_choices":[{"event_name":"Golden Wing","player_choice":"Card Removal","floor":4,"damage_taken":0},{"event_name":"Mushrooms","player_choice":"Fought Mushrooms","floor":8,"damage_taken":0},{"event_name":"Golden Shrine","player_choice":"Pray","floor":10,"damage_taken":0}],"boss_relics":[],"items_purged_floors":[],"is_endless":false,"potions_floor_spawned":[1,2,7,8,12,13,14],"seed_played":"5277726339904010871","killed_by":"The Guardian","ascension_level":0,"potions_obtained":[{"floor":1,"key":"Weak Potion"},{"floor":2,"key":"Energy Potion"},{"floor":7,"key":"Strength Potion"},{"floor":8,"key":"Swift Potion"},{"floor":12,"key":"Energy Potion"},{"floor":13,"key":"Fire Potion"},{"floor":14,"key":"PowerPotion"}],"is_trial":false}