{"gold_per_floor":[116,126,26,40,50,50,84,84,84,84,110,110,138,158,158,260,260,272,95,95,127,87,114,114,145,145,58,58,58,58,76,76,76],"floor_reached":33,"playtime":1904,"items_purged":["Strike_R","Strike_R"],"score":383,"play_id":"5ba72aac-a9de-4732-95d6-e37b93a3e3b8","local_time":"20190821234619","is_ascension_mode":true,"campfire_choices":[{"data":"Blood for Blood","floor":6,"key":"SMITH"},{"data":"Seeing Red","floor":8,"key":"SMITH"},{"data":"Bash","floor":10,"key":"SMITH"},{"floor":15,"key":"REST"},{"data":"Cleave","floor":24,"key":"SMITH"},{"data":"Shrug It Off","floor":32,"key":"SMITH"}],"neow_cost":"NONE","seed_source_timestamp":98409224247800,"circlet_count":0,"master_deck":["Strike_R","Strike_R","Strike_R","Defend_R","Defend_R","Defend_R","Defend_R","Bash+1","Thunderclap","Shrug It Off+1","Blood for Blood+1","Seeing Red+1","Spot Weakness+1","Rage+1","Flame Barrier+1","Double Tap+1","Burning Pact+1","Armaments+1","Cleave+1","Finesse+1","Necronomicurse"],"relics":["Burning Blood","NeowsBlessing","Juzu Bracelet","Toxic Egg 2","Pen Nib","Coffee Dripper","Red Mask","Boot","Self Forming Clay","Vajra","Necronomicon","MutagenicStrength"],"potions_floor_usage":[7,11,13,16,21,25,30,33],"damage_taken":[{"damage":0,"enemies":"Cultist","floor":1,"turns":1},{"damage":0,"enemies":"Small Slimes","floor":2,"turns":1},{"damage":0,"enemies":"2 Louse","floor":4,"turns":1},{"damage":5,"enemies":"Red Slaver","floor":5,"turns":3},{"damage":27,"enemies":"Lagavulin","floor":7,"turns":5},{"damage":16,"enemies":"Gremlin Nob","floor":11,"turns":3},{"damage":30,"enemies":"Lagavulin","floor":13,"turns":5},{"damage":2,"enemies":"2 Fungi Beasts","floor":14,"turns":3},{"damage":18,"enemies":"The Guardian","floor":16,"turns":12},{"damage":12,"enemies":"Chosen","floor":18,"turns":2},{"damage":19,"enemies":"Masked Bandits","floor":21,"turns":4},{"damage":54,"enemies":"Gremlin Leader","floor":23,"turns":7},{"damage":15,"enemies":"Slavers","floor":25,"turns":5},{"damage":6,"enemies":"Gremlin Leader","floor":30,"turns":3},{"damage":0,"enemies":"Shell Parasite","floor":31,"turns":2},{"damage":11,"enemies":"Automaton","floor":33,"turns":6}],"seed_played":"198304628489304136","potions_obtained":[{"floor":1,"key":"SteroidPotion"},{"floor":5,"key":"Swift Potion"},{"floor":11,"key":"Swift Potion"},{"floor":13,"key":"FearPotion"},{"floor":18,"key":"Energy Potion"},{"floor":22,"key":"SmokeBomb"},{"floor":22,"key":"Block Potion"},{"floor":22,"key":"FairyPotion"},{"floor":31,"key":"Swift Potion"}],"is_trial":false,"path_per_floor":["M","M","$","M","M","R","E","R","T","R","E","?","E","M","R","B",null,"M","$","?","?","?","E","R","E","T","$","?","?","E","M","R","B"],"character_chosen":"IRONCLAD","items_purchased":["Shrug It Off","Burning Pact+1","Finesse+1"],"campfire_rested":1,"item_purchase_floors":[3,19,27],"current_hp_per_floor":[80,80,80,80,80,80,59,59,59,59,49,54,30,34,59,47,85,79,79,85,72,72,24,24,15,15,15,8,8,8,14,14,3],"gold":76,"neow_bonus":"THREE_ENEMY_KILL","is_prod":false,"is_daily":false,"chose_seed":false,"campfire_upgraded":5,"win_rate":0,"timestamp":1566449179,"path_taken":["M","M","$","?","M","R","E","R","T","R","E","?","E","M","R","BOSS","M","$","?","?","?","E","R","E","T","?","?","?","E","M","R","BOSS"],"build_version":"2019-07-17","purchased_purges":2,"victory":false,"max_hp_per_floor":[80,80,80,80,80,80,80,80,80,80,80,85,85,85,85,85,85,85,85,85,85,85,85,85,85,85,85,85,85,85,85,85,85],"card_choices":[{"not_picked":["Reckless Charge","Clothesline","Flex"],"picked":"SKIP","floor":1},{"not_picked":["Iron Wave","Second Wind"],"picked":"Thunderclap","floor":2},{"not_picked":["Cleave","Flame Barrier"],"picked":"Blood for Blood","floor":4},{"not_picked":["Flex","Thunderclap","Anger"],"picked":"SKIP","floor":5},{"not_picked":["Fiend Fire","Pommel Strike"],"picked":"Seeing Red","floor":7},{"not_picked":["Sword Boomerang","Cleave"],"picked":"Spot Weakness","floor":11},{"not_picked":["Corruption","Body Slam"],"picked":"Rage+1","floor":13},{"not_picked":["Berserk","Combust"],"picked":"Flame Barrier+1","floor":14},{"not_picked":["Reaper","Berserk"],"picked":"Double Tap+1","floor":16},{"not_picked":["Heavy Blade","Anger","Headbutt"],"picked":"SKIP","floor":18},{"not_picked":["Heavy Blade","Clash+1"],"picked":"Armaments+1","floor":21},{"not_picked":["Wild Strike+1","Pommel Strike"],"picked":"Cleave","floor":23},{"not_picked":["Entrench+1","Reckless Charge","Perfected Strike"],"picked":"SKIP","floor":25},{"not_picked":["Havoc+1","Bloodletting+1","Hemokinesis"],"picked":"SKIP","floor":31}],"player_experience":478021,"relics_obtained":[{"floor":7,"key":"Juzu Bracelet"},{"floor":11,"key":"Toxic Egg 2"},{"floor":13,"key":"Pen Nib"},{"floor":21,"key":"Red Mask"},{"floor":23,"key":"Boot"},{"floor":25,"key":"Self Forming Clay"},{"floor":26,"key":"Vajra"},{"floor":28,"key":"Necronomicon"}],"event_choices":[{"damage_healed":0,"gold_gain":0,"player_choice":"Donut","damage_taken":0,"max_hp_gain":5,"max_hp_loss":0,"event_name":"Big Fish","floor":12,"gold_loss":0},{"damage_healed":6,"gold_gain":0,"player_choice":"Full Heal","damage_taken":0,"max_hp_gain":0,"max_hp_loss":0,"event_name":"Wheel of Change","floor":20,"gold_loss":0},{"damage_healed":0,"gold_gain":0,"player_choice":"Fought Bandits","damage_taken":0,"max_hp_gain":0,"max_hp_loss":0,"event_name":"Masked Bandits","floor":21,"gold_loss":0},{"damage_healed":0,"gold_gain":0,"player_choice":"Bought 3 Potions","damage_taken":0,"max_hp_gain":0,"max_hp_loss":0,"event_name":"The Woman in Blue","floor":22,"gold_loss":0},{"damage_healed":0,"gold_gain":0,"player_choice":"Obtained Book","damage_taken":16,"max_hp_gain":0,"max_hp_loss":0,"event_name":"Cursed Tome","floor":28,"gold_loss":0},{"damage_healed":0,"gold_gain":0,"player_choice":"Inject Mutagens","damage_taken":0,"relics_obtained":["MutagenicStrength"],"max_hp_gain":0,"max_hp_loss":0,"event_name":"Drug Dealer","floor":29,"gold_loss":0}],"is_beta":false,"boss_relics":[{"not_picked":["Orrery","Mark of Pain"],"picked":"Coffee Dripper"}],"items_purged_floors":[3,19],"is_endless":false,"potions_floor_spawned":[1,5,11,13,18,30,31],"killed_by":"Automaton","ascension_level":4}