{"gold_per_floor":[117,133,133,149,149,149,114,114,114,146,184,210,239,261,273,390,402,426,438,450,63,162,197,197,207,207,207,221,29,49,49,49,144,444,454,468,468,468,468],"floor_reached":39,"playtime":2584,"items_purged":[],"score":426,"play_id":"6fa83795-d478-47e4-b613-61d073f4c5c7","local_time":"20180821144025","is_ascension_mode":false,"campfire_choices":[{"data":"Genetic Algorithm","floor":6,"key":"SMITH"},{"data":"Dualcast","floor":8,"key":"SMITH"},{"data":"Leap","floor":15,"key":"SMITH"},{"floor":24,"key":"REST"},{"floor":27,"key":"REST"},{"floor":32,"key":"REST"}],"neow_cost":"","seed_source_timestamp":347386602894149,"circlet_count":0,"master_deck":["Strike_B+1","Strike_B","Strike_B","Strike_B","Defend_B","Defend_B","Defend_B+1","Defend_B","Zap+1","Dualcast+1","Genetic Algorithm+1","Streamline","Coolheaded","Coolheaded","Cold Snap","Leap+1","Creative AI","Go for the Eyes","Decay","Glacier","Defragment","White Noise","Compile Driver","Genetic Algorithm+1","Hologram","Biased Cognition","Parasite","Parasite","Shame","Glacier","Panacea"],"relics":["Cracked Core","MawBank","Blue Candle","Fusion Hammer","MutagenicStrength","Singing Bowl","Bag of Preparation","Vajra","DollysMirror","Calling Bell","Anchor","Darkstone Periapt","Old Coin"],"potions_floor_usage":[16,18,23,30,36],"damage_taken":[{"damage":0,"enemies":"Small Slimes","floor":1,"turns":2},{"damage":2,"enemies":"2 Louse","floor":2,"turns":2},{"damage":1,"enemies":"Cultist","floor":4,"turns":3},{"damage":2,"enemies":"3 Louse","floor":10,"turns":3},{"damage":41,"enemies":"3 Sentries","floor":11,"turns":7},{"damage":7,"enemies":"Blue Slaver","floor":12,"turns":3},{"damage":2,"enemies":"Red Slaver","floor":13,"turns":3},{"damage":0,"enemies":"Large Slime","floor":14,"turns":5},{"damage":10,"enemies":"The Guardian","floor":16,"turns":12},{"damage":13,"enemies":"2 Thieves","floor":18,"turns":4},{"damage":23,"enemies":"Slavers","floor":23,"turns":7},{"damage":14,"enemies":"3 Byrds","floor":25,"turns":6},{"damage":1,"enemies":"Snecko","floor":28,"turns":7},{"damage":12,"enemies":"Shelled Parasite and Fungi","floor":30,"turns":6},{"damage":9,"enemies":"Automaton","floor":33,"turns":15},{"damage":67,"enemies":"Flame Bruiser 1 Orb","floor":35,"turns":8},{"damage":5,"enemies":"3 Darklings","floor":36,"turns":8},{"damage":26,"enemies":"Transient","floor":39,"turns":5}],"seed_played":"6386828514499152436","potions_obtained":[{"floor":1,"key":"Regen Potion"},{"floor":11,"key":"SpeedPotion"},{"floor":12,"key":"Weak Potion"},{"floor":14,"key":"EssenceOfSteel"},{"floor":16,"key":"Swift Potion"},{"floor":33,"key":"Dexterity Potion"},{"floor":35,"key":"AttackPotion"}],"is_trial":false,"path_per_floor":["M","M","?","M","?","R","?","R","T","M","E","M","M","M","R","B",null,"M","?","?","$","?","E","R","M","T","R","M","$","M","?","R","B",null,"M","M","?","?"],"character_chosen":"DEFECT","items_purchased":["Glacier","Defragment","Singing Bowl","DollysMirror"],"campfire_rested":3,"item_purchase_floors":[21,21,21,29],"current_hp_per_floor":[75,73,58,57,57,57,75,75,75,73,32,25,23,23,23,28,75,62,62,62,62,62,39,61,49,49,72,71,71,59,59,77,68,77,10,7,7,7,0],"gold":468,"neow_bonus":"","is_prod":false,"is_daily":false,"chose_seed":false,"campfire_upgraded":3,"win_rate":0,"timestamp":1534876825,"path_taken":["M","M","?","M","?","R","?","R","T","M","E","?","M","M","R","BOSS","M","?","?","$","?","E","R","M","T","R","?","?","M","?","R","BOSS","M","M","?","?","M"],"build_version":"2018-08-20","purchased_purges":0,"victory":false,"max_hp_per_floor":[75,75,75,75,75,75,75,75,75,75,75,75,75,75,75,75,75,75,75,75,75,75,75,75,77,77,77,77,77,77,77,77,77,77,77,79,79,79,79],"card_choices":[{"not_picked":["Steam Power","Stack"],"picked":"Genetic Algorithm","floor":1},{"not_picked":["Darkness","Barrage","Blizzard"],"picked":"SKIP","floor":2},{"not_picked":["Self Repair","Scrape","Sweeping Beam"],"picked":"SKIP","floor":4},{"not_picked":["Force Field","Turbo"],"picked":"Streamline","floor":10},{"not_picked":["Sweeping Beam","Recycle"],"picked":"Coolheaded","floor":11},{"not_picked":["Sweeping Beam","Steam"],"picked":"Coolheaded","floor":12},{"not_picked":["Double Energy","Rebound"],"picked":"Cold Snap","floor":13},{"not_picked":["Sunder","Stack"],"picked":"Leap","floor":14},{"not_picked":["Machine Learning","Reboot"],"picked":"Creative AI","floor":16},{"not_picked":["Undo","Compile Driver"],"picked":"Go for the Eyes","floor":18},{"not_picked":["Leap","Heatsinks"],"picked":"White Noise","floor":23},{"not_picked":["Recycle","Cold Snap","Sweeping Beam"],"picked":"Singing Bowl","floor":25},{"not_picked":["Turbo","Undo+1"],"picked":"Compile Driver","floor":28},{"not_picked":["Fusion","BootSequence+1"],"picked":"Hologram","floor":30},{"not_picked":["Meteor Strike","Thunder Strike"],"picked":"Biased Cognition","floor":33},{"not_picked":["Genetic Algorithm+1","Cold Snap+1"],"picked":"Glacier","floor":35},{"not_picked":["Coolheaded","Fusion","Static Discharge+1"],"picked":"Singing Bowl","floor":36},{"not_picked":["Discovery","Flash of Steel"],"picked":"Panacea","floor":37}],"player_experience":308659,"relics_obtained":[{"floor":9,"key":"MawBank"},{"floor":11,"key":"Blue Candle"},{"floor":23,"key":"Bag of Preparation"},{"floor":26,"key":"Vajra"},{"floor":34,"key":"Anchor"},{"floor":34,"key":"Darkstone Periapt"},{"floor":34,"key":"Old Coin"}],"event_choices":[{"event_name":"Shining Light","player_choice":"Entered Light","floor":3,"damage_taken":0},{"event_name":"Living Wall","player_choice":"Grow","floor":5,"damage_taken":0},{"event_name":"The Cleric","player_choice":"Healed","floor":7,"damage_taken":0},{"event_name":"Forgotten Altar","player_choice":"Smashed Altar","floor":19,"damage_taken":0},{"event_name":"Nest","player_choice":"Stole From Cult","floor":22,"damage_taken":0},{"event_name":"Beggar","player_choice":"Ignored","floor":31,"damage_taken":0},{"event_name":"SensoryStone","player_choice":"Memory 1","floor":37,"damage_taken":0},{"event_name":"Match and Keep!","player_choice":"0 cards matched","floor":38,"damage_taken":0}],"is_beta":true,"boss_relics":[{"not_picked":["Runic Dome","Black Star"],"picked":"Fusion Hammer"},{"not_picked":["Orrery","Snecko Eye"],"picked":"Calling Bell"}],"items_purged_floors":[],"is_endless":false,"potions_floor_spawned":[1,11,12,14,16,33,35],"killed_by":"Transient","ascension_level":0}