{"gold_per_floor":[116,116,131,143,218,218,236,236,236,6,41,41,41,52,52,129,129,147,7,23,23,23,23,35,49,98,298,298],"floor_reached":28,"playtime":663,"items_purged":["Strike_B"],"score":436,"play_id":"de367868-07c3-440e-ae62-edcd65360cf7","local_time":"20190218185147","is_ascension_mode":true,"campfire_choices":[{"data":"Go for the Eyes","floor":6.0,"key":"SMITH"},{"data":"Streamline","floor":8.0,"key":"SMITH"},{"data":"Dualcast","floor":12.0,"key":"SMITH"},{"data":"Auto Shields","floor":15.0,"key":"SMITH"},{"floor":23,"key":"REST"}],"neow_cost":"NONE","seed_source_timestamp":14154012405549,"circlet_count":0,"master_deck":["AscendersBane","Strike_B","Strike_B","Strike_B","Defend_B","Defend_B","Defend_B","Defend_B","Zap+1","Dualcast+1","Steam+1","Go for the Eyes+1","Auto Shields+1","Streamline+1","Ball Lightning","All For One","Cold Snap","Echo Form","Go for the Eyes+1","Trip","Leap","Rebound","Turbo+1","Glacier","Hologram"],"special_seed":0,"relics":["Cracked Core","NeowsBlessing","Blue Candle","Membership Card","Shuriken","Fusion Hammer","Bag of Marbles"],"potions_floor_usage":[20,25,28],"damage_taken":[{"damage":0.0,"enemies":"Jaw Worm","floor":1.0,"turns":1.0},{"damage":0.0,"enemies":"Cultist","floor":3.0,"turns":1.0},{"damage":0.0,"enemies":"Small Slimes","floor":4.0,"turns":1.0},{"damage":12.0,"enemies":"Exordium Wildlife","floor":7.0,"turns":4.0},{"damage":8.0,"enemies":"Gremlin Nob","floor":11.0,"turns":3.0},{"damage":1.0,"enemies":"Large Slime","floor":14.0,"turns":3.0},{"damage":26.0,"enemies":"The Guardian","floor":16.0,"turns":9.0},{"damage":25.0,"enemies":"2 Thieves","floor":18.0,"turns":4.0},{"damage":11,"enemies":"Spheric Guardian","floor":20,"turns":5},{"damage":12,"enemies":"Snecko","floor":24,"turns":6},{"damage":0,"enemies":"Shelled Parasite and Fungi","floor":25,"turns":8},{"damage":34,"enemies":"Slavers","floor":28,"turns":4}],"seed_played":"3673628083159063344","potions_obtained":[{"floor":3.0,"key":"SpeedPotion"},{"floor":11.0,"key":"Block Potion"},{"floor":16.0,"key":"Regen Potion"},{"floor":20,"key":"Weak Potion"},{"floor":25,"key":"Poison Potion"}],"is_trial":false,"path_per_floor":["M","?","M","M","?","R","M","R","T","$","E","R","?","M","R","B",null,"M","$","M","?","?","R","M","M","T","?","E"],"character_chosen":"DEFECT","items_purchased":["Membership Card","Ball Lightning","Trip","Leap","Rebound"],"campfire_rested":1,"item_purchase_floors":[10,10,19,19,19],"current_hp_per_floor":[64,64,64,64,53,53,41,41,41,41,33,33,33,32,32,6,55,30,30,33,33,33,54,42,42,42,42,8],"gold":298,"neow_bonus":"THREE_ENEMY_KILL","is_prod":false,"is_daily":false,"chose_seed":false,"campfire_upgraded":4,"win_rate":0,"timestamp":1550544707,"path_taken":["M","?","?","M","?","R","M","R","T","?","E","R","?","M","R","BOSS","M","$","M","?","?","R","M","M","T","?","E"],"build_version":"2019-02-06","purchased_purges":1,"victory":false,"max_hp_per_floor":[71,71,71,71,71,71,71,71,71,71,71,71,71,71,71,71,71,71,71,71,71,71,71,71,71,71,71,71],"card_choices":[{"not_picked":["Redo","Rebound"],"picked":"Steam","floor":1.0},{"not_picked":["Barrage","Tempest"],"picked":"Go for the Eyes","floor":3.0},{"not_picked":["Recycle","Steam"],"picked":"Auto Shields","floor":4.0},{"not_picked":["Hologram","Turbo"],"picked":"Streamline","floor":7.0},{"not_picked":["Force Field","Reprogram"],"picked":"All For One","floor":11.0},{"not_picked":["Coolheaded","Gash"],"picked":"Cold Snap","floor":14.0},{"not_picked":["Reboot","Buffer"],"picked":"Echo Form","floor":16.0},{"not_picked":["Beam Cell","Auto Shields"],"picked":"Go for the Eyes+1","floor":18},{"not_picked":["Fusion","Consume"],"picked":"Turbo+1","floor":20},{"not_picked":["Leap","Reprogram"],"picked":"Glacier","floor":24},{"not_picked":["Cold Snap","Leap"],"picked":"Hologram","floor":25}],"player_experience":1175467,"relics_obtained":[{"floor":9.0,"key":"Blue Candle"},{"floor":11.0,"key":"Shuriken"},{"floor":26,"key":"Bag of Marbles"}],"event_choices":[{"damage_healed":0.0,"max_hp_gain":0.0,"max_hp_loss":0.0,"gold_gain":0.0,"event_name":"Upgrade Shrine","player_choice":"Upgraded","floor":2.0,"gold_loss":0.0,"damage_taken":0.0,"cards_upgraded":["Zap"]},{"damage_healed":0.0,"max_hp_gain":0.0,"max_hp_loss":0.0,"gold_gain":75.0,"event_name":"World of Goop","player_choice":"Gather Gold","floor":5.0,"gold_loss":0.0,"damage_taken":11.0},{"damage_healed":0.0,"max_hp_gain":0.0,"max_hp_loss":0.0,"gold_gain":0.0,"event_name":"Living Wall","player_choice":"Grow","floor":13.0,"gold_loss":0.0,"damage_taken":0.0,"cards_upgraded":["Steam"]},{"damage_healed":0,"gold_gain":0,"player_choice":"Ignored","damage_taken":0,"max_hp_gain":0,"max_hp_loss":0,"event_name":"Cursed Tome","floor":21,"gold_loss":0},{"damage_healed":0,"gold_gain":0,"player_choice":"Ignored","damage_taken":0,"max_hp_gain":0,"max_hp_loss":0,"event_name":"Beggar","floor":22,"gold_loss":0},{"damage_healed":0,"gold_gain":250,"player_choice":"Bet on Owner","damage_taken":0,"max_hp_gain":0,"max_hp_loss":0,"event_name":"The Joust","floor":27,"gold_loss":50}],"is_beta":true,"boss_relics":[{"not_picked":["Inserter","Ectoplasm"],"picked":"Fusion Hammer"}],"items_purged_floors":[19],"is_endless":false,"potions_floor_spawned":[3,11,16,20,24,25],"killed_by":"Slavers","ascension_level":20}