{"gold_per_floor":[110,110,34,34,53,53,78,78,102,102,134,5,17,31,31,105,105,125,175,188,188,188,188,82,82,158,158,171,187,217,31,31,105,105,122,136,136,156,27,57,57,86,154,154,154,188,207,223,223,223,223],"floor_reached":52,"playtime":2232,"items_purged":["Strike_B","Strike_B"],"score":2186,"play_id":"f28b5aee-f9bb-4ddf-9d6e-c3ae17fcd0d7","local_time":"20190321130325","is_ascension_mode":true,"campfire_choices":[{"data":"Rip and Tear","floor":6.0,"key":"SMITH"},{"data":"Hologram","floor":8.0,"key":"SMITH"},{"data":"Zap","floor":10.0,"key":"SMITH"},{"data":"Defragment","floor":15.0,"key":"SMITH"},{"data":"Rainbow","floor":23.0,"key":"SMITH"},{"data":"Chill","floor":25.0,"key":"SMITH"},{"floor":32.0,"key":"REST"},{"data":"Hologram","floor":41,"key":"SMITH"},{"data":"Chill","floor":45,"key":"SMITH"},{"data":"Hello World","floor":49,"key":"SMITH"}],"neow_cost":"NONE","seed_source_timestamp":0,"circlet_count":0,"master_deck":["AscendersBane","Defend_B","Defend_B","Defend_B","Defend_B","Zap+1","Dualcast","Coolheaded","Rip and Tear+1","Hologram+1","Echo Form","Rainbow+1","Defragment+1","White Noise","Cold Snap","Chill+1","Biased Cognition","Conserve Battery","Echo Form","Rip and Tear","Hologram+1","Chill+1","Multi-Cast","Apotheosis","Electrodynamics","Conserve Battery+1","Hello World+1","Undo","Force Field","Coolheaded","Coolheaded+1","Hologram"],"special_seed":0,"relics":["Runic Dome","Smiling Mask","Ancient Tea Set","DataDisk","Lantern","Inserter","Ice Cream","Pantograph","Orichalcum","Coffee Dripper","NlothsMask","Oddly Smooth Stone","Pear","Torii"],"potions_floor_usage":[46,51,51],"damage_taken":[{"damage":2.0,"enemies":"Cultist","floor":1.0,"turns":4.0},{"damage":2.0,"enemies":"Jaw Worm","floor":5.0,"turns":4.0},{"damage":20.0,"enemies":"Gremlin Nob","floor":7.0,"turns":4.0},{"damage":0.0,"enemies":"Lagavulin","floor":11.0,"turns":6.0},{"damage":0.0,"enemies":"2 Louse","floor":13.0,"turns":2.0},{"damage":0.0,"enemies":"Looter","floor":14.0,"turns":3.0},{"damage":0.0,"enemies":"Slime Boss","floor":16.0,"turns":5.0},{"damage":0.0,"enemies":"Chosen","floor":18.0,"turns":6.0},{"damage":15.0,"enemies":"3 Byrds","floor":20.0,"turns":6.0},{"damage":0.0,"enemies":"Cultist and Chosen","floor":27.0,"turns":1.0},{"damage":18.0,"enemies":"Shelled Parasite and Fungi","floor":28.0,"turns":4.0},{"damage":2.0,"enemies":"Snecko","floor":29.0,"turns":4.0},{"damage":12.0,"enemies":"Slavers","floor":30.0,"turns":6.0},{"damage":5.0,"enemies":"Collector","floor":33.0,"turns":9.0},{"damage":0.0,"enemies":"Orb Walker","floor":35.0,"turns":4.0},{"damage":0.0,"enemies":"3 Shapes","floor":36.0,"turns":3.0},{"damage":0.0,"enemies":"Maw","floor":38.0,"turns":6.0},{"damage":0,"enemies":"Nemesis","floor":40,"turns":7},{"damage":0,"enemies":"Giant Head","floor":42,"turns":7},{"damage":0,"enemies":"Reptomancer","floor":46,"turns":5},{"damage":17,"enemies":"Jaw Worm Horde","floor":47,"turns":4},{"damage":0,"enemies":"4 Shapes","floor":48,"turns":4},{"damage":32,"enemies":"Awakened One","floor":50,"turns":14},{"damage":1,"enemies":"Donu and Deca","floor":51,"turns":10}],"seed_played":"-3083327456861122563","potions_obtained":[{"floor":4.0,"key":"Ancient Potion"},{"floor":4.0,"key":"Dexterity Potion"},{"floor":13.0,"key":"AttackPotion"},{"floor":14.0,"key":"SkillPotion"},{"floor":16.0,"key":"Weak Potion"},{"floor":20.0,"key":"SmokeBomb"},{"floor":29.0,"key":"Strength Potion"},{"floor":35.0,"key":"PowerPotion"},{"floor":40,"key":"SkillPotion"},{"floor":47,"key":"Weak Potion"}],"is_trial":false,"path_per_floor":["M","T","$","?","M","R","E","R","T","R","E","$","M","M","R","B",null,"M","?","M","?","?","R","$","R","T","M","M","M","E","$","R","B",null,"M","M","?","M","$","E","R","E","T","?","R","E","M","M","R","B","B",null],"character_chosen":"DEFECT","items_purchased":["Rip and Tear","Defragment","White Noise","Hologram","Apotheosis","Undo"],"campfire_rested":1,"item_purchase_floors":[3,12,12,24,31,39],"current_hp_per_floor":[62,62,62,62,60,60,40,40,40,40,40,40,40,40,40,40,63,63,63,48,48,48,48,48,48,48,48,30,28,16,16,37,57,68,68,68,68,68,68,68,68,78,78,78,78,78,61,61,61,49,73],"gold":223,"neow_bonus":"BOSS_RELIC","is_prod":false,"is_daily":false,"chose_seed":false,"campfire_upgraded":9,"win_rate":0,"timestamp":1553198605,"path_taken":["M","?","$","?","?","R","E","R","T","R","E","$","M","?","R","BOSS","M","?","M","?","?","R","$","R","T","M","?","M","E","$","R","BOSS","M","M","?","?","$","E","R","E","T","?","R","E","M","M","R","BOSS","BOSS"],"build_version":"2019-03-15","purchased_purges":2,"victory":true,"max_hp_per_floor":[71,71,71,71,71,71,71,71,71,71,71,71,71,71,71,71,71,71,71,71,71,71,71,71,71,71,71,71,71,71,71,71,71,71,71,71,71,71,71,71,71,81,81,81,81,81,81,81,81,81,81],"card_choices":[{"not_picked":["Barrage","White Noise"],"picked":"Coolheaded","floor":1.0},{"not_picked":["Rebound","Blizzard"],"picked":"Hologram","floor":5.0},{"not_picked":["Redo","Scrape"],"picked":"Echo Form","floor":7.0},{"not_picked":["Echo Form","Ball Lightning"],"picked":"Rainbow","floor":11.0},{"not_picked":["Static Discharge","Streamline"],"picked":"Cold Snap","floor":13.0},{"not_picked":["Leap","Loop"],"picked":"Chill","floor":14.0},{"not_picked":["Amplify","Fission"],"picked":"Biased Cognition","floor":16.0},{"not_picked":["Capacitor","Reprogram"],"picked":"Conserve Battery","floor":18.0},{"not_picked":["Lockon","Aggregate"],"picked":"Chill","floor":28.0},{"not_picked":["Sunder","Conserve Battery"],"picked":"Multi-Cast","floor":30.0},{"not_picked":["Multi-Cast","Reboot"],"picked":"Electrodynamics","floor":33.0},{"not_picked":["Go for the Eyes","Gash+1"],"picked":"Conserve Battery+1","floor":35.0},{"not_picked":["Gash+1","Sunder"],"picked":"Hello World","floor":38.0},{"not_picked":["Beam Cell+1","Reprogram"],"picked":"Force Field","floor":40},{"not_picked":["Doom and Gloom","Sweeping Beam","Leap"],"picked":"SKIP","floor":42},{"not_picked":["Beam Cell","Steam"],"picked":"Coolheaded","floor":46},{"not_picked":["Rebound","Hologram"],"picked":"Coolheaded+1","floor":47},{"not_picked":["Cold Snap","Steam+1"],"picked":"Hologram","floor":48}],"player_experience":1343702,"relics_obtained":[{"floor":2.0,"key":"Smiling Mask"},{"floor":7.0,"key":"Ancient Tea Set"},{"floor":9.0,"key":"DataDisk"},{"floor":11.0,"key":"Lantern"},{"floor":26.0,"key":"Pantograph"},{"floor":30.0,"key":"Orichalcum"},{"floor":40,"key":"Oddly Smooth Stone"},{"floor":42,"key":"Pear"},{"floor":46,"key":"Torii"}],"event_choices":[{"damage_healed":0.0,"max_hp_gain":0.0,"max_hp_loss":0.0,"gold_gain":0.0,"event_name":"Lab","player_choice":"Got Potions","floor":4.0,"gold_loss":0.0,"damage_taken":0.0},{"damage_healed":0.0,"max_hp_gain":0.0,"max_hp_loss":0.0,"gold_gain":50.0,"event_name":"Nest","player_choice":"Stole From Cult","floor":19.0,"gold_loss":0.0,"damage_taken":0.0},{"damage_healed":0.0,"max_hp_gain":0.0,"max_hp_loss":0.0,"gold_gain":0.0,"cards_transformed":["Strike_B","Strike_B"],"event_name":"Drug Dealer","player_choice":"Became Test Subject","floor":21.0,"gold_loss":0.0,"damage_taken":0.0,"cards_obtained":["Echo Form","Rip and Tear"]},{"damage_healed":0.0,"max_hp_gain":0.0,"max_hp_loss":0.0,"gold_gain":0.0,"event_name":"WeMeetAgain","player_choice":"Gave Potion","floor":22.0,"gold_loss":0.0,"damage_taken":0.0,"relics_obtained":["Ice Cream"]},{"damage_healed":0.0,"max_hp_gain":0.0,"max_hp_loss":0.0,"gold_gain":0.0,"event_name":"FaceTrader","player_choice":"Trade","floor":37.0,"gold_loss":0.0,"damage_taken":0.0,"relics_obtained":["NlothsMask"]},{"damage_healed":0,"gold_gain":0,"player_choice":"Memory 1","damage_taken":0,"max_hp_gain":0,"max_hp_loss":0,"event_name":"SensoryStone","floor":44,"gold_loss":0}],"is_beta":true,"boss_relics":[{"not_picked":["Fusion Hammer","Astrolabe"],"picked":"Inserter"},{"not_picked":["Velvet Choker","Tiny House"],"picked":"Coffee Dripper"}],"items_purged_floors":[24,39],"is_endless":false,"potions_floor_spawned":[5,13,14,16,18,20,29,35,40,47,48],"ascension_level":20}