{"gold_per_floor":[115,33,33,183,183,183,218,218,218,45,45,370,370,383,383,459,459,474,490,413,413,107,107,107,135,135,153,153,172,186,186,186,186],"floor_reached":33,"playtime":598,"items_purged":["Strike_B"],"score":471,"play_id":"235f3cbe-8d26-416f-b29d-9e987f2ce8c7","local_time":"20180714122027","daily_mods":["Binary"],"is_ascension_mode":true,"campfire_choices":[{"data":"Sunder","floor":6.0,"key":"SMITH"},{"data":"Zap","floor":8.0,"key":"SMITH"},{"data":"Hologram","floor":11.0,"key":"SMITH"},{"floor":15.0,"key":"REST"},{"floor":23,"key":"REST"},{"floor":28,"key":"REST"},{"floor":32,"key":"REST"}],"neow_cost":"","seed_source_timestamp":0,"circlet_count":0,"master_deck":["Strike_B+1","Strike_B+1","Defend_B+1","Defend_B+1","Defend_B+1","Defend_B+1","Zap+1","Dualcast","AscendersBane","Sunder+1","Gash","Hologram+1","J.A.X.+1","Gash","Metamorphosis","Finesse"],"special_seed":0,"relics":["Cracked Core","Busted Crown","Omamori","Shuriken","Old Coin","Fusion Hammer","War Paint","Strawberry","Pen Nib"],"potions_floor_usage":[25,30,30],"damage_taken":[{"damage":0.0,"enemies":"Small Slimes","floor":1.0,"turns":3.0},{"damage":28.0,"enemies":"Gremlin Nob","floor":7.0,"turns":4.0},{"damage":8.0,"enemies":"3 Sentries","floor":12.0,"turns":6.0},{"damage":0.0,"enemies":"Cultist","floor":14.0,"turns":2.0},{"damage":31.0,"enemies":"The Guardian","floor":16.0,"turns":8.0},{"damage":1,"enemies":"Spheric Guardian","floor":18,"turns":3},{"damage":4,"enemies":"Shell Parasite","floor":19,"turns":3},{"damage":53,"enemies":"Gremlin Leader","floor":25,"turns":6},{"damage":21,"enemies":"Snecko","floor":27,"turns":3},{"damage":3,"enemies":"Chosen and Byrds","floor":29,"turns":5},{"damage":7,"enemies":"Cultist and Chosen","floor":30,"turns":4},{"damage":3,"enemies":"Collector","floor":33,"turns":1}],"seed_played":"5441492442896643869","potions_obtained":[{"floor":1.0,"key":"SpeedPotion"},{"floor":19,"key":"SteroidPotion"},{"floor":25,"key":"Explosive Potion"},{"floor":27,"key":"SneckoOil"}],"is_trial":true,"path_per_floor":["M","$","?","?","?","R","E","R","T","$","R","E","?","M","R","B",null,"M","M","?","?","$","R","?","E","T","M","R","M","M","?","R"],"character_chosen":"DEFECT","items_purchased":["Sunder","Gash","Hologram","Gash","Metamorphosis","Finesse"],"campfire_rested":4,"item_purchase_floors":[2,10,10,22,22,22],"current_hp_per_floor":[64,64,64,64,64,64,36,36,36,36,36,28,28,28,49,18,58,57,53,53,53,53,71,71,25,25,4,27,24,17,17,40,37],"gold":186,"neow_bonus":"","is_prod":false,"is_daily":false,"chose_seed":false,"campfire_upgraded":3,"win_rate":0,"timestamp":1531596027,"path_taken":["M","$","?","?","?","R","E","R","T","$","R","E","?","?","R","BOSS","M","M","?","?","$","R","?","E","T","?","R","M","M","?","R","BOSS"],"build_version":"2018-07-13","purchased_purges":1,"victory":false,"max_hp_per_floor":[71,71,71,71,71,71,71,71,71,71,71,71,71,71,71,71,71,71,71,71,71,71,71,71,78,78,78,78,78,78,78,78,78],"card_choices":[],"player_experience":635402,"relics_obtained":[{"floor":7.0,"key":"Omamori"},{"floor":9.0,"key":"Shuriken"},{"floor":12.0,"key":"Old Coin"},{"floor":25,"key":"Strawberry"},{"floor":26,"key":"Pen Nib"}],"event_choices":[{"event_name":"Bonfire Elementals","player_choice":"BASIC","floor":3.0,"damage_taken":0.0},{"event_name":"Liars Game","player_choice":"agreed","floor":4.0,"damage_taken":0.0},{"event_name":"Purifier","player_choice":"One Purge","floor":5.0,"damage_taken":0.0},{"event_name":"Shining Light","player_choice":"Ignored","floor":13.0,"damage_taken":0.0},{"event_name":"Drug Dealer","player_choice":"Got JAXXED","floor":20,"damage_taken":0},{"event_name":"The Mausoleum","player_choice":"Yes","floor":21,"damage_taken":0},{"event_name":"Back to Basics","player_choice":"Simplicity","floor":24,"damage_taken":0},{"event_name":"Cursed Tome","player_choice":"Ignored","floor":31,"damage_taken":0}],"boss_relics":[{"not_picked":["Tiny House","Black Star"],"picked":"Fusion Hammer"}],"items_purged_floors":[10],"is_endless":false,"potions_floor_spawned":[1,19,25,27],"killed_by":"Collector","ascension_level":15}