{"gold_per_floor":[111,111,22,39,52,82,82,115,415,428,428],"floor_reached":11,"playtime":261,"items_purged":[],"score":166,"play_id":"743bc5fd-f135-48bb-9b29-baf4090d888f","local_time":"20190218185816","is_ascension_mode":true,"campfire_choices":[{"data":"Streamline","floor":7.0,"key":"SMITH"}],"neow_cost":"NONE","seed_source_timestamp":14928984119011,"circlet_count":0,"master_deck":["AscendersBane","Strike_B","Strike_B","Strike_B","Strike_B","Defend_B","Defend_B","Defend_B","Zap","Dualcast","Conserve Battery","Hello World","Streamline+1","Hologram","Hello World","Go for the Eyes","Sunder"],"special_seed":0,"relics":["Cracked Core","NeowsBlessing","Bottled Tornado","Unceasing Top","Old Coin"],"potions_floor_usage":[],"damage_taken":[{"damage":0.0,"enemies":"Jaw Worm","floor":1.0,"turns":1.0},{"damage":0.0,"enemies":"Cultist","floor":4.0,"turns":1.0},{"damage":0.0,"enemies":"Small Slimes","floor":5.0,"turns":1.0},{"damage":10.0,"enemies":"3 Sentries","floor":6.0,"turns":11.0},{"damage":34,"enemies":"Gremlin Nob","floor":8,"turns":4},{"damage":11,"enemies":"Blue Slaver","floor":10,"turns":3},{"damage":9,"enemies":"2 Fungi Beasts","floor":11,"turns":2}],"seed_played":"8433519065675934282","potions_obtained":[{"floor":1.0,"key":"Poison Potion"},{"floor":5.0,"key":"EssenceOfSteel"},{"floor":8,"key":"LiquidBronze"}],"is_trial":false,"path_per_floor":["M","?","$","M","M","E","R","E","T","M","M"],"character_chosen":"DEFECT","items_purchased":["Hello World"],"campfire_rested":0,"item_purchase_floors":[3],"current_hp_per_floor":[64,64,64,64,64,54,54,20,20,9,0],"gold":428,"neow_bonus":"THREE_ENEMY_KILL","is_prod":false,"is_daily":false,"chose_seed":false,"campfire_upgraded":1,"win_rate":0,"timestamp":1550545096,"path_taken":["M","?","$","M","?","E","R","E","T","M","M"],"build_version":"2019-02-06","purchased_purges":0,"victory":false,"max_hp_per_floor":[71,71,71,71,71,71,71,71,71,71,71],"card_choices":[{"not_picked":["Static Discharge","Skim"],"picked":"Conserve Battery","floor":1.0},{"not_picked":["Self Repair","Reinforced Body"],"picked":"Streamline","floor":4.0},{"not_picked":["Rebound","Skim"],"picked":"Hologram","floor":5.0},{"not_picked":["Conserve Battery","Gash"],"picked":"Hello World","floor":6.0},{"not_picked":["Barrage","Steam"],"picked":"Go for the Eyes","floor":8},{"not_picked":["Rip and Tear","Doom and Gloom"],"picked":"Sunder","floor":10}],"player_experience":1176154,"relics_obtained":[{"floor":6.0,"key":"Bottled Tornado"},{"floor":8,"key":"Unceasing Top"},{"floor":9,"key":"Old Coin"}],"event_choices":[{"cards_removed":["Defend_B"],"damage_healed":0.0,"max_hp_gain":0.0,"max_hp_loss":0.0,"gold_gain":0.0,"event_name":"Purifier","player_choice":"Purged","floor":2.0,"gold_loss":0.0,"damage_taken":0.0}],"is_beta":true,"boss_relics":[],"items_purged_floors":[],"is_endless":false,"potions_floor_spawned":[1,5,8],"killed_by":"2 Fungi Beasts","ascension_level":20}