{"gold_per_floor":[114,134,134,134,134,165,165,165,189,189,17,33,67,67,67,144,144,160,54,54],"floor_reached":20,"playtime":333,"items_purged":[],"score":406,"play_id":"05dbed3e-170f-4a39-bd77-dca31ecfb53f","local_time":"20190218162640","is_ascension_mode":true,"campfire_choices":[{"data":"Bash","floor":8,"key":"SMITH"},{"data":"Dual Wield","floor":15,"key":"SMITH"}],"neow_cost":"NONE","seed_source_timestamp":5815008443245,"circlet_count":0,"master_deck":["AscendersBane","Strike_R","Strike_R","Strike_R","Strike_R","Strike_R","Defend_R","Defend_R+1","Defend_R","Bash+1","Perfected Strike+1","Spot Weakness+1","Pommel Strike","Thunderclap","Dual Wield+1","Twin Strike","Dual Wield","Battle Trance","Feed","Clothesline","Armaments","Shrug It Off"],"relics":["Burning Blood","NeowsBlessing","Letter Opener","Blood Vial","Mercury Hourglass","Turnip","Fusion Hammer"],"potions_floor_usage":[16],"damage_taken":[{"damage":0,"enemies":"Small Slimes","floor":1,"turns":1},{"damage":0,"enemies":"2 Louse","floor":2,"turns":1},{"damage":0,"enemies":"Gremlin Nob","floor":6,"turns":1},{"damage":7,"enemies":"Jaw Worm","floor":12,"turns":2},{"damage":20,"enemies":"3 Sentries","floor":13,"turns":4},{"damage":40,"enemies":"Hexaghost","floor":16,"turns":7},{"damage":30,"enemies":"Shell Parasite","floor":18,"turns":3},{"damage":27,"enemies":"Colosseum Slavers","floor":20,"turns":3},{"damage":31,"enemies":"Colosseum Nobs","floor":20,"turns":3}],"seed_played":"-563434704905177914","potions_obtained":[{"floor":2,"key":"SmokeBomb"},{"floor":6,"key":"Regen Potion"},{"floor":13,"key":"Ancient Potion"}],"is_trial":false,"path_per_floor":["M","M","?","?","?","E","?","R","T","T","$","M","E","?","R","B",null,"M","$","?"],"character_chosen":"IRONCLAD","items_purchased":["Thunderclap","Dual Wield","Twin Strike","Armaments","Shrug It Off"],"campfire_rested":0,"item_purchase_floors":[11,11,11,19,19],"current_hp_per_floor":[74,75,52,52,45,51,56,56,56,56,56,57,45,45,45,25,66,44,44,0],"gold":54,"neow_bonus":"THREE_ENEMY_KILL","is_prod":false,"is_daily":false,"chose_seed":false,"campfire_upgraded":2,"win_rate":0,"timestamp":1550536000,"path_taken":["M","M","?","?","?","E","?","R","T","?","$","?","E","?","R","BOSS","M","$","?"],"build_version":"2019-02-06","purchased_purges":0,"victory":false,"max_hp_per_floor":[75,75,75,75,75,75,80,80,80,80,80,80,80,80,80,80,80,80,80,80],"card_choices":[{"not_picked":["Sword Boomerang","Sentinel"],"picked":"Perfected Strike","floor":1},{"not_picked":["Iron Wave","Havoc"],"picked":"Spot Weakness","floor":2},{"not_picked":["Barricade","Blood for Blood"],"picked":"Pommel Strike","floor":6},{"not_picked":["Inflame","Sentinel"],"picked":"Dual Wield","floor":12},{"not_picked":["Shrug It Off","Sword Boomerang"],"picked":"Battle Trance","floor":13},{"not_picked":["Juggernaut","Fiend Fire"],"picked":"Feed","floor":16},{"not_picked":["Anger","Warcry"],"picked":"Clothesline","floor":18}],"player_experience":1169689,"relics_obtained":[{"floor":6,"key":"Letter Opener"},{"floor":9,"key":"Blood Vial"},{"floor":10,"key":"Mercury Hourglass"},{"floor":13,"key":"Turnip"}],"event_choices":[{"damage_healed":0,"gold_gain":0,"player_choice":"Entered Light","damage_taken":23,"max_hp_gain":0,"max_hp_loss":0,"event_name":"Shining Light","floor":3,"gold_loss":0,"cards_upgraded":["Defend_R","Spot Weakness"]},{"damage_healed":0,"gold_gain":0,"player_choice":"Grow","damage_taken":0,"max_hp_gain":0,"max_hp_loss":0,"event_name":"Living Wall","floor":4,"gold_loss":0,"cards_upgraded":["Perfected Strike"]},{"cards_removed":["Defend_R"],"damage_healed":0,"gold_gain":0,"player_choice":"Card Removal","damage_taken":7,"max_hp_gain":0,"max_hp_loss":0,"event_name":"Golden Wing","floor":5,"gold_loss":0},{"damage_healed":0,"gold_gain":0,"player_choice":"Donut","damage_taken":0,"max_hp_gain":5,"max_hp_loss":0,"event_name":"Big Fish","floor":7,"gold_loss":0},{"damage_healed":0,"gold_gain":0,"player_choice":"Ignored","damage_taken":0,"max_hp_gain":0,"max_hp_loss":0,"event_name":"Liars Game","floor":14,"gold_loss":0},{"damage_healed":0,"gold_gain":0,"player_choice":"Fight","damage_taken":0,"max_hp_gain":0,"max_hp_loss":0,"event_name":"Colosseum","floor":20,"gold_loss":0},{"damage_healed":0,"gold_gain":0,"player_choice":"Fought Nobs","damage_taken":0,"max_hp_gain":0,"max_hp_loss":0,"event_name":"Colosseum","floor":20,"gold_loss":0}],"is_beta":true,"boss_relics":[{"not_picked":["Empty Cage","Pandora\u0027s Box"],"picked":"Fusion Hammer"}],"items_purged_floors":[],"is_endless":false,"potions_floor_spawned":[2,6,13,20],"killed_by":"Colosseum Nobs","ascension_level":20}