{"gold_per_floor":[115,165,183,198,6,6,6,21,74,94,127,127,140,159,159,159],"floor_reached":16,"playtime":659,"items_purged":["Strike_G"],"score":187,"play_id":"4cdbc8db-9e21-4256-bc38-aff7932cd0a3","local_time":"20190712221321","is_ascension_mode":true,"campfire_choices":[{"data":"Blade Dance","floor":6,"key":"SMITH"},{"floor":12,"key":"REST"},{"data":"Cloak And Dagger","floor":15,"key":"SMITH"}],"neow_cost":"NONE","seed_source_timestamp":233468733084577,"circlet_count":0,"master_deck":["AscendersBane","Strike_G","Strike_G","Strike_G","Strike_G","Defend_G","Defend_G","Defend_G","Defend_G","Defend_G","Survivor","Neutralize","Cloak And Dagger+1","Dodge and Roll","Blade Dance+1","Finisher","Infinite Blades","Noxious Fumes","Poisoned Stab","Skewer","PiercingWail","Deflect"],"relics":["Ring of the Snake","NeowsBlessing","Omamori","Orichalcum"],"potions_floor_usage":[11,13],"damage_taken":[{"damage":0,"enemies":"Small Slimes","floor":1,"turns":1},{"damage":0,"enemies":"Cultist","floor":3,"turns":1},{"damage":0,"enemies":"2 Louse","floor":4,"turns":1},{"damage":4,"enemies":"Large Slime","floor":8,"turns":5},{"damage":0,"enemies":"Blue Slaver","floor":10,"turns":5},{"damage":30,"enemies":"Lagavulin","floor":11,"turns":6},{"damage":0,"enemies":"3 Louse","floor":13,"turns":3},{"damage":3,"enemies":"Looter","floor":14,"turns":5},{"damage":38,"enemies":"The Guardian","floor":16,"turns":6}],"seed_played":"647646784605950095","potions_obtained":[{"floor":3,"key":"Ancient Potion"},{"floor":8,"key":"FearPotion"},{"floor":11,"key":"GhostInAJar"}],"is_trial":false,"path_per_floor":["M","?","M","M","$","R","$","M","T","M","E","R","M","M","R","B"],"character_chosen":"THE_SILENT","items_purchased":["Finisher","Infinite Blades"],"campfire_rested":1,"item_purchase_floors":[5,5],"current_hp_per_floor":[59,53,53,53,53,53,53,49,49,49,19,38,38,35,35,0],"gold":159,"neow_bonus":"THREE_ENEMY_KILL","is_prod":false,"is_daily":false,"chose_seed":false,"campfire_upgraded":2,"win_rate":0,"timestamp":1562987601,"path_taken":["M","?","M","?","?","R","$","M","T","M","E","R","M","M","R","BOSS"],"build_version":"2019-07-05","purchased_purges":1,"victory":false,"max_hp_per_floor":[66,66,66,66,66,66,66,66,66,66,66,66,66,66,66,66],"card_choices":[{"not_picked":["Quick Slash","Acrobatics"],"picked":"Cloak And Dagger","floor":1},{"not_picked":["Reflex","Prepared"],"picked":"Dodge and Roll","floor":3},{"not_picked":["Sucker Punch","Underhanded Strike"],"picked":"Blade Dance","floor":4},{"not_picked":["Prepared","Bane"],"picked":"Noxious Fumes","floor":8},{"not_picked":["Bane","Finisher"],"picked":"Poisoned Stab","floor":10},{"not_picked":["PiercingWail","Doppelganger"],"picked":"Skewer","floor":11},{"not_picked":["Outmaneuver","Dagger Throw"],"picked":"PiercingWail","floor":13},{"not_picked":["Sucker Punch","Well Laid Plans"],"picked":"Deflect","floor":14}],"player_experience":857887,"relics_obtained":[{"floor":9,"key":"Omamori"},{"floor":11,"key":"Orichalcum"}],"event_choices":[{"damage_healed":0,"gold_gain":50,"player_choice":"Touch","damage_taken":6,"max_hp_gain":0,"max_hp_loss":0,"event_name":"FaceTrader","floor":2,"gold_loss":0}],"is_beta":false,"boss_relics":[],"items_purged_floors":[5],"is_endless":false,"potions_floor_spawned":[3,8,11],"killed_by":"The Guardian","ascension_level":16}