{"path_per_floor":["M","M","M","$","M","R","E","?","T","R","M","R","E","M","R","B",null,"M","?","?","$","M","R","E"],"character_chosen":"THE_SILENT","items_purchased":["Ice Cream","Cloak And Dagger","Kunai","Acrobatics"],"gold_per_floor":[366,384,400,13,33,33,58,58,104,104,120,120,151,164,164,267,267,267,267,267,7,0,0,0,0],"floor_reached":25,"campfire_rested":3,"playtime":2160,"item_purchase_floors":[4,4,21,21],"current_hp_per_floor":[70,66,64,64,60,60,59,59,59,59,52,76,62,57,80,49,80,61,46,46,46,27,52,20,3],"items_purged":["Writhe"],"gold":0,"score":256,"play_id":"77430890-5a3d-4f6b-8ba6-d232b2422516","local_time":"20180605211040","is_prod":false,"is_daily":false,"chose_seed":false,"is_ascension_mode":false,"campfire_upgraded":2,"win_rate":0.0,"timestamp":1528247440,"campfire_choices":[{"data":"Infinite Blades","floor":6,"key":"SMITH"},{"data":"Blade Dance","floor":10,"key":"SMITH"},{"floor":12,"key":"REST"},{"floor":15,"key":"REST"},{"floor":23,"key":"REST"}],"path_taken":["M","M","M","$","M","R","E","?","T","R","M","R","E","M","R","BOSS","M","?","?","$","M","R","E","M"],"build_version":"2018-05-31","seed_source_timestamp":38231488502429,"purchased_purges":1,"victory":false,"master_deck":["Defend_G","Defend_G","Defend_G","Defend_G","Defend_G","Strike_G","Strike_G","Strike_G","Survivor","Neutralize","Infinite Blades+1","Prepared","Terror","Cloak And Dagger","Finisher","Night Terror","Blade Dance+1","Infinite Blades","Prepared","Tools of the Trade","Infinite Blades","Acrobatics","Accuracy","Die Die Die"],"max_hp_per_floor":[70,70,70,70,70,70,80,80,80,80,80,80,80,80,80,80,80,80,85,85,85,85,85,85,85],"relics":["Ring of the Snake","Ice Cream","Pear","Orichalcum","Lantern","Ectoplasm","Kunai","Anchor"],"card_choices":[{"not_picked":["Flying Knee","Reflex"],"picked":"Infinite Blades","floor":1},{"not_picked":["Leg Sweep","Footwork"],"picked":"Prepared","floor":2},{"not_picked":["Quick Slash","Poisoned Stab"],"picked":"Terror","floor":3},{"not_picked":["Dagger Spray","Flechettes"],"picked":"Finisher","floor":5},{"not_picked":["Quick Slash","Expertise"],"picked":"Night Terror","floor":7},{"not_picked":["Poisoned Stab","Quick Slash","Expertise"],"picked":"SKIP","floor":11},{"not_picked":["Flying Knee","Quick Slash"],"picked":"Infinite Blades","floor":13},{"not_picked":["Outmaneuver","Dodge and Roll"],"picked":"Prepared","floor":14},{"not_picked":["Doppelganger","Unload"],"picked":"Tools of the Trade","floor":16},{"not_picked":["Reflex","Deadly Poison"],"picked":"Infinite Blades","floor":18},{"not_picked":["Prepared","Poisoned Stab"],"picked":"Accuracy","floor":22},{"not_picked":["Cloak And Dagger","Blur"],"picked":"Die Die Die","floor":24}],"player_experience":69159,"potions_floor_usage":[7,14,16,16,24],"damage_taken":[{"damage":0,"enemies":"Cultist","floor":1,"turns":4},{"damage":4,"enemies":"Jaw Worm","floor":2,"turns":4},{"damage":2,"enemies":"Small Slimes","floor":3,"turns":5},{"damage":4,"enemies":"Blue Slaver","floor":5,"turns":5},{"damage":11,"enemies":"Gremlin Nob","floor":7,"turns":4},{"damage":7,"enemies":"Exordium Wildlife","floor":11,"turns":4},{"damage":14,"enemies":"3 Sentries","floor":13,"turns":8},{"damage":5,"enemies":"Lots of Slimes","floor":14,"turns":3},{"damage":31,"enemies":"Slime Boss","floor":16,"turns":9},{"damage":19,"enemies":"Spheric Guardian","floor":18,"turns":5},{"damage":19,"enemies":"2 Thieves","floor":22,"turns":4},{"damage":32,"enemies":"Gremlin Leader","floor":24,"turns":5},{"damage":17,"enemies":"Slaver and Parasite","floor":25,"turns":4}],"relics_obtained":[{"floor":7,"key":"Pear"},{"floor":9,"key":"Orichalcum"},{"floor":13,"key":"Lantern"},{"floor":24,"key":"Anchor"}],"event_choices":[{"event_name":"Transmorgrifier","player_choice":"Transform","floor":8,"damage_taken":0},{"event_name":"Forgotten Altar","player_choice":"Shed Blood","floor":19,"damage_taken":0},{"event_name":"Purifier","player_choice":"One Purge","floor":20,"damage_taken":0}],"boss_relics":[{"not_picked":["Runic Dome","Runic Pyramid"],"picked":"Ectoplasm"}],"items_purged_floors":[4],"potions_floor_spawned":[1,2,5,13,14,22],"seed_played":"3319346860394797912","killed_by":"Slaver and Parasite","ascension_level":0,"potions_obtained":[{"floor":1,"key":"SpeedPotion"},{"floor":2,"key":"LiquidBronze"},{"floor":5,"key":"EssenceOfSteel"},{"floor":13,"key":"SteroidPotion"},{"floor":14,"key":"Explosive Potion"},{"floor":22,"key":"Block Potion"}],"is_trial":false}