{"gold_per_floor":[111,124,1,77,96,96,108,108,131,56,67,102,102,134,134,213,213,233,246,1,1,14,14,43,57,57,57,57,57],"floor_reached":29,"playtime":734,"items_purged":["Strike_G","Poisoned Stab"],"score":443,"play_id":"fd2ef511-7c77-4fb9-bcb9-d969ad369b87","local_time":"20180711224838","is_ascension_mode":true,"campfire_choices":[{"data":"Neutralize","floor":6,"key":"SMITH"},{"floor":13,"key":"REST"},{"data":"Noxious Fumes","floor":15,"key":"SMITH"},{"data":"Cloak And Dagger","floor":23,"key":"SMITH"}],"neow_cost":"NONE","seed_source_timestamp":223371795953453,"circlet_count":0,"master_deck":["Survivor","Neutralize+1","AscendersBane","Dagger Spray","Quick Slash","Noxious Fumes+1","Cloak And Dagger+1","Deadly Poison","Dagger Throw","All Out Attack","Leg Sweep","Crippling Poison","Die Die Die","Bane","Deflect","Quick Slash","Underhanded Strike","Bane","Well Laid Plans","Sucker Punch","Underhanded Strike","Deflect+1","Tools of the Trade"],"relics":["Runic Dome","Mummified Hand","Darkstone Periapt","Anchor","Shovel","Bronze Scales","Pandora\u0027s Box","Oddly Smooth Stone","Art of War","Gremlin Horn"],"potions_floor_usage":[12,16,19,25],"damage_taken":[{"damage":3,"enemies":"Cultist","floor":1,"turns":5},{"damage":2,"enemies":"Jaw Worm","floor":2,"turns":5},{"damage":3,"enemies":"2 Louse","floor":5,"turns":3},{"damage":1,"enemies":"Looter","floor":7,"turns":3},{"damage":0,"enemies":"3 Louse","floor":11,"turns":2},{"damage":17,"enemies":"Gremlin Nob","floor":12,"turns":4},{"damage":11,"enemies":"3 Sentries","floor":14,"turns":6},{"damage":9,"enemies":"Slime Boss","floor":16,"turns":9},{"damage":0,"enemies":"3 Byrds","floor":18,"turns":3},{"damage":20,"enemies":"Spheric Guardian","floor":19,"turns":4},{"damage":3,"enemies":"3 Cultists","floor":22,"turns":4},{"damage":15,"enemies":"Slavers","floor":24,"turns":4},{"damage":23,"enemies":"Snake Plant","floor":25,"turns":4},{"damage":0,"enemies":"Slaver and Parasite","floor":29,"turns":1}],"seed_played":"90762970807307822","potions_obtained":[{"floor":2,"key":"GhostInAJar"},{"floor":5,"key":"FearPotion"},{"floor":18,"key":"Weak Potion"},{"floor":24,"key":"Regen Potion"}],"is_trial":false,"path_per_floor":["M","M","$","T","M","R","M","?","T","$","M","E","R","E","R","B",null,"M","M","$","?","M","R","E","M","T","$","?"],"character_chosen":"THE_SILENT","items_purchased":["Noxious Fumes","Cloak And Dagger","Oddly Smooth Stone"],"campfire_rested":1,"item_purchase_floors":[3,3,20],"current_hp_per_floor":[56,54,54,54,51,51,50,39,39,39,39,22,41,30,30,21,55,55,35,35,35,32,32,17,6,6,6,6,6],"gold":57,"neow_bonus":"BOSS_RELIC","is_prod":false,"is_daily":false,"chose_seed":false,"campfire_upgraded":3,"win_rate":0,"timestamp":1531374518,"path_taken":["M","?","?","?","M","R","M","?","T","$","M","E","R","E","R","BOSS","M","?","$","?","?","R","E","M","T","?","?","M"],"build_version":"2018-07-10","purchased_purges":2,"victory":false,"max_hp_per_floor":[66,66,66,66,66,66,66,66,66,66,66,66,66,66,66,66,66,66,66,66,66,66,66,66,66,66,66,66,66],"card_choices":[{"not_picked":["Slice","Well Laid Plans"],"picked":"Dagger Spray","floor":1},{"not_picked":["Bane","Predator"],"picked":"Quick Slash","floor":2},{"not_picked":["Prepared","Sucker Punch"],"picked":"Deadly Poison","floor":5},{"not_picked":["Backstab","Outmaneuver"],"picked":"Dagger Throw","floor":7},{"not_picked":["Underhanded Strike","Blade Dance"],"picked":"All Out Attack","floor":11},{"not_picked":["Crippling Poison","Choke"],"picked":"Leg Sweep","floor":12},{"not_picked":["Reflex","Accuracy"],"picked":"Crippling Poison","floor":14},{"not_picked":["Doppelganger","Bullet Time"],"picked":"Die Die Die","floor":16},{"not_picked":["Slice","Poisoned Stab"],"picked":"Deflect+1","floor":22},{"not_picked":["Dagger Throw","Expertise","Outmaneuver+1"],"picked":"SKIP","floor":24},{"not_picked":["Acrobatics","Endless Agony"],"picked":"Tools of the Trade","floor":25}],"player_experience":602805,"relics_obtained":[{"floor":4,"key":"Mummified Hand"},{"floor":9,"key":"Anchor"},{"floor":12,"key":"Shovel"},{"floor":14,"key":"Bronze Scales"},{"floor":24,"key":"Art of War"},{"floor":26,"key":"Gremlin Horn"}],"event_choices":[{"event_name":"Scrap Ooze","player_choice":"success","floor":8,"damage_taken":11},{"event_name":"Beggar","player_choice":"Ignored","floor":21,"damage_taken":0},{"event_name":"Drug Dealer","player_choice":"Ignored","floor":28,"damage_taken":0}],"boss_relics":[{"not_picked":["Runic Pyramid","Ectoplasm"],"picked":"Pandora\u0027s Box"}],"items_purged_floors":[10,20],"is_endless":false,"potions_floor_spawned":[2,5,11,18,24],"killed_by":"Slaver and Parasite","ascension_level":15}