{"path_per_floor":["M","$","?","$","?","R","E","?","T","R","$","R","E","$","R","B",null,"M","$","M","?","M","R","?","?","T","E","R","?","$","M","R","B",null,"M","M","?","?","$","E","$","?","T","M","R","M","M","M","R"],"character_chosen":"THE_SILENT","items_purchased":["Dagger Throw","Noxious Fumes","Slice","Backflip","Slice","Sucker Punch","Noxious Fumes"],"gold_per_floor":[111,26,26,2,2,2,27,27,77,77,1,1,30,30,30,126,126,139,19,31,31,45,45,45,45,96,126,126,126,26,40,40,145,175,187,197,197,197,118,150,25,25,73,83,83,93,109,127,127,127],"floor_reached":50,"campfire_rested":2,"playtime":8237,"current_hp_per_floor":[70,70,56,56,56,56,56,56,56,56,56,56,56,56,56,56,70,66,66,66,66,53,53,53,53,53,27,48,48,48,48,48,41,75,75,70,70,70,70,59,59,59,59,55,55,32,27,23,45,0],"items_purged":["Defend_G","Strike_G","Quick Slash"],"gold":127,"score":651,"play_id":"3af05d24-6fbb-4182-9bb7-d64ee8c921b6","local_time":"20180513134925","is_prod":false,"is_daily":false,"chose_seed":false,"is_ascension_mode":true,"campfire_upgraded":7,"timestamp":1526212165,"path_taken":["M","$","?","$","?","R","E","?","T","R","$","R","E","?","R","BOSS","M","$","M","?","M","R","?","?","T","E","R","?","$","M","R","BOSS","M","M","?","?","?","E","$","?","T","M","R","M","?","M","R","BOSS"],"build_version":"2018-05-10","seed_source_timestamp":350876683826432,"purchased_purges":4,"victory":false,"master_deck":["Defend_G+1","Defend_G+1","Defend_G+1","Survivor","Neutralize+1","Dagger Throw","Noxious Fumes+1","Slice+1","Dagger Throw","Backflip+1","Slice+1","Well Laid Plans","Acrobatics+1","After Image+1","Slice+1","Deflect+1","Sucker Punch","Blur+1","Dagger Throw","Dagger Spray+1","Tactician+1","Skewer+1","PiercingWail+1","Noxious Fumes+1","Cloak And Dagger+1","Outmaneuver+1"],"max_hp_per_floor":[70,70,70,70,70,70,70,70,70,70,70,70,70,70,70,70,70,70,70,70,70,70,70,70,70,70,70,70,70,70,70,70,70,75,75,75,75,75,75,75,75,75,75,75,75,75,75,75,75,75],"relics":["Ring of the Snake","NeowsBlessing","Mercury Hourglass","War Paint","Question Card","Astrolabe","Mummified Hand","Orichalcum","Gremlin Horn","Tiny House","Bottled Lightning","Omamori"],"card_choices":[{"not_picked":["Cloak And Dagger","PiercingWail"],"picked":"Quick Slash","floor":1},{"not_picked":["Choke","Bane"],"picked":"Dagger Throw","floor":7},{"not_picked":["Dash","Deflect"],"picked":"Well Laid Plans","floor":13},{"not_picked":["Distraction","Bane","Calculated Gamble"],"picked":"Deflect","floor":18},{"not_picked":["Dash","Dodge and Roll","Predator"],"picked":"Blur","floor":20},{"not_picked":["Deadly Poison","Acrobatics","Blade Dance"],"picked":"Dagger Throw","floor":22},{"not_picked":["Leg Sweep","Backflip","Deadly Poison"],"picked":"Blur","floor":27},{"not_picked":["Reflex","Choke","Catalyst"],"picked":"Dagger Spray","floor":31},{"not_picked":["A Thousand Cuts","After Image","Venomology"],"picked":"Tactician","floor":33},{"not_picked":["Reflex","Calculated Gamble","Poisoned Stab"],"picked":"Skewer","floor":35},{"not_picked":["Skewer","Acrobatics","Slice"],"picked":"PiercingWail","floor":36},{"not_picked":["Underhanded Strike","Backflip","Dagger Spray"],"picked":"Cloak And Dagger","floor":44},{"not_picked":["Poisoned Stab","Deadly Poison","Calculated Gamble"],"picked":"Outmaneuver","floor":48}],"player_experience":152959,"potions_floor_usage":[16,47,47,50],"damage_taken":[{"damage":0,"enemies":"Jaw Worm","floor":1,"turns":1},{"damage":0,"enemies":"Lagavulin","floor":7,"turns":1},{"damage":0,"enemies":"Gremlin Nob","floor":13,"turns":1},{"damage":0,"enemies":"Slime Boss","floor":16,"turns":7},{"damage":4,"enemies":"Spheric Guardian","floor":18,"turns":4},{"damage":0,"enemies":"2 Thieves","floor":20,"turns":4},{"damage":13,"enemies":"Sentry and Sphere","floor":22,"turns":6},{"damage":26,"enemies":"Slavers","floor":27,"turns":5},{"damage":0,"enemies":"Centurion and Healer","floor":31,"turns":6},{"damage":7,"enemies":"Collector","floor":33,"turns":10},{"damage":0,"enemies":"Orb Walker","floor":35,"turns":3},{"damage":5,"enemies":"3 Darklings","floor":36,"turns":4},{"damage":11,"enemies":"Nemesis","floor":40,"turns":7},{"damage":4,"enemies":"Maw","floor":44,"turns":9},{"damage":23,"enemies":"4 Shapes","floor":46,"turns":5},{"damage":5,"enemies":"3 Darklings","floor":47,"turns":4},{"damage":4,"enemies":"Maw","floor":48,"turns":9},{"damage":73,"enemies":"Time Eater","floor":50,"turns":14}],"event_choices":[{"event_name":"Shining Light","player_choice":"Entered Light","floor":3,"damage_taken":0},{"event_name":"The Cleric","player_choice":"Leave","floor":5,"damage_taken":0},{"event_name":"Bonfire Elementals","player_choice":"BASIC","floor":8,"damage_taken":0},{"event_name":"The Mausoleum","player_choice":"Yes","floor":21,"damage_taken":0},{"event_name":"Addict","player_choice":"Ignored","floor":24,"damage_taken":0},{"event_name":"Ghosts","player_choice":"Ignored","floor":25,"damage_taken":0},{"event_name":"Back to Basics","player_choice":"Elegance","floor":29,"damage_taken":0},{"event_name":"Mysterious Sphere","player_choice":"Ignore","floor":37,"damage_taken":0},{"event_name":"The Lab","player_choice":"Got Potions","floor":42,"damage_taken":0}],"boss_relics":[{"not_picked":["Lizard Tail","Philosopher\u0027s Stone"],"picked":"Astrolabe"},{"not_picked":["Snecko Eye","Runic Pyramid"],"picked":"Tiny House"}],"potions_floor_spawned":[13,31,40,44,46,48],"seed_played":"7503005222398849929","killed_by":"Time Eater","ascension_level":2,"is_trial":false}