{"gold_per_floor":[109,28,28,39,114,114,142,142,142,1,1,33,52,68,68,142,142,154,154,167,177,197,197,228,228,253,253,253,265,265,12,12,89,89,108,121,71,71,14,14,46,0,0,100,116,11,11,46,46,46,46],"floor_reached":52,"playtime":2760,"items_purged":["Parasite","Pain"],"score":1993,"play_id":"a9a73028-131b-4fc2-95bc-f3df3963dc22","local_time":"20190301025934","is_ascension_mode":true,"campfire_choices":[{"data":"Rebound","floor":6.0,"key":"SMITH"},{"data":"Zap","floor":8.0,"key":"SMITH"},{"data":"Blizzard","floor":15.0,"key":"SMITH"},{"data":"Seek","floor":23.0,"key":"SMITH"},{"data":"Coolheaded","floor":25.0,"key":"SMITH"},{"floor":27.0,"key":"REST"},{"floor":32.0,"key":"REST"},{"data":"Defragment","floor":40,"key":"SMITH"},{"data":"Clumsy","floor":47,"key":"PURGE"},{"floor":49,"key":"REST"}],"neow_cost":"NONE","seed_source_timestamp":32728447948009,"circlet_count":0,"master_deck":["AscendersBane","Strike_B","Strike_B+1","Strike_B","Strike_B+1","Defend_B","Defend_B","Defend_B","Zap+1","Dualcast","Rebound+1","Glacier","Leap","Core Surge","Blizzard+1","Conserve Battery","Leap","Glacier","Coolheaded+1","Seek+1","Reinforced Body","Defragment+1","Stack","Hologram+1","Coolheaded+1","Apotheosis","Defragment+1","Machine Learning","Redo+1","Hologram+1","Echo Form","Loop+1","Coolheaded","White Noise"],"special_seed":0,"relics":["Velvet Choker","Pear","Sundial","Du-Vu Doll","Cursed Key","Happy Flower","Smiling Mask","WarpedTongs","Eternal Feather","Question Card","Red Mask","Frozen Egg 2","Peace Pipe","War Paint"],"potions_floor_usage":[44,51],"damage_taken":[{"damage":9.0,"enemies":"Jaw Worm","floor":1.0,"turns":4.0},{"damage":0.0,"enemies":"Small Slimes","floor":4.0,"turns":4.0},{"damage":5.0,"enemies":"3 Sentries","floor":7.0,"turns":10.0},{"damage":0.0,"enemies":"Lagavulin","floor":12.0,"turns":7.0},{"damage":0.0,"enemies":"Cultist","floor":13.0,"turns":3.0},{"damage":5.0,"enemies":"Exordium Wildlife","floor":14.0,"turns":4.0},{"damage":0.0,"enemies":"Slime Boss","floor":16.0,"turns":8.0},{"damage":1.0,"enemies":"Shell Parasite","floor":18.0,"turns":10.0},{"damage":6.0,"enemies":"2 Thieves","floor":20.0,"turns":5.0},{"damage":0.0,"enemies":"Centurion and Healer","floor":21.0,"turns":10.0},{"damage":0.0,"enemies":"Snecko","floor":22.0,"turns":7.0},{"damage":22.0,"enemies":"Gremlin Leader","floor":24.0,"turns":12.0},{"damage":29.0,"enemies":"Shelled Parasite and Fungi","floor":29.0,"turns":8.0},{"damage":11.0,"enemies":"Champ","floor":33.0,"turns":29.0},{"damage":2,"enemies":"3 Shapes","floor":35,"turns":7},{"damage":0,"enemies":"Orb Walker","floor":36,"turns":5},{"damage":1,"enemies":"Giant Head","floor":41,"turns":14},{"damage":4,"enemies":"Mind Bloom Boss Battle","floor":44,"turns":9},{"damage":3,"enemies":"3 Darklings","floor":45,"turns":6},{"damage":26,"enemies":"Nemesis","floor":48,"turns":13},{"damage":18,"enemies":"Donu and Deca","floor":50,"turns":13},{"damage":9,"enemies":"Time Eater","floor":51,"turns":15}],"seed_played":"1548105708006487561","potions_obtained":[{"floor":4.0,"key":"FairyPotion"},{"floor":12.0,"key":"Weak Potion"},{"floor":24.0,"key":"LiquidBronze"},{"floor":33,"key":"SkillPotion"},{"floor":45,"key":"Poison Potion"}],"is_trial":false,"path_per_floor":["M","$","?","M","?","R","E","R","T","$","?","E","M","M","R","B",null,"M","?","M","M","M","R","E","R","T","R","?","M","?","$","R","B",null,"M","M","$","?","$","R","E","?","T","?","M","$","R","E","R","B","B",null],"character_chosen":"DEFECT","items_purchased":["Glacier","Blizzard","Conserve Battery","Apotheosis","Defragment","Hologram","Coolheaded"],"campfire_rested":3,"item_purchase_floors":[2,10,10,31,31,39,46],"current_hp_per_floor":[55,55,34,34,23,23,28,28,28,28,21,21,21,16,16,16,65,64,64,58,58,58,58,36,36,36,60,60,31,31,31,55,44,72,70,70,70,70,70,74,73,73,73,69,66,66,74,48,74,56,47],"gold":46,"neow_bonus":"BOSS_RELIC","is_prod":false,"is_daily":false,"chose_seed":false,"campfire_upgraded":6,"win_rate":0,"timestamp":1551437974,"path_taken":["M","$","?","M","?","R","E","R","T","$","?","E","M","M","R","BOSS","M","?","?","M","M","R","E","R","T","R","?","?","?","$","R","BOSS","BOSS","M","M","$","?","$","R","E","?","T","?","M","$","R","E","R","BOSS","BOSS"],"build_version":"2019-02-06","purchased_purges":2,"victory":true,"max_hp_per_floor":[71,71,71,71,71,71,81,81,81,81,81,81,81,81,81,81,81,81,81,81,81,81,81,81,81,81,81,81,81,81,81,81,81,81,81,81,78,74,74,74,74,74,74,74,74,74,74,74,74,74,74],"card_choices":[{"not_picked":["Go for the Eyes","Compile Driver"],"picked":"Rebound","floor":1.0},{"not_picked":["Coolheaded","Redo"],"picked":"Leap","floor":4.0},{"not_picked":["Cold Snap","Barrage"],"picked":"Core Surge","floor":7.0},{"not_picked":["Redo","Beam Cell"],"picked":"Leap","floor":12.0},{"not_picked":["Leap","Melter"],"picked":"Glacier","floor":13.0},{"not_picked":["Hologram","Heatsinks"],"picked":"Coolheaded","floor":14.0},{"not_picked":["Buffer","Multi-Cast"],"picked":"Seek","floor":16.0},{"not_picked":["Stack","Doom and Gloom"],"picked":"Reinforced Body","floor":18.0},{"not_picked":["Darkness","Redo"],"picked":"Defragment+1","floor":20.0},{"not_picked":["Recycle","Beam Cell"],"picked":"Stack","floor":21.0},{"not_picked":["Conserve Battery","Blizzard"],"picked":"Hologram+1","floor":24.0},{"not_picked":["Barrage+1","Heatsinks"],"picked":"Coolheaded","floor":29.0},{"not_picked":["Core Surge","Amplify"],"picked":"Machine Learning","floor":33},{"not_picked":["Stack","Streamline"],"picked":"Redo+1","floor":36},{"not_picked":["Coolheaded","Multi-Cast"],"picked":"Echo Form","floor":41},{"not_picked":["Loop+1","Skim","Redo","Steam+1"],"picked":"SKIP","floor":45},{"not_picked":["Skim","Redo","Steam+1"],"picked":"Loop+1","floor":45},{"not_picked":["Beam Cell","Chaos","Scrape"],"picked":"White Noise","floor":48}],"player_experience":1249564,"relics_obtained":[{"floor":7.0,"key":"Pear"},{"floor":9.0,"key":"Sundial"},{"floor":12.0,"key":"Du-Vu Doll"},{"floor":24.0,"key":"Happy Flower"},{"floor":26.0,"key":"Smiling Mask"},{"floor":41,"key":"Question Card"},{"floor":43,"key":"Frozen Egg 2"},{"floor":44,"key":"Peace Pipe"},{"floor":48,"key":"War Paint"}],"event_choices":[{"damage_healed":0.0,"max_hp_gain":0.0,"max_hp_loss":0.0,"gold_gain":0.0,"event_name":"Shining Light","player_choice":"Entered Light","floor":3.0,"gold_loss":0.0,"damage_taken":21.0,"cards_upgraded":["Strike_B","Strike_B"]},{"damage_healed":0.0,"max_hp_gain":0.0,"max_hp_loss":0.0,"gold_gain":75.0,"event_name":"World of Goop","player_choice":"Gather Gold","floor":5.0,"gold_loss":0.0,"damage_taken":11.0},{"cards_removed":["Defend_B"],"damage_healed":0.0,"max_hp_gain":0.0,"max_hp_loss":0.0,"gold_gain":0.0,"event_name":"Golden Wing","player_choice":"Card Removal","floor":11.0,"gold_loss":0.0,"damage_taken":7.0},{"damage_healed":0.0,"max_hp_gain":0.0,"max_hp_loss":0.0,"gold_gain":0.0,"event_name":"N\u0027loth","player_choice":"Ignored","floor":19.0,"gold_loss":0.0,"damage_taken":0.0},{"damage_healed":0.0,"max_hp_gain":0.0,"max_hp_loss":0.0,"gold_gain":0.0,"event_name":"Accursed Blacksmith","player_choice":"Rummage","floor":28.0,"gold_loss":0.0,"damage_taken":0.0,"relics_obtained":["WarpedTongs"],"cards_obtained":["Pain"]},{"damage_healed":0.0,"max_hp_gain":0.0,"max_hp_loss":0.0,"gold_gain":0.0,"cards_transformed":["Pain","Pain"],"event_name":"Drug Dealer","player_choice":"Became Test Subject","floor":30.0,"gold_loss":0.0,"damage_taken":0.0,"cards_obtained":["Clumsy","Parasite"]},{"damage_healed":0,"gold_gain":0,"player_choice":"Max HP","damage_taken":0,"max_hp_gain":0,"max_hp_loss":4,"event_name":"Winding Halls","floor":38,"gold_loss":0},{"damage_healed":0,"gold_gain":0,"player_choice":"Paid","damage_taken":0,"relics_obtained":["Red Mask"],"max_hp_gain":0,"max_hp_loss":0,"event_name":"Tomb of Lord Red Mask","floor":42,"gold_loss":46},{"damage_healed":0,"gold_gain":0,"player_choice":"Fight","damage_taken":0,"max_hp_gain":0,"max_hp_loss":0,"event_name":"MindBloom","floor":44,"gold_loss":0}],"is_beta":true,"boss_relics":[{"not_picked":["Coffee Dripper","Inserter"],"picked":"Cursed Key"},{"not_picked":["Runic Dome","Snecko Eye"],"picked":"Eternal Feather"}],"items_purged_floors":[37,46],"is_endless":false,"potions_floor_spawned":[4,12,14,24,33,36,45],"ascension_level":20}