{"gold_per_floor":[114,31,31,31,45,45,77,77,104,119,119,137,152,181,181,181],"floor_reached":16,"playtime":307,"items_purged":[],"score":320,"play_id":"cebf03a7-6774-4188-a6da-da435d834d4b","local_time":"20181209220848","is_ascension_mode":true,"campfire_choices":[{"data":"Streamline","floor":6,"key":"SMITH"},{"data":"Zap","floor":8,"key":"SMITH"},{"data":"Seek","floor":15,"key":"SMITH"}],"neow_cost":"NONE","seed_source_timestamp":205353979394701,"circlet_count":0,"master_deck":["AscendersBane","Strike_B","Strike_B","Strike_B","Defend_B","Defend_B","Defend_B","Zap+1","Dualcast","White Noise","Chill+1","Streamline+1","Chill","Conserve Battery","Auto Shields","Seek+1"],"relics":["Cracked Core","NeowsBlessing","Pear","DataDisk","Orichalcum"],"potions_floor_usage":[14,14],"damage_taken":[{"damage":0,"enemies":"Small Slimes","floor":1,"turns":1},{"damage":0,"enemies":"2 Louse","floor":5,"turns":1},{"damage":0,"enemies":"3 Sentries","floor":7,"turns":2},{"damage":0,"enemies":"Cultist","floor":10,"turns":3},{"damage":4,"enemies":"Large Slime","floor":12,"turns":4},{"damage":6,"enemies":"2 Fungi Beasts","floor":13,"turns":4},{"damage":0,"enemies":"Lagavulin","floor":14,"turns":5},{"damage":16,"enemies":"Slime Boss","floor":16,"turns":8}],"seed_played":"-7272974089281043060","potions_obtained":[{"floor":5,"key":"PowerPotion"},{"floor":7,"key":"FocusPotion"},{"floor":13,"key":"FocusPotion"}],"is_trial":false,"path_per_floor":["M","$","?","?","M","R","E","R","T","M","?","M","M","E","R","B"],"character_chosen":"DEFECT","items_purchased":["Chill"],"campfire_rested":0,"item_purchase_floors":[2],"current_hp_per_floor":[64,64,57,57,57,57,67,67,67,67,67,63,57,57,57,41],"gold":181,"neow_bonus":"THREE_ENEMY_KILL","is_prod":false,"is_daily":false,"chose_seed":false,"campfire_upgraded":3,"win_rate":0,"timestamp":1544422128,"path_taken":["M","$","?","?","M","R","E","R","T","M","?","M","M","E","R","BOSS"],"build_version":"2018-12-06","purchased_purges":0,"victory":false,"max_hp_per_floor":[71,71,71,71,71,71,81,81,81,81,81,81,81,81,81,81],"card_choices":[{"not_picked":["Turbo","Reinforced Body"],"picked":"White Noise","floor":1},{"not_picked":["Conserve Battery","Ball Lightning"],"picked":"Streamline","floor":5},{"not_picked":["Steam","Gash"],"picked":"Chill","floor":7},{"not_picked":["Self Repair","Rebound"],"picked":"Conserve Battery","floor":10},{"not_picked":["Fusion","Ball Lightning"],"picked":"Auto Shields","floor":13},{"not_picked":["Coolheaded","Rebound"],"picked":"Seek","floor":14}],"player_experience":983888,"relics_obtained":[{"floor":7,"key":"Pear"},{"floor":9,"key":"DataDisk"},{"floor":14,"key":"Orichalcum"}],"event_choices":[{"cards_removed":["Defend_B"],"damage_healed":0,"gold_gain":0,"player_choice":"Card Removal","damage_taken":7,"max_hp_gain":0,"max_hp_loss":0,"event_name":"Golden Wing","floor":3,"gold_loss":0},{"damage_healed":0,"gold_gain":0,"player_choice":"Grow","damage_taken":0,"max_hp_gain":0,"max_hp_loss":0,"event_name":"Living Wall","floor":4,"gold_loss":0,"cards_upgraded":["Chill"]},{"cards_removed":["Strike_B"],"damage_healed":0,"gold_gain":0,"player_choice":"Offered Basic","damage_taken":0,"max_hp_gain":0,"max_hp_loss":0,"event_name":"Bonfire Elementals","floor":11,"gold_loss":0}],"is_beta":true,"boss_relics":[],"items_purged_floors":[],"is_endless":false,"potions_floor_spawned":[5,7,13],"killed_by":"Slime Boss","ascension_level":20}