{"gold_per_floor":[117,117,128,92,104,104,138,138,138,138,138,213,213,9,9,110,110,125,125,125,141,153,181,17,17,17,49,59,59,78,90,90,193,193,203,213,37,52,63,63,0,0,24,49,49,61,61,116,116,116],"floor_reached":50,"playtime":4447,"items_purged":[],"score":508,"play_id":"ab7a10a8-176f-483d-b258-583c17da3431","local_time":"20181014114212","is_ascension_mode":false,"campfire_choices":[{"data":"Dagger Spray","floor":6,"key":"SMITH"},{"data":"Bouncing Flask","floor":8,"key":"SMITH"},{"data":"Backstab","floor":11,"key":"SMITH"},{"data":"Defend_G","floor":15,"key":"SMITH"},{"data":"Corpse Explosion","floor":25,"key":"SMITH"},{"floor":29,"key":"REST"},{"data":"Malaise","floor":32,"key":"SMITH"},{"data":"Apotheosis","floor":40,"key":"SMITH"},{"data":"Malaise","floor":42,"key":"SMITH"},{"data":"PiercingWail","floor":49,"key":"SMITH"}],"neow_cost":"NONE","seed_source_timestamp":390117156047122,"circlet_count":0,"master_deck":["Defend_G","Defend_G+1","Defend_G","Defend_G","Defend_G+1","Strike_G","Strike_G","Strike_G","Strike_G+1","Strike_G","Survivor","Neutralize+1","Backstab+1","Well Laid Plans","Dagger Spray+1","Bouncing Flask+1","Corpse Explosion+1","Dodge and Roll","Crippling Poison","Dodge and Roll+1","PiercingWail+1","Malaise+1","Sucker Punch+1","Backstab","Malaise+1","Apotheosis+1","Dodge and Roll+1"],"relics":["Ring of the Snake","Calipers","Bottled Flame","Torii","ClockworkSouvenir","Sozu","The Specimen","Dead Branch","Du-Vu Doll","Busted Crown","Red Mask","Pen Nib","Toxic Egg 2","PreservedInsect"],"potions_floor_usage":[7,21],"damage_taken":[{"damage":1,"enemies":"Jaw Worm","floor":1,"turns":6},{"damage":0,"enemies":"2 Louse","floor":3,"turns":2},{"damage":0,"enemies":"Cultist","floor":5,"turns":3},{"damage":7,"enemies":"Gremlin Nob","floor":7,"turns":3},{"damage":7,"enemies":"Hexaghost","floor":16,"turns":10},{"damage":11,"enemies":"Spheric Guardian","floor":18,"turns":4},{"damage":0,"enemies":"3 Byrds","floor":21,"turns":2},{"damage":1,"enemies":"Snake Plant","floor":22,"turns":5},{"damage":10,"enemies":"Slavers","floor":23,"turns":5},{"damage":12,"enemies":"Book of Stabbing","floor":27,"turns":7},{"damage":1,"enemies":"Centurion and Healer","floor":28,"turns":5},{"damage":0,"enemies":"3 Cultists","floor":30,"turns":2},{"damage":0,"enemies":"Snake Plant","floor":31,"turns":5},{"damage":51,"enemies":"Champ","floor":33,"turns":14},{"damage":0,"enemies":"3 Shapes","floor":35,"turns":7},{"damage":0,"enemies":"3 Darklings","floor":36,"turns":3},{"damage":1,"enemies":"Reptomancer","floor":38,"turns":10},{"damage":0,"enemies":"Jaw Worm Horde","floor":39,"turns":4},{"damage":44,"enemies":"Giant Head","floor":44,"turns":12},{"damage":0,"enemies":"3 Darklings","floor":46,"turns":2},{"damage":66,"enemies":"Time Eater","floor":50,"turns":19}],"seed_played":"6597129585391327972","potions_obtained":[{"floor":1,"key":"LiquidBronze"},{"floor":3,"key":"FearPotion"}],"is_trial":false,"path_per_floor":["M","?","M","$","M","R","E","R","T","T","R","?","?","$","R","B",null,"M","?","?","M","M","E","$","R","T","E","M","R","M","M","R","B",null,"M","M","$","M","M","R","?","R","T","E","?","M","?","T","R"],"character_chosen":"THE_SILENT","items_purchased":["Well Laid Plans","ClockworkSouvenir","Malaise","Apotheosis"],"campfire_rested":1,"item_purchase_floors":[4,14,24,37],"current_hp_per_floor":[69,55,55,55,55,55,48,48,48,48,48,48,53,53,53,46,75,64,64,64,64,63,53,53,53,53,41,40,62,62,62,62,11,75,75,75,75,74,74,74,74,74,74,30,30,30,66,66,66,0],"gold":116,"neow_bonus":"UPGRADE_CARD","is_prod":false,"is_daily":false,"chose_seed":false,"campfire_upgraded":9,"win_rate":0,"timestamp":1539531732,"path_taken":["M","?","M","?","M","R","E","R","T","?","R","?","?","$","R","BOSS","M","?","?","M","?","E","?","R","T","E","M","R","M","M","R","BOSS","M","M","$","M","M","R","?","R","T","E","?","M","?","?","R","BOSS"],"build_version":"2018-10-11","purchased_purges":0,"victory":false,"max_hp_per_floor":[70,70,70,70,70,70,70,70,70,70,70,70,75,75,75,75,75,75,75,75,75,75,75,75,75,75,75,75,75,75,75,75,75,75,75,75,75,75,75,75,75,75,75,75,75,75,66,66,66,66],"card_choices":[{"not_picked":["PiercingWail","Accuracy"],"picked":"Backstab","floor":1},{"not_picked":["Sucker Punch","Skewer","Slice"],"picked":"SKIP","floor":3},{"not_picked":["Deadly Poison","Deflect"],"picked":"Dagger Spray","floor":5},{"not_picked":["Flying Knee","Prepared"],"picked":"Bouncing Flask","floor":7},{"not_picked":["Tools of the Trade","Storm of Steel"],"picked":"Corpse Explosion","floor":16},{"not_picked":["Outmaneuver+1","Dagger Spray"],"picked":"Dodge and Roll","floor":18},{"not_picked":["Terror","Poisoned Stab"],"picked":"Dodge and Roll+1","floor":21},{"not_picked":["Dagger Throw","Dagger Spray+1"],"picked":"Dodge and Roll+1","floor":22},{"not_picked":["Sucker Punch","Slice"],"picked":"PiercingWail","floor":23},{"not_picked":["Concentrate","Skewer"],"picked":"Sucker Punch+1","floor":27},{"not_picked":["Dodge and Roll","Deadly Poison","Quick Slash"],"picked":"SKIP","floor":28},{"not_picked":["Well Laid Plans+1","Flying Knee","Deflect"],"picked":"SKIP","floor":30},{"not_picked":["Well Laid Plans+1","Riddle With Holes"],"picked":"Backstab","floor":31},{"not_picked":["Envenom","Glass Knife"],"picked":"Malaise","floor":33},{"not_picked":["Reflex"],"picked":"SKIP","floor":35},{"not_picked":["Dodge and Roll"],"picked":"SKIP","floor":36},{"not_picked":["Blade Dance+1"],"picked":"SKIP","floor":38},{"not_picked":["Deflect"],"picked":"SKIP","floor":39},{"not_picked":["Slice"],"picked":"SKIP","floor":44},{"not_picked":[],"picked":"Dodge and Roll+1","floor":46}],"player_experience":374237,"relics_obtained":[{"floor":7,"key":"Calipers"},{"floor":9,"key":"Bottled Flame"},{"floor":10,"key":"Torii"},{"floor":23,"key":"The Specimen"},{"floor":26,"key":"Dead Branch"},{"floor":27,"key":"Du-Vu Doll"},{"floor":43,"key":"Pen Nib"},{"floor":44,"key":"Toxic Egg 2"},{"floor":48,"key":"PreservedInsect"}],"event_choices":[{"event_name":"Shining Light","player_choice":"Entered Light","floor":2,"damage_taken":0},{"event_name":"Golden Wing","player_choice":"Gained Gold","floor":12,"damage_taken":0},{"event_name":"Big Fish","player_choice":"Donut","floor":13,"damage_taken":0},{"event_name":"Vampires","player_choice":"Ignored","floor":19,"damage_taken":0},{"event_name":"The Library","player_choice":"Read","floor":20,"damage_taken":0},{"event_name":"Tomb of Lord Red Mask","player_choice":"Paid","floor":41,"damage_taken":0},{"event_name":"Falling","player_choice":"Removed Skill","floor":45,"damage_taken":0},{"event_name":"The Moai Head","player_choice":"Heal","floor":47,"damage_taken":0}],"is_beta":true,"boss_relics":[{"not_picked":["Ring of the Serpent","Philosopher\u0027s Stone"],"picked":"Sozu"},{"not_picked":["Velvet Choker","Eternal Feather"],"picked":"Busted Crown"}],"items_purged_floors":[],"is_endless":false,"potions_floor_spawned":[1,3,21,23,30,33,36,39,46],"killed_by":"Time Eater","ascension_level":0}