{"path_per_floor":["M","M","M","$","?","M","M","?","T","E","R","?","M","M","R","B",null,"M","M","$","M","T","E","M","R","T","?","$","?","$","M","R","B",null,"M","M","?","?","M","R","E","M","T"],"character_chosen":"IRONCLAD","items_purchased":["Shrug It Off","Clash","Seeing Red","Dramatic Entrance"],"gold_per_floor":[117,129,140,15,15,31,50,50,50,77,77,77,93,117,117,245,245,260,281,59,74,101,135,153,153,229,229,14,14,14,27,27,157,157,178,191,191,191,206,206,250,270,270,270],"floor_reached":44,"campfire_rested":4,"playtime":5016,"item_purchase_floors":[4,20,20,28],"current_hp_per_floor":[80,80,80,80,64,66,70,70,70,60,60,60,59,62,80,38,80,80,67,67,69,69,33,35,59,59,59,59,59,59,46,70,14,80,69,51,51,41,34,58,19,29,29,0],"items_purged":["Strike_R","Injury","Defend_R"],"gold":270,"score":487,"play_id":"205afc64-2bc2-4314-acc2-54009e148310","local_time":"20180531152012","is_prod":false,"is_daily":false,"chose_seed":false,"is_ascension_mode":false,"campfire_upgraded":1,"win_rate":0.0,"timestamp":1527794412,"campfire_choices":[{"data":"Dual Wield","floor":11,"key":"SMITH"},{"floor":15,"key":"REST"},{"floor":25,"key":"REST"},{"floor":32,"key":"REST"},{"floor":40,"key":"REST"}],"path_taken":["M","M","M","$","?","M","M","?","T","E","R","?","M","?","R","BOSS","M","M","$","M","?","E","M","R","T","?","$","?","$","?","R","BOSS","M","M","?","?","M","R","E","M","T","?"],"build_version":"2018-05-24","seed_source_timestamp":19086521101901,"purchased_purges":3,"victory":false,"master_deck":["Strike_R","Strike_R+1","Strike_R","Strike_R","Defend_R+1","Defend_R","Defend_R","Bash+1","Pommel Strike","Dual Wield+1","Demon Form","Shrug It Off","Pommel Strike","Shrug It Off","Clash","Clash","Cleave","Offering","Flex","Clash","Seeing Red","Warcry","Dropkick","Clash","Dramatic Entrance","Writhe","Anger+1","Madness+1","Madness+1","Headbutt+1","Inflame"],"max_hp_per_floor":[80,80,80,80,80,80,80,80,80,80,80,80,80,80,80,80,80,80,80,80,80,80,80,80,80,80,80,80,80,80,80,80,80,80,80,80,80,80,80,80,80,80,80,80],"relics":["Burning Blood","Oddly Smooth Stone","Lantern","Golden Idol","Sozu","Bag of Marbles","Bottled Tornado","Toxic Egg 2","Peace Pipe","Lizard Tail","Torii","Gremlin Horn"],"card_choices":[{"not_picked":["Twin Strike","Rupture"],"picked":"Pommel Strike","floor":1},{"not_picked":["True Grit","Armaments"],"picked":"Dual Wield","floor":2},{"not_picked":["Sword Boomerang","Metallicize"],"picked":"Demon Form","floor":3},{"not_picked":["Armaments","Twin Strike"],"picked":"Pommel Strike","floor":6},{"not_picked":["Pummel","Pommel Strike"],"picked":"Shrug It Off","floor":7},{"not_picked":["Shrug It Off","Perfected Strike"],"picked":"Clash","floor":10},{"not_picked":["Twin Strike","Pommel Strike"],"picked":"Clash","floor":13},{"not_picked":["Flame Barrier","Twin Strike"],"picked":"Cleave","floor":14},{"not_picked":["Bludgeon","Impervious"],"picked":"Offering","floor":16},{"not_picked":["Iron Wave","Pommel Strike+1","Body Slam+1"],"picked":"SKIP","floor":18},{"not_picked":["Dropkick","Carnage"],"picked":"Flex","floor":19},{"not_picked":["Warcry","Metallicize","Ghostly Armor"],"picked":"SKIP","floor":21},{"not_picked":["Metallicize","Ghostly Armor"],"picked":"Warcry","floor":21},{"not_picked":["Iron Wave","Disarm"],"picked":"Dropkick","floor":23},{"not_picked":["Shrug It Off","Flex"],"picked":"Clash","floor":24},{"not_picked":["Juggernaut","Bloodletting+1","Corruption"],"picked":"SKIP","floor":31},{"not_picked":["Flame Barrier+1","Power Through+1"],"picked":"Anger+1","floor":35},{"not_picked":["Armaments+1","Body Slam","Battle Trance+1"],"picked":"SKIP","floor":36},{"not_picked":["Fire Breathing+1","Pommel Strike+1"],"picked":"Headbutt+1","floor":39},{"not_picked":["Disarm+1","Clothesline+1","Battle Trance+1"],"picked":"SKIP","floor":41},{"not_picked":["Dark Embrace","Rupture+1"],"picked":"Inflame","floor":42}],"player_experience":0,"potions_floor_usage":[7,10,16,33],"damage_taken":[{"damage":1,"enemies":"2 Louse","floor":1,"turns":3},{"damage":6,"enemies":"Jaw Worm","floor":2,"turns":3},{"damage":5,"enemies":"Cultist","floor":3,"turns":4},{"damage":4,"enemies":"Blue Slaver","floor":6,"turns":4},{"damage":2,"enemies":"Looter","floor":7,"turns":3},{"damage":21,"enemies":"Gremlin Nob","floor":10,"turns":4},{"damage":7,"enemies":"Large Slime","floor":13,"turns":5},{"damage":3,"enemies":"2 Fungi Beasts","floor":14,"turns":3},{"damage":48,"enemies":"The Guardian","floor":16,"turns":7},{"damage":4,"enemies":"Chosen","floor":18,"turns":3},{"damage":19,"enemies":"Spheric Guardian","floor":19,"turns":4},{"damage":4,"enemies":"Centurion and Healer","floor":21,"turns":4},{"damage":42,"enemies":"Slavers","floor":23,"turns":7},{"damage":4,"enemies":"Sentry and Sphere","floor":24,"turns":3},{"damage":19,"enemies":"Snecko","floor":31,"turns":4},{"damage":62,"enemies":"Champ","floor":33,"turns":7},{"damage":17,"enemies":"3 Shapes","floor":35,"turns":2},{"damage":24,"enemies":"Orb Walker","floor":36,"turns":3},{"damage":13,"enemies":"3 Darklings","floor":39,"turns":4},{"damage":45,"enemies":"Giant Head","floor":41,"turns":6},{"damage":46,"enemies":"Maw","floor":42,"turns":6},{"damage":30,"enemies":"Sphere and 2 Shapes","floor":44,"turns":5}],"relics_obtained":[{"floor":9,"key":"Oddly Smooth Stone"},{"floor":10,"key":"Lantern"},{"floor":22,"key":"Bag of Marbles"},{"floor":23,"key":"Bottled Tornado"},{"floor":26,"key":"Toxic Egg 2"},{"floor":41,"key":"Torii"},{"floor":43,"key":"Gremlin Horn"}],"event_choices":[{"event_name":"Shining Light","player_choice":"Entered Light","floor":5,"damage_taken":0},{"event_name":"Upgrade Shrine","player_choice":"Upgraded","floor":8,"damage_taken":0},{"event_name":"Golden Idol","player_choice":"Take Wound","floor":12,"damage_taken":0},{"event_name":"Ghosts","player_choice":"Ignored","floor":27,"damage_taken":0},{"event_name":"The Mausoleum","player_choice":"Yes","floor":29,"damage_taken":0},{"event_name":"Tomb of Lord Red Mask","player_choice":"Ignored","floor":37,"damage_taken":0},{"event_name":"Winding Halls","player_choice":"Embrace Madness","floor":38,"damage_taken":0}],"boss_relics":[{"not_picked":["Calling Bell","Philosopher\u0027s Stone"],"picked":"Sozu"},{"not_picked":["Runic Dome","Velvet Choker"],"picked":"Lizard Tail"}],"items_purged_floors":[4,20,28],"potions_floor_spawned":[2,3,7,16,19,24,36,41],"seed_played":"1940530737072681361","killed_by":"Sphere and 2 Shapes","ascension_level":0,"potions_obtained":[{"floor":2,"key":"Strength Potion"},{"floor":3,"key":"Energy Potion"},{"floor":7,"key":"Regen Potion"},{"floor":16,"key":"Block Potion"}],"is_trial":false}