{"gold_per_floor":[99,99,16,16,16,16,16,16,16,16,16,16,16,16,16,16,16,16,16,16,16,0,0,0,0],"floor_reached":25,"playtime":1103,"items_purged":[],"score":513,"play_id":"1c9c66f7-7c3d-40d1-9eaf-d1839e547947","local_time":"20190301225337","is_ascension_mode":true,"campfire_choices":[{"data":"Chaos","floor":6.0,"key":"SMITH"},{"data":"Hello World","floor":8.0,"key":"SMITH"},{"data":"Consume","floor":15.0,"key":"SMITH"},{"floor":23.0,"key":"REST"}],"neow_cost":"NONE","seed_source_timestamp":5843846698084,"circlet_count":0,"master_deck":["AscendersBane","Strike_B","Strike_B","Strike_B","Defend_B","Defend_B","Defend_B","Defend_B","Zap+1","Dualcast","Chaos+1","Hello World+1","Hello World","Stack","Undo","Capacitor","Consume+1","All For One","Glacier","Leap","Echo Form"],"special_seed":0,"relics":["Ectoplasm","Art of War","MawBank","Smiling Mask","Mango","Lantern","Inserter"],"potions_floor_usage":[25],"damage_taken":[{"damage":9.0,"enemies":"Small Slimes","floor":1.0,"turns":4.0},{"damage":1.0,"enemies":"Cultist","floor":4.0,"turns":3.0},{"damage":3.0,"enemies":"2 Louse","floor":5.0,"turns":3.0},{"damage":3.0,"enemies":"Lagavulin","floor":7.0,"turns":6.0},{"damage":11.0,"enemies":"3 Sentries","floor":10.0,"turns":12.0},{"damage":11.0,"enemies":"Exordium Wildlife","floor":11.0,"turns":4.0},{"damage":0.0,"enemies":"Lagavulin","floor":14.0,"turns":5.0},{"damage":2.0,"enemies":"Hexaghost","floor":16.0,"turns":8.0},{"damage":12.0,"enemies":"3 Byrds","floor":18.0,"turns":6.0},{"damage":24.0,"enemies":"2 Thieves","floor":22.0,"turns":4.0},{"damage":1.0,"enemies":"Centurion and Healer","floor":24.0,"turns":11.0},{"damage":95,"enemies":"Slavers","floor":25,"turns":5}],"seed_played":"7436489712897664997","potions_obtained":[{"floor":1.0,"key":"SteroidPotion"},{"floor":10.0,"key":"Fire Potion"},{"floor":11.0,"key":"Regen Potion"},{"floor":14.0,"key":"Swift Potion"},{"floor":16.0,"key":"PowerPotion"}],"is_trial":false,"path_per_floor":["M","?","$","M","M","R","E","R","T","E","M","T","?","E","R","B",null,"M","?","?","$","M","R","M","E"],"character_chosen":"DEFECT","items_purchased":["Chaos"],"campfire_rested":1,"item_purchase_floors":[3],"current_hp_per_floor":[55,55,55,54,51,51,48,48,48,37,26,40,45,45,45,43,78,66,66,66,66,42,69,68,0],"gold":0,"neow_bonus":"BOSS_RELIC","is_prod":false,"is_daily":false,"chose_seed":false,"campfire_upgraded":3,"win_rate":0,"timestamp":1551509617,"path_taken":["M","?","$","?","M","R","E","R","T","E","M","?","?","E","R","BOSS","M","?","?","$","M","R","M","E"],"build_version":"2019-02-06","purchased_purges":0,"victory":false,"max_hp_per_floor":[71,71,71,71,71,71,71,71,71,71,71,85,90,90,90,90,90,90,90,90,90,90,90,90,90],"card_choices":[{"not_picked":["Loop","Undo"],"picked":"Hello World","floor":4.0},{"not_picked":["Redo","Turbo"],"picked":"Hello World","floor":5.0},{"not_picked":["Ball Lightning","Buffer"],"picked":"Stack","floor":7.0},{"not_picked":["Force Field","White Noise"],"picked":"Undo","floor":10.0},{"not_picked":["Hologram","Chill"],"picked":"Capacitor","floor":11.0},{"not_picked":["Ball Lightning","Coolheaded"],"picked":"Consume","floor":14.0},{"not_picked":["Rainbow","Creative AI"],"picked":"All For One","floor":16.0},{"not_picked":["Lockon+1","Reinforced Body"],"picked":"Glacier","floor":18.0},{"not_picked":["Redo","Ball Lightning"],"picked":"Leap","floor":22.0},{"not_picked":["Streamline","Cold Snap"],"picked":"Echo Form","floor":24.0}],"player_experience":1260783,"relics_obtained":[{"floor":7.0,"key":"Art of War"},{"floor":9.0,"key":"MawBank"},{"floor":10.0,"key":"Smiling Mask"},{"floor":12.0,"key":"Mango"},{"floor":14.0,"key":"Lantern"}],"event_choices":[{"damage_healed":0.0,"max_hp_gain":0.0,"max_hp_loss":0.0,"gold_gain":0.0,"event_name":"Upgrade Shrine","player_choice":"Upgraded","floor":2.0,"gold_loss":0.0,"damage_taken":0.0,"cards_upgraded":["Zap"]},{"damage_healed":0.0,"max_hp_gain":5.0,"max_hp_loss":0.0,"gold_gain":0.0,"event_name":"Big Fish","player_choice":"Donut","floor":13.0,"gold_loss":0.0,"damage_taken":0.0},{"cards_removed":["Strike_B"],"damage_healed":0.0,"max_hp_gain":0.0,"max_hp_loss":0.0,"gold_gain":0.0,"event_name":"Bonfire Elementals","player_choice":"Offered Basic","floor":20.0,"gold_loss":0.0,"damage_taken":0.0}],"is_beta":true,"boss_relics":[{"not_picked":["Fusion Hammer","Black Star"],"picked":"Inserter"}],"items_purged_floors":[],"is_endless":false,"potions_floor_spawned":[1,10,11,14,16],"killed_by":"Slavers","ascension_level":20}