{"gold_per_floor":[17,37,50,50,50,81,81,106,156,167,167,42,42,62,62,163,163,118,118,118,118],"floor_reached":21,"playtime":1269,"items_purged":["Strike_R"],"score":302,"play_id":"621af274-f3c8-4bc9-b19c-b5c831c70d4e","local_time":"20190713212951","is_ascension_mode":true,"campfire_choices":[{"data":"Double Tap","floor":7,"key":"SMITH"},{"data":"Cleave","floor":11,"key":"SMITH"},{"data":"Sentinel","floor":13,"key":"SMITH"},{"data":"Bash","floor":15,"key":"SMITH"}],"neow_cost":"NO_GOLD","seed_source_timestamp":316649200780629,"circlet_count":0,"master_deck":["AscendersBane","Strike_R","Strike_R","Defend_R","Defend_R+1","Defend_R","Defend_R","Bash+1","Double Tap+1","Disarm","Carnage+1","Feel No Pain","Sentinel+1","Cleave+1","Spot Weakness","Sword Boomerang","Battle Trance","Exhume","Seeing Red"],"relics":["Burning Blood","Meat on the Bone","Bag of Marbles","Blood Vial","Ectoplasm"],"potions_floor_usage":[6,8,10,16],"damage_taken":[{"damage":1,"enemies":"2 Louse","floor":1,"turns":3},{"damage":0,"enemies":"Small Slimes","floor":2,"turns":4},{"damage":11,"enemies":"Cultist","floor":3,"turns":4},{"damage":14,"enemies":"Gremlin Nob","floor":6,"turns":4},{"damage":32,"enemies":"3 Sentries","floor":8,"turns":7},{"damage":25,"enemies":"Exordium Thugs","floor":10,"turns":5},{"damage":6,"enemies":"Gremlin Gang","floor":14,"turns":2},{"damage":48,"enemies":"Slime Boss","floor":16,"turns":9},{"damage":16,"enemies":"2 Thieves","floor":18,"turns":3},{"damage":6,"enemies":"3 Byrds","floor":20,"turns":4},{"damage":61,"enemies":"Sentry and Sphere","floor":21,"turns":5}],"seed_played":"4024510831582459040","potions_obtained":[{"floor":1,"key":"Regen Potion"},{"floor":3,"key":"Block Potion"},{"floor":6,"key":"Energy Potion"},{"floor":10,"key":"AttackPotion"},{"floor":16,"key":"SpeedPotion"},{"floor":18,"key":"Block Potion"},{"floor":20,"key":"Fire Potion"}],"is_trial":false,"path_per_floor":["M","M","M","?","?","E","R","E","T","M","R","$","R","M","R","B",null,"M","?","M","M"],"character_chosen":"IRONCLAD","items_purchased":["Sword Boomerang"],"campfire_rested":0,"item_purchase_floors":[12],"current_hp_per_floor":[77,80,75,59,59,51,51,52,52,47,47,47,47,49,49,21,65,57,57,59,0],"gold":118,"neow_bonus":"THREE_RARE_CARDS","is_prod":false,"is_daily":false,"chose_seed":false,"campfire_upgraded":4,"win_rate":0,"timestamp":1563071391,"path_taken":["M","M","M","?","?","E","R","E","T","M","R","$","R","M","R","BOSS","M","?","?","M"],"build_version":"2019-07-05","purchased_purges":1,"victory":false,"max_hp_per_floor":[80,80,80,80,80,80,80,80,80,80,80,80,80,80,80,80,80,80,80,80,80],"card_choices":[{"not_picked":["Dark Embrace","Fiend Fire"],"picked":"Double Tap","floor":0},{"not_picked":["Warcry","Twin Strike"],"picked":"Disarm","floor":1},{"not_picked":["Armaments","Combust"],"picked":"Carnage","floor":2},{"not_picked":["Searing Blow","Entrench"],"picked":"Feel No Pain","floor":3},{"not_picked":["Rupture","Brutality"],"picked":"Cleave","floor":6},{"not_picked":["True Grit","Bloodletting"],"picked":"Spot Weakness","floor":8},{"not_picked":["Combust","Perfected Strike","Spot Weakness"],"picked":"SKIP","floor":10},{"not_picked":["Thunderclap","Searing Blow"],"picked":"Battle Trance","floor":14},{"not_picked":["Double Tap","Brutality"],"picked":"Exhume","floor":16},{"not_picked":["Havoc","Headbutt","Body Slam"],"picked":"SKIP","floor":18},{"not_picked":["Body Slam+1","Twin Strike"],"picked":"Seeing Red","floor":20}],"player_experience":867813,"relics_obtained":[{"floor":6,"key":"Meat on the Bone"},{"floor":8,"key":"Bag of Marbles"},{"floor":9,"key":"Blood Vial"}],"event_choices":[{"damage_healed":0,"gold_gain":0,"player_choice":"Entered Light","damage_taken":16,"max_hp_gain":0,"max_hp_loss":0,"event_name":"Shining Light","floor":4,"gold_loss":0,"cards_upgraded":["Defend_R","Carnage"]},{"damage_healed":0,"gold_gain":0,"cards_transformed":["Strike_R"],"player_choice":"Transformed","damage_taken":0,"max_hp_gain":0,"max_hp_loss":0,"event_name":"Transmorgrifier","floor":5,"gold_loss":0,"cards_obtained":["Sentinel"]},{"cards_removed":["Strike_R"],"damage_healed":0,"gold_gain":0,"player_choice":"Purged","damage_taken":0,"max_hp_gain":0,"max_hp_loss":0,"event_name":"Purifier","floor":19,"gold_loss":0}],"is_beta":false,"boss_relics":[{"not_picked":["Calling Bell","Lizard Tail"],"picked":"Ectoplasm"}],"items_purged_floors":[12],"is_endless":false,"potions_floor_spawned":[1,3,6,10,16,18,20],"killed_by":"Sentry and Sphere","ascension_level":12}