{"gold_per_floor":[113,113,113,195,214,214,364,390,444,457,470,488,488,518,518,590,590,600,129,37,52,52,52,62,90,117,132,132,182,215,26,26,102,102,119,137,137,137,157,189,189,217,217,217,234,234,73,92,92,92,92],"floor_reached":52,"playtime":1589,"items_purged":["Defend_R","Defend_R","Brutality"],"score":1991,"play_id":"8672ec9a-5e0a-40f4-99e7-12dd6257feb6","local_time":"20190320185347","is_ascension_mode":true,"campfire_choices":[{"data":"Clash","floor":6.0,"key":"SMITH"},{"data":"Clash","floor":13.0,"key":"SMITH"},{"data":"Anger","floor":15.0,"key":"SMITH"},{"data":"Armaments","floor":23.0,"key":"SMITH"},{"data":"Rage","floor":28.0,"key":"SMITH"},{"data":"Metallicize","floor":32.0,"key":"SMITH"},{"floor":41,"key":"REST"},{"floor":44,"key":"REST"},{"floor":49,"key":"REST"}],"neow_cost":"NONE","seed_source_timestamp":29648638253381,"circlet_count":0,"master_deck":["AscendersBane","Strike_R+1","Strike_R","Strike_R","Strike_R","Bash+1","Clash+1","Clash+1","Battle Trance","Shrug It Off","Anger+1","Offering","Shockwave","Armaments+1","Finesse","Disarm","Flex+1","Limit Break","Anger+1","Rage+1","Metallicize+1","True Grit+1","Clash","Anger","Metallicize","Doubt","Shockwave+1","Shrug It Off","Limit Break","Shrug It Off","Shrug It Off+1","Pommel Strike"],"special_seed":0,"relics":["Burning Blood","NeowsBlessing","Omamori","Paper Frog","Mercury Hourglass","Anchor","Bag of Marbles","Cursed Key","Membership Card","Kunai","Whetstone","Dream Catcher","Question Card","Pen Nib","Fusion Hammer","Blue Candle","Calipers","Pear","Shuriken"],"potions_floor_usage":[35,35,50,50],"damage_taken":[{"damage":0.0,"enemies":"Jaw Worm","floor":1.0,"turns":1.0},{"damage":0.0,"enemies":"Small Slimes","floor":5.0,"turns":1.0},{"damage":0.0,"enemies":"Lagavulin","floor":8.0,"turns":1.0},{"damage":0.0,"enemies":"Cultist","floor":10.0,"turns":2.0},{"damage":0.0,"enemies":"Red Slaver","floor":11.0,"turns":2.0},{"damage":0.0,"enemies":"Exordium Wildlife","floor":12.0,"turns":2.0},{"damage":0.0,"enemies":"Gremlin Nob","floor":14.0,"turns":3.0},{"damage":55.0,"enemies":"Slime Boss","floor":16.0,"turns":8.0},{"damage":6.0,"enemies":"2 Thieves","floor":18.0,"turns":2.0},{"damage":0.0,"enemies":"Chosen","floor":21.0,"turns":3.0},{"damage":7.0,"enemies":"Snake Plant","floor":24.0,"turns":2.0},{"damage":10.0,"enemies":"Book of Stabbing","floor":25.0,"turns":2.0},{"damage":8.0,"enemies":"3 Cultists","floor":27.0,"turns":3.0},{"damage":20.0,"enemies":"Slavers","floor":30.0,"turns":5.0},{"damage":62,"enemies":"Collector","floor":33,"turns":7},{"damage":0,"enemies":"3 Darklings","floor":35,"turns":2},{"damage":0,"enemies":"3 Shapes","floor":36,"turns":2},{"damage":20,"enemies":"Transient","floor":39,"turns":6},{"damage":18,"enemies":"Giant Head","floor":40,"turns":6},{"damage":40,"enemies":"Reptomancer","floor":42,"turns":4},{"damage":25,"enemies":"Maw","floor":45,"turns":6},{"damage":7,"enemies":"Jaw Worm Horde","floor":48,"turns":4},{"damage":50,"enemies":"Time Eater","floor":50,"turns":13},{"damage":26,"enemies":"Awakened One","floor":51,"turns":9}],"seed_played":"-8631365941231189876","potions_obtained":[{"floor":8.0,"key":"FearPotion"},{"floor":10.0,"key":"Ancient Potion"},{"floor":16.0,"key":"Swift Potion"},{"floor":24.0,"key":"SteroidPotion"},{"floor":25.0,"key":"FairyPotion"},{"floor":30.0,"key":"Poison Potion"},{"floor":33,"key":"AttackPotion"},{"floor":40,"key":"BloodPotion"},{"floor":42,"key":"Weak Potion"},{"floor":48,"key":"Regen Potion"}],"is_trial":false,"path_per_floor":["M","?","?","T","M","R","?","E","T","M","M","M","R","E","R","B",null,"M","$","$","M","?","R","M","E","T","M","R","?","E","$","R","B",null,"M","M","?","?","M","E","R","E","T","R","M","?","$","M","R","B","B",null],"character_chosen":"IRONCLAD","items_purchased":["Membership Card","Kunai","Armaments","Finesse","Disarm","Pen Nib","Metallicize","Shuriken","Shrug It Off"],"campfire_rested":3,"item_purchase_floors":[19,19,19,19,20,31,31,47,47],"current_hp_per_floor":[74,74,69,69,75,75,75,75,75,75,75,75,75,75,75,26,63,63,63,63,69,69,69,68,64,64,62,62,62,48,48,48,13,60,66,72,72,72,58,46,68,34,44,69,50,50,50,49,74,53,33],"gold":92,"neow_bonus":"THREE_ENEMY_KILL","is_prod":false,"is_daily":false,"chose_seed":false,"campfire_upgraded":6,"win_rate":0,"timestamp":1553133227,"path_taken":["M","?","?","?","M","R","?","E","T","M","?","M","R","E","R","BOSS","M","?","$","?","?","R","M","E","T","M","R","?","E","$","R","BOSS","M","M","?","?","M","E","R","E","T","R","?","?","$","M","R","BOSS","BOSS"],"build_version":"2019-03-15","purchased_purges":3,"victory":true,"max_hp_per_floor":[75,75,75,75,75,75,75,75,75,75,75,75,75,75,75,75,75,75,75,75,75,75,75,75,75,75,75,75,75,75,75,75,75,75,75,75,75,75,75,75,75,75,85,85,85,85,85,85,85,85,85],"card_choices":[{"not_picked":["Clothesline","Rampage"],"picked":"Clash","floor":1.0},{"not_picked":["Anger","Burning Pact"],"picked":"Clash","floor":5.0},{"not_picked":["Combust","Warcry"],"picked":"Battle Trance","floor":8.0},{"not_picked":["Pommel Strike","Twin Strike"],"picked":"Anger","floor":10.0},{"not_picked":["Perfected Strike","Twin Strike"],"picked":"Shrug It Off","floor":11.0},{"not_picked":["Pummel","Power Through"],"picked":"Anger","floor":12.0},{"not_picked":["Double Tap","Feed"],"picked":"Offering","floor":16.0},{"not_picked":["Iron Wave","Warcry"],"picked":"Shockwave","floor":18.0},{"not_picked":["Spot Weakness","Body Slam"],"picked":"Flex+1","floor":21.0},{"not_picked":["Pommel Strike","Sword Boomerang"],"picked":"Anger","floor":24.0},{"not_picked":["Fire Breathing","Perfected Strike"],"picked":"Rage","floor":25.0},{"not_picked":["Rampage","Power Through","Sentinel+1"],"picked":"True Grit+1","floor":35},{"not_picked":["Havoc+1","Body Slam","Wild Strike"],"picked":"Clash","floor":36},{"not_picked":["Warcry","Seeing Red","Heavy Blade+1","Perfected Strike"],"picked":"SKIP","floor":39},{"not_picked":["Warcry","Iron Wave","Headbutt"],"picked":"Anger","floor":40},{"not_picked":["Perfected Strike","Flex","Power Through+1"],"picked":"Metallicize","floor":42},{"not_picked":["Flex+1","Pommel Strike","Perfected Strike"],"picked":"Shockwave+1","floor":44},{"not_picked":["True Grit","Sword Boomerang+1","Exhume"],"picked":"Shrug It Off","floor":45},{"not_picked":["Carnage","Twin Strike","Entrench"],"picked":"Shrug It Off+1","floor":48},{"not_picked":["Havoc","Heavy Blade","Pummel"],"picked":"Pommel Strike","floor":49}],"player_experience":1338439,"relics_obtained":[{"floor":4.0,"key":"Paper Frog"},{"floor":8.0,"key":"Mercury Hourglass"},{"floor":9.0,"key":"Anchor"},{"floor":14.0,"key":"Bag of Marbles"},{"floor":25.0,"key":"Whetstone"},{"floor":26.0,"key":"Dream Catcher"},{"floor":30.0,"key":"Question Card"},{"floor":40,"key":"Blue Candle"},{"floor":42,"key":"Calipers"},{"floor":43,"key":"Pear"}],"event_choices":[{"damage_healed":0.0,"max_hp_gain":0.0,"max_hp_loss":0.0,"gold_gain":0.0,"event_name":"Living Wall","player_choice":"Grow","floor":2.0,"gold_loss":0.0,"damage_taken":0.0,"cards_upgraded":["Bash"]},{"damage_healed":0.0,"max_hp_gain":0.0,"max_hp_loss":0.0,"gold_gain":0.0,"event_name":"Scrap Ooze","player_choice":"Success","floor":3.0,"gold_loss":0.0,"damage_taken":5.0,"relics_obtained":["Omamori"]},{"damage_healed":0.0,"max_hp_gain":0.0,"max_hp_loss":0.0,"gold_gain":150.0,"event_name":"Liars Game","player_choice":"AGREE","floor":7.0,"gold_loss":0.0,"damage_taken":0.0,"cards_obtained":["Doubt"]},{"damage_healed":0.0,"max_hp_gain":0.0,"max_hp_loss":0.0,"gold_gain":0.0,"cards_transformed":["Defend_R","Defend_R"],"event_name":"Drug Dealer","player_choice":"Became Test Subject","floor":22.0,"gold_loss":0.0,"damage_taken":0.0,"cards_obtained":["Brutality","Limit Break"]},{"damage_healed":0.0,"max_hp_gain":0.0,"max_hp_loss":0.0,"gold_gain":50.0,"event_name":"Nest","player_choice":"Stole From Cult","floor":29.0,"gold_loss":0.0,"damage_taken":0.0},{"damage_healed":0,"gold_gain":0,"player_choice":"Ignored","damage_taken":0,"max_hp_gain":0,"max_hp_loss":0,"event_name":"Tomb of Lord Red Mask","floor":37,"gold_loss":0},{"cards_removed":["Anger"],"damage_healed":0,"gold_gain":0,"player_choice":"Removed Attack","damage_taken":0,"max_hp_gain":0,"max_hp_loss":0,"event_name":"Falling","floor":38,"gold_loss":0},{"damage_healed":0,"gold_gain":0,"cards_transformed":["Strike_R"],"player_choice":"Transformed","damage_taken":0,"max_hp_gain":0,"max_hp_loss":0,"event_name":"Transmorgrifier","floor":46,"gold_loss":0,"cards_obtained":["Limit Break"]}],"is_beta":true,"boss_relics":[{"not_picked":["Orrery","Black Blood"],"picked":"Cursed Key"},{"not_picked":["Snecko Eye","Velvet Choker"],"picked":"Fusion Hammer"}],"items_purged_floors":[19,20,31],"is_endless":false,"potions_floor_spawned":[8,10,16,24,25,30,33,40,42,48],"ascension_level":20}