{"gold_per_floor":[99,23,23,23,23,23,23,23,23,23,23,0,0,0,0,0],"floor_reached":16,"playtime":396,"items_purged":[],"score":186,"play_id":"b2eb102a-c8a1-4e19-8f56-6c14ca3267dd","local_time":"20180711223610","is_ascension_mode":true,"campfire_choices":[{"data":"Neutralize","floor":6,"key":"SMITH"},{"data":"Cloak And Dagger","floor":10,"key":"SMITH"},{"floor":15,"key":"REST"}],"neow_cost":"NONE","seed_source_timestamp":222963057206071,"circlet_count":0,"master_deck":["Defend_G","Defend_G","Defend_G","Defend_G","Defend_G","Strike_G","Strike_G","Strike_G","Strike_G","Strike_G","Survivor","Neutralize+1","AscendersBane","Acrobatics","Cloak And Dagger+1","Backflip","Cloak And Dagger","Quick Slash","Flechettes"],"relics":["Ectoplasm","Orichalcum","Blood Vial","Ancient Tea Set","Frozen Egg 2"],"potions_floor_usage":[11],"damage_taken":[{"damage":8,"enemies":"Jaw Worm","floor":1,"turns":5},{"damage":0,"enemies":"2 Louse","floor":5,"turns":3},{"damage":11,"enemies":"3 Sentries","floor":8,"turns":13},{"damage":25,"enemies":"Lagavulin","floor":11,"turns":6},{"damage":0,"enemies":"Small Slimes","floor":13,"turns":4},{"damage":13,"enemies":"The Guardian","floor":16,"turns":6}],"seed_played":"5312633612584163238","potions_obtained":[{"floor":8,"key":"Swift Potion"},{"floor":13,"key":"Energy Potion"}],"is_trial":false,"path_per_floor":["M","$","?","?","M","R","?","E","T","R","E","?","M","$","R"],"character_chosen":"THE_SILENT","items_purchased":["Cloak And Dagger","Backflip"],"campfire_rested":1,"item_purchase_floors":[2,2],"current_hp_per_floor":[51,51,25,25,25,25,47,36,36,36,13,13,15,15,34,23],"gold":0,"neow_bonus":"BOSS_RELIC","is_prod":false,"is_daily":false,"chose_seed":false,"campfire_upgraded":2,"win_rate":0,"timestamp":1531373770,"path_taken":["M","$","?","?","M","R","?","E","T","R","E","?","M","$","R","BOSS"],"build_version":"2018-07-10","purchased_purges":0,"victory":false,"max_hp_per_floor":[66,66,66,66,66,66,66,66,66,66,66,66,66,66,66,66],"card_choices":[{"not_picked":["Slice","Endless Agony"],"picked":"Acrobatics","floor":1},{"not_picked":["Distraction","Outmaneuver"],"picked":"Cloak And Dagger","floor":5},{"not_picked":["Poisoned Stab","Dodge and Roll"],"picked":"Quick Slash","floor":8},{"not_picked":["Reflex","Backflip"],"picked":"Flechettes","floor":13}],"player_experience":602409,"relics_obtained":[{"floor":8,"key":"Blood Vial"},{"floor":9,"key":"Ancient Tea Set"},{"floor":11,"key":"Frozen Egg 2"}],"event_choices":[{"event_name":"Scrap Ooze","player_choice":"success","floor":3,"damage_taken":26},{"event_name":"Shining Light","player_choice":"Ignored","floor":4,"damage_taken":0},{"event_name":"Big Fish","player_choice":"Banana","floor":7,"damage_taken":0},{"event_name":"World of Goop","player_choice":"Left","floor":12,"damage_taken":0}],"boss_relics":[],"items_purged_floors":[],"is_endless":false,"potions_floor_spawned":[8,13],"killed_by":"The Guardian","ascension_level":15}