{"gold_per_floor":[113,125,44,44,44,75,75,87,87,87,87,112,112,132,132,227,227,239,239,154,170,181,181,181,195,195,206,216,216,234,267,267,371,371,391,402,95,40,54,54,89,89,167,187,202,202,252,279,279,279],"floor_reached":51,"playtime":5651,"items_purged":["Writhe"],"score":812,"play_id":"cdc9b8bf-2bf0-4282-897a-01548f1d898e","local_time":"20190525131716","is_ascension_mode":false,"campfire_choices":[{"floor":7,"key":"REST"},{"data":"Armaments","floor":10,"key":"SMITH"},{"data":"Uppercut","floor":13,"key":"SMITH"},{"data":"Defend_R","floor":15,"key":"SMITH"},{"data":"Demon Form","floor":23,"key":"SMITH"},{"data":"Body Slam","floor":29,"key":"SMITH"},{"data":"Shockwave","floor":32,"key":"SMITH"},{"floor":40,"key":"REST"},{"floor":42,"key":"REST"},{"floor":49,"key":"REST"}],"neow_cost":"","seed_source_timestamp":831344798495540,"circlet_count":0,"master_deck":["Strike_R","Strike_R","Strike_R","Strike_R","Defend_R","Defend_R+1","Defend_R","Defend_R","Bash","Armaments+1","Shrug It Off","Disarm","Shockwave","Uppercut+1","Corruption+1","Shockwave+1","Demon Form+1","Body Slam+1","Shrug It Off","Sword Boomerang","Shrug It Off","Dual Wield","True Grit+1","Feel No Pain+1","Double Tap","Flame Barrier+1","Battle Trance","Battle Trance+1","Iron Wave+1","Shrug It Off+1","Dark Embrace","Armaments+1"],"relics":["Burning Blood","Matryoshka","Orichalcum","Dodecahedron","Self Forming Clay","Runic Pyramid","Calipers","Lantern","Red Skull","Charon\u0027s Ashes","Champion Belt","Fusion Hammer","Medical Kit","Bird Faced Urn","Torii","Meat on the Bone","Mango","Oddly Smooth Stone"],"potions_floor_usage":[12,30,31,33,47,50],"damage_taken":[{"damage":4,"enemies":"Small Slimes","floor":1,"turns":5},{"damage":1,"enemies":"2 Louse","floor":2,"turns":4},{"damage":44,"enemies":"Lagavulin","floor":6,"turns":10},{"damage":7,"enemies":"Jaw Worm","floor":8,"turns":5},{"damage":8,"enemies":"Gremlin Nob","floor":12,"turns":4},{"damage":2,"enemies":"2 Fungi Beasts","floor":14,"turns":4},{"damage":19,"enemies":"The Guardian","floor":16,"turns":14},{"damage":5,"enemies":"3 Byrds","floor":18,"turns":9},{"damage":11,"enemies":"Spheric Guardian","floor":21,"turns":6},{"damage":5,"enemies":"Centurion and Healer","floor":22,"turns":8},{"damage":12,"enemies":"Shelled Parasite and Fungi","floor":25,"turns":8},{"damage":1,"enemies":"Snecko","floor":27,"turns":4},{"damage":15,"enemies":"Centurion and Healer","floor":28,"turns":5},{"damage":5,"enemies":"3 Cultists","floor":30,"turns":6},{"damage":0,"enemies":"Book of Stabbing","floor":31,"turns":4},{"damage":19,"enemies":"Champ","floor":33,"turns":8},{"damage":21,"enemies":"Orb Walker","floor":35,"turns":6},{"damage":19,"enemies":"3 Shapes","floor":36,"turns":6},{"damage":2,"enemies":"Maw","floor":39,"turns":7},{"damage":0,"enemies":"Giant Head","floor":41,"turns":7},{"damage":1,"enemies":"4 Shapes","floor":44,"turns":4},{"damage":0,"enemies":"Jaw Worm Horde","floor":45,"turns":3},{"damage":12,"enemies":"2 Orb Walkers","floor":47,"turns":4},{"damage":16,"enemies":"Nemesis","floor":48,"turns":5},{"damage":2,"enemies":"Awakened One","floor":50,"turns":7}],"seed_played":"7377168051199810191","potions_obtained":[{"floor":8,"key":"AttackPotion"},{"floor":12,"key":"EssenceOfSteel"},{"floor":16,"key":"SkillPotion"},{"floor":18,"key":"SteroidPotion"},{"floor":27,"key":"EssenceOfSteel"},{"floor":33,"key":"BloodPotion"},{"floor":41,"key":"SkillPotion"},{"floor":44,"key":"LiquidBronze"},{"floor":45,"key":"Fire Potion"},{"floor":47,"key":"FearPotion"},{"floor":48,"key":"Energy Potion"}],"is_trial":false,"path_per_floor":["M","M","$","?","$","E","R","M","T","R","?","E","R","M","R","B",null,"M","?","?","M","M","R","?","M","T","M","M","R","M","E","R","B",null,"M","M","$","?","M","R","E","R","T","M","M","?","?","E","R","B",null],"character_chosen":"IRONCLAD","items_purchased":["Disarm","Medical Kit","Battle Trance"],"campfire_rested":4,"item_purchase_floors":[3,37,37],"current_hp_per_floor":[80,80,80,85,85,47,72,71,71,71,71,69,69,73,73,60,85,85,85,85,80,81,81,81,75,75,80,71,71,72,78,78,65,85,70,57,57,57,65,85,85,85,85,85,85,85,99,91,99,99],"gold":279,"neow_bonus":"","is_prod":false,"is_daily":false,"chose_seed":false,"campfire_upgraded":6,"win_rate":0.0,"timestamp":1558804636,"path_taken":["M","M","$","?","$","E","R","M","T","R","?","E","R","?","R","BOSS","M","?","?","M","M","R","?","?","T","M","M","R","M","E","R","BOSS","M","M","$","?","?","R","E","R","T","M","M","?","?","E","R","BOSS"],"build_version":"2019-01-23","purchased_purges":1,"victory":true,"max_hp_per_floor":[80,80,80,85,85,85,85,85,85,85,85,85,85,85,85,85,85,85,85,85,85,85,85,85,85,85,85,85,85,85,85,85,85,85,85,85,85,85,85,85,85,85,85,85,85,85,99,99,99,99],"card_choices":[{"not_picked":["Body Slam","Thunderclap"],"picked":"Armaments","floor":1},{"not_picked":["Power Through","Twin Strike"],"picked":"Shrug It Off","floor":2},{"not_picked":["Berserk","Twin Strike"],"picked":"Shockwave","floor":6},{"not_picked":["Battle Trance","Burning Pact"],"picked":"Uppercut","floor":8},{"not_picked":["Sword Boomerang","Burning Pact"],"picked":"Corruption","floor":12},{"not_picked":["Warcry","Clash"],"picked":"Shockwave","floor":14},{"not_picked":["Bludgeon","Brutality"],"picked":"Demon Form","floor":16},{"not_picked":["Clothesline","Flex"],"picked":"Body Slam","floor":18},{"not_picked":["Anger+1","Searing Blow","Reckless Charge"],"picked":"SKIP","floor":21},{"not_picked":["Sever Soul","Rage"],"picked":"Shrug It Off","floor":22},{"not_picked":["Iron Wave","Pommel Strike"],"picked":"Sword Boomerang","floor":25},{"not_picked":["Power Through","Headbutt+1"],"picked":"Shrug It Off","floor":27},{"not_picked":["Clothesline","Flex+1"],"picked":"Dual Wield","floor":28},{"not_picked":["Twin Strike","Cleave"],"picked":"True Grit+1","floor":30},{"not_picked":["Carnage+1","Burning Pact"],"picked":"Feel No Pain+1","floor":31},{"not_picked":["Brutality","Juggernaut"],"picked":"Double Tap","floor":33},{"not_picked":["Perfected Strike","Shrug It Off","Second Wind+1"],"picked":"SKIP","floor":35},{"not_picked":["Pommel Strike+1","Second Wind+1"],"picked":"Flame Barrier+1","floor":36},{"not_picked":["Pommel Strike+1","Armaments+1"],"picked":"Battle Trance+1","floor":39},{"not_picked":["Twin Strike+1","Reckless Charge"],"picked":"Iron Wave+1","floor":41},{"not_picked":["Flex+1","True Grit"],"picked":"Shrug It Off+1","floor":44},{"not_picked":["Perfected Strike+1","Shrug It Off"],"picked":"Dark Embrace","floor":45},{"not_picked":["Reckless Charge","Headbutt"],"picked":"Armaments+1","floor":48}],"player_experience":0,"relics_obtained":[{"floor":6,"key":"Matryoshka"},{"floor":9,"key":"Orichalcum"},{"floor":9,"key":"Dodecahedron"},{"floor":12,"key":"Self Forming Clay"},{"floor":26,"key":"Red Skull"},{"floor":26,"key":"Charon\u0027s Ashes"},{"floor":31,"key":"Champion Belt"},{"floor":41,"key":"Torii"},{"floor":43,"key":"Meat on the Bone"},{"floor":47,"key":"Mango"},{"floor":48,"key":"Oddly Smooth Stone"}],"event_choices":[{"damage_healed":0,"gold_gain":0,"player_choice":"Donut","damage_taken":0,"max_hp_gain":5,"max_hp_loss":0,"event_name":"Big Fish","floor":4,"gold_loss":0},{"damage_healed":0,"gold_gain":0,"player_choice":"Ignored","damage_taken":0,"max_hp_gain":0,"max_hp_loss":0,"event_name":"Liars Game","floor":11,"gold_loss":0},{"damage_healed":0,"gold_gain":0,"player_choice":"Opened","damage_taken":0,"relics_obtained":["Calipers"],"max_hp_gain":0,"max_hp_loss":0,"event_name":"The Mausoleum","floor":19,"gold_loss":0,"cards_obtained":["Writhe"]},{"damage_healed":0,"gold_gain":0,"player_choice":"Obtained Relic","damage_taken":0,"relics_obtained":["Lantern"],"max_hp_gain":0,"max_hp_loss":0,"event_name":"Addict","floor":20,"gold_loss":85},{"damage_healed":0,"gold_gain":0,"player_choice":"Forge","damage_taken":0,"max_hp_gain":0,"max_hp_loss":0,"event_name":"Accursed Blacksmith","floor":24,"gold_loss":0,"cards_upgraded":["Corruption"]},{"damage_healed":0,"gold_gain":0,"player_choice":"Paid Gold","damage_taken":0,"relics_obtained":["Bird Faced Urn"],"max_hp_gain":0,"max_hp_loss":0,"event_name":"WeMeetAgain","floor":38,"gold_loss":55},{"cards_removed":["Strike_R"],"damage_healed":0,"gold_gain":0,"player_choice":"Removed Attack","damage_taken":0,"max_hp_gain":0,"max_hp_loss":0,"event_name":"Falling","floor":46,"gold_loss":0},{"damage_healed":0,"gold_gain":0,"player_choice":"Fight","damage_taken":0,"max_hp_gain":0,"max_hp_loss":0,"event_name":"Mysterious Sphere","floor":47,"gold_loss":0}],"is_beta":false,"boss_relics":[{"not_picked":["Runic Cube","Lizard Tail"],"picked":"Runic Pyramid"},{"not_picked":["Black Star","Philosopher\u0027s Stone"],"picked":"Fusion Hammer"}],"items_purged_floors":[37],"is_endless":false,"potions_floor_spawned":[8,12,16,18,22,27,33,41,44,45,47,48],"ascension_level":0}