{"gold_per_floor":[109,126,138,63,78,78,109,196,234,246,330,96,96,107,107,179,179,198,24,24,24,74,74,106,106,106,106,133,165,194,213,213,287,287,303,318,330,330,340,367,382,382,405,405,405],"floor_reached":45,"playtime":1590,"items_purged":["Strike_G"],"score":1073,"play_id":"7f716847-a354-4386-89aa-6def04f38057","local_time":"20190103122410","is_ascension_mode":true,"campfire_choices":[{"data":"Noxious Fumes","floor":6.0,"key":"SMITH"},{"data":"Neutralize","floor":10.0,"key":"SMITH"},{"data":"Dash","floor":13.0,"key":"SMITH"},{"data":"All Out Attack","floor":15.0,"key":"SMITH"},{"data":"Footwork","floor":23.0,"key":"SMITH"},{"data":"Cloak And Dagger","floor":25.0,"key":"SMITH"},{"data":"Adrenaline","floor":27.0,"key":"SMITH"},{"floor":32,"key":"REST"},{"floor":42,"key":"REST"},{"data":"Wraith Form v2","floor":44,"key":"SMITH"}],"neow_cost":"NONE","seed_source_timestamp":34838783461627,"circlet_count":0,"master_deck":["AscendersBane","Survivor","Neutralize+1","Noxious Fumes+1","All Out Attack+1","Dash+1","Adrenaline+1","Backstab+1","Cloak And Dagger+1","Glass Knife+1","Footwork+1","Deflect","Dagger Throw+1","Shame","Bane+1","Glass Knife+1","Cloak And Dagger","Skewer+1","Backflip","Endless Agony+1","Envenom","Footwork","Choke+1","Dodge and Roll","Flying Knee+1","Wraith Form v2+1","Bouncing Flask","Cloak And Dagger","Terror+1","Dodge and Roll","Sucker Punch+1","Endless Agony+1","Dagger Spray+1","Dodge and Roll+1","Caltrops"],"special_seed":0,"relics":["Ring of the Snake","NeowsBlessing","MawBank","PreservedInsect","Molten Egg 2","Vajra","Busted Crown","Regal Pillow","Dream Catcher","Ginger","Prayer Wheel","Red Mask","Ancient Tea Set","Pandora\u0027s Box","Bird Faced Urn"],"potions_floor_usage":[28,30,33,37,39,41,45],"damage_taken":[{"damage":0.0,"enemies":"Cultist","floor":1.0,"turns":1.0},{"damage":0.0,"enemies":"2 Louse","floor":2.0,"turns":1.0},{"damage":0.0,"enemies":"Jaw Worm","floor":3.0,"turns":1.0},{"damage":0.0,"enemies":"3 Louse","floor":5.0,"turns":5.0},{"damage":30.0,"enemies":"Gremlin Nob","floor":7.0,"turns":4.0},{"damage":0.0,"enemies":"Looter","floor":14.0,"turns":2.0},{"damage":6.0,"enemies":"The Guardian","floor":16.0,"turns":11.0},{"damage":7.0,"enemies":"3 Byrds","floor":18.0,"turns":5.0},{"damage":4.0,"enemies":"Slavers","floor":24.0,"turns":4.0},{"damage":5,"enemies":"Book of Stabbing","floor":28,"turns":4},{"damage":0,"enemies":"Masked Bandits","floor":29,"turns":2},{"damage":0,"enemies":"Slavers","floor":30,"turns":3},{"damage":0,"enemies":"Shell Parasite","floor":31,"turns":4},{"damage":53,"enemies":"Automaton","floor":33,"turns":12},{"damage":0,"enemies":"3 Shapes","floor":35,"turns":4},{"damage":2,"enemies":"Orb Walker","floor":36,"turns":3},{"damage":15,"enemies":"Spire Growth","floor":37,"turns":5},{"damage":1,"enemies":"Transient","floor":39,"turns":6},{"damage":34,"enemies":"Reptomancer","floor":40,"turns":4},{"damage":0,"enemies":"Jaw Worm Horde","floor":41,"turns":5},{"damage":56,"enemies":"Giant Head","floor":45,"turns":5}],"seed_played":"7791677552821949157","potions_obtained":[{"floor":1.0,"key":"Fire Potion"},{"floor":2.0,"key":"Dexterity Potion"},{"floor":24.0,"key":"Energy Potion"},{"floor":29,"key":"Swift Potion"},{"floor":30,"key":"GamblersBrew"},{"floor":35,"key":"GamblersBrew"},{"floor":37,"key":"Ancient Potion"},{"floor":40,"key":"Fire Potion"},{"floor":41,"key":"SkillPotion"}],"is_trial":false,"path_per_floor":["M","M","M","$","M","R","E","?","T","R","T","$","R","M","R","B",null,"M","$","?","?","?","R","E","R","T","R","E","?","E","M","R","B",null,"M","M","M","?","M","E","M","R","T","R","E"],"character_chosen":"THE_SILENT","items_purchased":["Backstab+1","Vajra","Footwork","Deflect","Dagger Throw+1"],"campfire_rested":2,"item_purchase_floors":[12,12,19,19,19],"current_hp_per_floor":[59,59,59,59,59,59,29,18,18,18,18,18,18,18,18,12,53,46,46,46,46,46,46,42,42,42,42,37,37,37,37,66,13,53,53,51,36,36,35,1,7,41,41,41,0],"gold":405,"neow_bonus":"THREE_ENEMY_KILL","is_prod":false,"is_daily":false,"chose_seed":false,"campfire_upgraded":8,"win_rate":0,"timestamp":1546547050,"path_taken":["M","M","M","$","?","R","E","?","T","R","?","$","R","M","R","BOSS","M","$","?","?","?","R","E","R","T","R","E","?","E","M","R","BOSS","M","M","M","?","M","E","M","R","T","R","E"],"build_version":"2019-01-02","purchased_purges":1,"victory":false,"max_hp_per_floor":[66,66,66,66,66,66,66,66,66,66,66,66,66,66,66,66,66,66,66,66,66,66,66,66,66,66,66,66,66,66,66,66,66,66,66,66,66,66,66,66,66,66,66,66,66],"card_choices":[{"not_picked":["Terror","Dagger Throw"],"picked":"Noxious Fumes","floor":1.0},{"not_picked":["Leg Sweep","Eviscerate"],"picked":"All Out Attack","floor":2.0},{"not_picked":["Cloak And Dagger","PiercingWail"],"picked":"Dash","floor":3.0},{"not_picked":["Flying Knee","Sucker Punch","Outmaneuver"],"picked":"SKIP","floor":5.0},{"not_picked":["Calculated Gamble","Dagger Throw"],"picked":"Adrenaline","floor":7.0},{"not_picked":["Reflex","Setup"],"picked":"Cloak And Dagger","floor":14.0},{"not_picked":["Grand Finale+1","Phantasmal Killer"],"picked":"Glass Knife+1","floor":16.0},{"not_picked":[],"picked":"Bane+1","floor":24.0},{"not_picked":["Prepared"],"picked":"SKIP","floor":28},{"not_picked":[],"picked":"Glass Knife+1","floor":30},{"not_picked":[],"picked":"Cloak And Dagger","floor":31},{"not_picked":["Flying Knee+1"],"picked":"SKIP","floor":31},{"not_picked":[],"picked":"Skewer+1","floor":32},{"not_picked":[],"picked":"Cloak And Dagger","floor":35},{"not_picked":["Acrobatics"],"picked":"SKIP","floor":35},{"not_picked":[],"picked":"Terror+1","floor":36},{"not_picked":[],"picked":"Dodge and Roll","floor":36},{"not_picked":[],"picked":"Sucker Punch+1","floor":37},{"not_picked":["Dagger Throw+1"],"picked":"SKIP","floor":37},{"not_picked":[],"picked":"Endless Agony+1","floor":39},{"not_picked":["Underhanded Strike+1"],"picked":"SKIP","floor":39},{"not_picked":[],"picked":"Dagger Spray+1","floor":41},{"not_picked":[],"picked":"Dodge and Roll+1","floor":41},{"not_picked":[],"picked":"Caltrops","floor":42}],"player_experience":1020595,"relics_obtained":[{"floor":7.0,"key":"MawBank"},{"floor":9.0,"key":"PreservedInsect"},{"floor":11.0,"key":"Molten Egg 2"},{"floor":24.0,"key":"Dream Catcher"},{"floor":26.0,"key":"Ginger"},{"floor":28,"key":"Prayer Wheel"},{"floor":29,"key":"Red Mask"},{"floor":30,"key":"Ancient Tea Set"},{"floor":40,"key":"Bird Faced Urn"}],"event_choices":[{"damage_healed":0.0,"max_hp_gain":0.0,"max_hp_loss":0.0,"gold_gain":75.0,"event_name":"World of Goop","player_choice":"Gather Gold","floor":8.0,"gold_loss":0.0,"damage_taken":11.0},{"damage_healed":0.0,"max_hp_gain":0.0,"max_hp_loss":0.0,"gold_gain":0.0,"event_name":"Addict","player_choice":"Stole Relic","floor":20.0,"gold_loss":0.0,"damage_taken":0.0,"relics_obtained":["Regal Pillow"],"cards_obtained":["Shame"]},{"damage_healed":0.0,"max_hp_gain":0.0,"max_hp_loss":0.0,"gold_gain":0.0,"event_name":"The Mausoleum","player_choice":"Ignored","floor":21.0,"gold_loss":0.0,"damage_taken":0.0},{"damage_healed":0.0,"max_hp_gain":0.0,"max_hp_loss":0.0,"gold_gain":50.0,"event_name":"Nest","player_choice":"Stole From Cult","floor":22.0,"gold_loss":0.0,"damage_taken":0.0},{"damage_healed":0,"gold_gain":0,"player_choice":"Fought Bandits","damage_taken":0,"max_hp_gain":0,"max_hp_loss":0,"event_name":"Masked Bandits","floor":29,"gold_loss":0},{"damage_healed":0,"gold_gain":0,"player_choice":"Memory 1","damage_taken":0,"max_hp_gain":0,"max_hp_loss":0,"event_name":"SensoryStone","floor":38,"gold_loss":0}],"is_beta":true,"boss_relics":[{"not_picked":["Empty Cage","Orrery"],"picked":"Busted Crown"},{"not_picked":["White Beast Statue","Fusion Hammer"],"picked":"Pandora\u0027s Box"}],"items_purged_floors":[4],"is_endless":false,"potions_floor_spawned":[1,2,5,24,29,30,35,37,40,41],"killed_by":"Giant Head","ascension_level":20}