{"gold_per_floor":[114,40,59,74,149,149,175,186,209,209,219,219,219,233,233,310,310,321,335,335,54,0,32,32,52,52,52,52,52,69,88,88,161,161,180,191,209,68,84,84,116,130,178,193,226,226,246,25,25,25,25],"floor_reached":51,"playtime":2043,"items_purged":["Zap"],"score":1462,"play_id":"2fe4c066-ce8e-4f89-8409-c7fddf99e0f0","local_time":"20181212225114","is_ascension_mode":true,"campfire_choices":[{"data":"Beam Cell","floor":6.0,"key":"SMITH"},{"floor":10.0,"key":"REST"},{"data":"Hyperbeam","floor":15.0,"key":"SMITH"},{"data":"Go for the Eyes","floor":24,"key":"SMITH"},{"floor":29,"key":"REST"},{"floor":32,"key":"REST"},{"floor":40,"key":"REST"},{"floor":46,"key":"REST"},{"floor":49,"key":"RECALL"}],"neow_cost":"NONE","seed_source_timestamp":404121057062086,"circlet_count":0,"master_deck":["AscendersBane","Strike_B+1","Strike_B+1","Strike_B+1","Strike_B+1","Defend_B+1","Defend_B+1","Defend_B+1","Defend_B+1","Dualcast","Beam Cell+1","Hyperbeam+1","Hologram+1","Beam Cell","Reinforced Body","Hologram","Machine Learning","Rebound+1","Go for the Eyes+1","Melter","Conserve Battery","Auto Shields","Undo","Go for the Eyes","All For One","Beam Cell","FTL+1","FTL","Steam","Reboot","Fusion","Leap","Stack"],"special_seed":0,"relics":["Black Star","Pen Nib","Lantern","Centennial Puzzle","Runic Dome","Oddly Smooth Stone","Juzu Bracelet","Omamori","Anchor","Shovel","Necronomicon","Busted Crown","Vajra","Shuriken","Ornamental Fan","Unceasing Top","Strawberry"],"potions_floor_usage":[30,33,39,44,50],"damage_taken":[{"damage":6.0,"enemies":"Cultist","floor":1.0,"turns":4.0},{"damage":0.0,"enemies":"Small Slimes","floor":3.0,"turns":2.0},{"damage":4.0,"enemies":"2 Louse","floor":4.0,"turns":2.0},{"damage":28.0,"enemies":"Gremlin Nob","floor":7.0,"turns":4.0},{"damage":0.0,"enemies":"Large Slime","floor":8.0,"turns":3.0},{"damage":6.0,"enemies":"3 Louse","floor":11.0,"turns":2.0},{"damage":0.0,"enemies":"Looter","floor":14.0,"turns":2.0},{"damage":17.0,"enemies":"The Guardian","floor":16.0,"turns":9.0},{"damage":0.0,"enemies":"Chosen","floor":18.0,"turns":3.0},{"damage":16.0,"enemies":"Shell Parasite","floor":19.0,"turns":2.0},{"damage":1,"enemies":"Gremlin Leader","floor":23,"turns":5},{"damage":4,"enemies":"Centurion and Healer","floor":25,"turns":2},{"damage":0,"enemies":"Cultist and Chosen","floor":30,"turns":5},{"damage":0,"enemies":"Snake Plant","floor":31,"turns":2},{"damage":21,"enemies":"Automaton","floor":33,"turns":9},{"damage":0,"enemies":"Orb Walker","floor":35,"turns":1},{"damage":8,"enemies":"3 Darklings","floor":36,"turns":2},{"damage":0,"enemies":"Sphere and 2 Shapes","floor":37,"turns":5},{"damage":25,"enemies":"Transient","floor":39,"turns":6},{"damage":0,"enemies":"Nemesis","floor":41,"turns":5},{"damage":29,"enemies":"Writhing Mass","floor":42,"turns":6},{"damage":0,"enemies":"4 Shapes","floor":44,"turns":3},{"damage":20,"enemies":"Giant Head","floor":45,"turns":6},{"damage":0,"enemies":"Maw","floor":47,"turns":4},{"damage":16,"enemies":"Donu and Deca","floor":50,"turns":10},{"damage":20,"enemies":"Time Eater","floor":51,"turns":4}],"seed_played":"4647252933092687245","potions_obtained":[{"floor":3.0,"key":"AttackPotion"},{"floor":8.0,"key":"FocusPotion"},{"floor":16.0,"key":"Fire Potion"},{"floor":19.0,"key":"Block Potion"},{"floor":25,"key":"Block Potion"},{"floor":37,"key":"SpeedPotion"},{"floor":41,"key":"SkillPotion"},{"floor":44,"key":"LiquidBronze"},{"floor":47,"key":"Dexterity Potion"}],"is_trial":false,"path_per_floor":["M","$","M","M","?","R","E","M","T","R","M","?","?","M","R","B",null,"M","M","?","$","?","E","R","M","T","?","?","R","M","M","R","B",null,"M","M","M","$","M","R","E","M","T","M","E","R","M","$","R","B","B"],"character_chosen":"DEFECT","items_purchased":["Hyperbeam","Oddly Smooth Stone","Melter","FTL","Steam","Strawberry","Stack"],"campfire_rested":5,"item_purchase_floors":[2,21,21,38,38,48,48],"current_hp_per_floor":[58,58,58,54,43,43,15,15,15,36,30,9,32,32,32,15,57,57,41,41,41,41,40,40,36,36,36,15,36,36,36,57,36,62,62,54,54,54,29,50,50,21,21,21,1,22,22,29,29,13,0],"gold":25,"neow_bonus":"BOSS_RELIC","is_prod":false,"is_daily":false,"chose_seed":false,"campfire_upgraded":3,"win_rate":0,"timestamp":1544683874,"path_taken":["M","$","?","M","?","R","E","M","T","R","M","?","?","M","R","BOSS","M","M","?","$","?","E","R","M","T","?","?","R","M","M","R","BOSS","M","M","M","$","M","R","E","M","T","M","E","R","M","$","R","BOSS","BOSS"],"build_version":"2018-12-11","purchased_purges":1,"victory":false,"max_hp_per_floor":[71,71,71,71,71,71,71,71,71,71,71,71,71,71,71,71,71,71,71,71,71,71,71,71,71,71,71,71,71,71,71,71,71,71,71,71,71,71,71,71,71,71,71,71,71,71,71,78,78,78,78],"card_choices":[{"not_picked":["Loop","Blizzard"],"picked":"Beam Cell","floor":1.0},{"not_picked":["Barrage","Streamline"],"picked":"Hologram","floor":4.0},{"not_picked":["Force Field","Coolheaded"],"picked":"Beam Cell","floor":7.0},{"not_picked":["Cold Snap","Undo"],"picked":"Reinforced Body","floor":8.0},{"not_picked":["Sweeping Beam","Steam"],"picked":"Hologram","floor":14.0},{"not_picked":["Creative AI","Amplify"],"picked":"Machine Learning","floor":16.0},{"not_picked":["Ball Lightning","Redo"],"picked":"Rebound+1","floor":18.0},{"not_picked":["Compile Driver+1","Rebound"],"picked":"Go for the Eyes","floor":19.0},{"not_picked":["Ball Lightning","Hologram"],"picked":"Conserve Battery","floor":23},{"not_picked":["Conserve Battery","Gash"],"picked":"Auto Shields","floor":25},{"not_picked":["Steam","Fission"],"picked":"Undo","floor":30},{"not_picked":["Lockon+1","Skim"],"picked":"Go for the Eyes","floor":31},{"not_picked":["Reboot","Meteor Strike"],"picked":"All For One","floor":33},{"not_picked":[],"picked":"Beam Cell","floor":35},{"not_picked":[],"picked":"FTL+1","floor":37},{"not_picked":[],"picked":"Reboot","floor":41},{"not_picked":[],"picked":"Fusion","floor":42},{"not_picked":[],"picked":"Leap","floor":45}],"player_experience":985007,"relics_obtained":[{"floor":7.0,"key":"Pen Nib"},{"floor":7.0,"key":"Lantern"},{"floor":9.0,"key":"Centennial Puzzle"},{"floor":23,"key":"Omamori"},{"floor":23,"key":"Anchor"},{"floor":26,"key":"Shovel"},{"floor":28,"key":"Necronomicon"},{"floor":41,"key":"Vajra"},{"floor":41,"key":"Shuriken"},{"floor":45,"key":"Ornamental Fan"},{"floor":45,"key":"Unceasing Top"}],"event_choices":[{"damage_healed":0.0,"max_hp_gain":0.0,"max_hp_loss":0.0,"gold_gain":75.0,"event_name":"World of Goop","player_choice":"Gather Gold","floor":5.0,"gold_loss":0.0,"damage_taken":11.0},{"damage_healed":0.0,"max_hp_gain":0.0,"max_hp_loss":0.0,"gold_gain":0.0,"event_name":"Shining Light","player_choice":"Entered Light","floor":12.0,"gold_loss":0.0,"damage_taken":21.0,"cards_upgraded":["Strike_B","Hologram"]},{"damage_healed":23.0,"max_hp_gain":0.0,"max_hp_loss":0.0,"gold_gain":0.0,"event_name":"Big Fish","player_choice":"Banana","floor":13.0,"gold_loss":0.0,"damage_taken":0.0},{"damage_healed":0.0,"max_hp_gain":0.0,"max_hp_loss":0.0,"gold_gain":0.0,"event_name":"Back to Basics","player_choice":"Simplicity","floor":20.0,"gold_loss":0.0,"damage_taken":0.0,"cards_upgraded":["Strike_B","Strike_B","Strike_B","Defend_B","Defend_B","Defend_B","Defend_B"]},{"damage_healed":0,"gold_gain":0,"player_choice":"Paid Gold","damage_taken":0,"relics_obtained":["Juzu Bracelet"],"max_hp_gain":0,"max_hp_loss":0,"event_name":"WeMeetAgain","floor":22,"gold_loss":54},{"damage_healed":0,"gold_gain":0,"player_choice":"Got Potions","damage_taken":0,"max_hp_gain":0,"max_hp_loss":0,"event_name":"Lab","floor":27,"gold_loss":0},{"damage_healed":0,"gold_gain":0,"player_choice":"Obtained Book","damage_taken":21,"max_hp_gain":0,"max_hp_loss":0,"event_name":"Cursed Tome","floor":28,"gold_loss":0}],"is_beta":true,"boss_relics":[{"not_picked":["White Beast Statue","Coffee Dripper"],"picked":"Runic Dome"},{"not_picked":["Sozu","Runic Pyramid"],"picked":"Busted Crown"}],"items_purged_floors":[21],"is_endless":false,"potions_floor_spawned":[3,8,16,19,25,37,41,44,47],"killed_by":"Time Eater","ascension_level":20}