{"gold_per_floor":[110,121,121,140,140,140,159,15,15,15,15,50,50,74,74,163,163,186,12,12,12,12,12,12,12,12,27,27,54,54,73,73,144,144,162,173,173,173,226,226,226,245,245,245,245,245],"floor_reached":46,"playtime":1350,"items_purged":["Strike_B"],"score":734,"play_id":"24cef3e6-c6ef-47ad-adbc-e2414819671f","local_time":"20180704223238","is_ascension_mode":true,"campfire_choices":[{"data":"Go for the Eyes","floor":6,"key":"SMITH"},{"data":"Melter","floor":10,"key":"SMITH"},{"data":"Machine Learning","floor":13,"key":"SMITH"},{"data":"Hologram","floor":15,"key":"SMITH"},{"data":"Hologram","floor":23,"key":"SMITH"},{"data":"Glacier","floor":28,"key":"SMITH"},{"data":"Creative AI","floor":30,"key":"SMITH"},{"floor":32,"key":"REST"},{"data":"Buffer","floor":40,"key":"SMITH"}],"neow_cost":"NONE","seed_source_timestamp":11236219987219,"circlet_count":0,"master_deck":["Strike_B","Strike_B","Strike_B","Defend_B","Defend_B","Defend_B","Zap","Dualcast","AscendersBane","Machine Learning+1","White Noise","Go for the Eyes+1","Gash","Melter+1","Glacier+1","All For One","Hologram+1","Core Surge","Hologram+1","Beam Cell","Gash+1","Creative AI+1","Gash","Steam","Buffer+1","Rebound+1","Redo","Darkness","Magnetism","Pain","Defragment","Self Repair"],"relics":["Cracked Core","Bloody Idol","Pantograph","Meat on the Bone","Philosopher\u0027s Stone","DataDisk","Happy Flower","Symbiotic Virus","Prayer Wheel","Cursed Key","Dream Catcher"],"potions_floor_usage":[27,33,42,46],"damage_taken":[{"damage":7,"enemies":"Jaw Worm","floor":1,"turns":4},{"damage":1,"enemies":"Cultist","floor":2,"turns":4},{"damage":11,"enemies":"2 Louse","floor":4,"turns":2},{"damage":6,"enemies":"Looter","floor":7,"turns":3},{"damage":6,"enemies":"Lagavulin","floor":12,"turns":8},{"damage":9,"enemies":"Exordium Wildlife","floor":14,"turns":4},{"damage":20,"enemies":"Hexaghost","floor":16,"turns":11},{"damage":0,"enemies":"Spheric Guardian","floor":18,"turns":3},{"damage":9,"enemies":"3 Byrds","floor":27,"turns":4},{"damage":17,"enemies":"Gremlin Leader","floor":29,"turns":6},{"damage":6,"enemies":"3 Cultists","floor":31,"turns":4},{"damage":51,"enemies":"Champ","floor":33,"turns":9},{"damage":11,"enemies":"3 Shapes","floor":35,"turns":4},{"damage":2,"enemies":"Orb Walker","floor":36,"turns":4},{"damage":18,"enemies":"4 Shapes","floor":42,"turns":6},{"damage":60,"enemies":"2 Orb Walkers","floor":46,"turns":3}],"seed_played":"1522195310081111927","potions_obtained":[{"floor":12,"key":"GamblersBrew"},{"floor":18,"key":"Weak Potion"},{"floor":31,"key":"Fire Potion"},{"floor":36,"key":"PowerPotion"}],"is_trial":false,"path_per_floor":["M","M","?","M","?","R","M","$","T","R","$","E","R","M","R","B",null,"M","$","?","$","?","R","?","T","T","M","R","E","R","M","R","B",null,"M","M","?","?","T","R","?","M","T","T","?"],"character_chosen":"DEFECT","items_purchased":["Glacier","DataDisk","Hologram"],"campfire_rested":1,"item_purchase_floors":[8,19,19],"current_hp_per_floor":[57,56,49,38,38,38,32,32,32,32,32,26,26,29,29,34,58,58,58,58,58,58,58,58,58,58,54,54,42,42,41,60,32,58,52,55,55,55,60,60,60,47,47,47,41,0],"gold":245,"neow_bonus":"ONE_RANDOM_RARE_CARD","is_prod":false,"is_daily":false,"chose_seed":false,"campfire_upgraded":8,"win_rate":0,"timestamp":1530768758,"path_taken":["M","M","?","M","?","R","M","$","T","R","$","E","R","M","R","BOSS","M","$","?","$","?","R","?","?","T","?","R","E","R","M","R","BOSS","M","M","?","?","?","R","?","?","T","?","?","E"],"build_version":"2018-07-03","purchased_purges":1,"victory":false,"max_hp_per_floor":[71,71,71,71,66,66,66,66,66,66,66,66,66,66,66,66,66,66,66,66,66,66,66,66,66,66,66,66,66,66,66,66,66,66,66,66,66,66,66,66,66,66,66,66,66,66],"card_choices":[{"not_picked":["Beam Cell","Ball Lightning"],"picked":"White Noise","floor":1},{"not_picked":["Double Energy","Scrape"],"picked":"Go for the Eyes","floor":2},{"not_picked":["Aggregate","Stack"],"picked":"Gash","floor":4},{"not_picked":["Steam Power","Redo"],"picked":"Melter","floor":7},{"not_picked":["Self Repair","Barrage"],"picked":"All For One","floor":12},{"not_picked":["Steam","Turbo"],"picked":"Hologram","floor":14},{"not_picked":["Rainbow","Multi-Cast"],"picked":"Core Surge","floor":16},{"not_picked":["Rebound","Cold Snap"],"picked":"Gash+1","floor":27},{"not_picked":["Cold Snap","Hyperbeam"],"picked":"Creative AI","floor":29},{"not_picked":["Cold Snap","Compile Driver"],"picked":"Gash","floor":31},{"not_picked":["Rip and Tear","Compile Driver"],"picked":"Steam","floor":31},{"not_picked":["Hyperbeam","Seek"],"picked":"Buffer","floor":33},{"not_picked":["Steam","Beam Cell"],"picked":"Rebound+1","floor":35},{"not_picked":["Compile Driver+1","Static Discharge","Ball Lightning+1"],"picked":"SKIP","floor":35},{"not_picked":["Thunder Strike","Compile Driver"],"picked":"Redo","floor":36},{"not_picked":["Aggregate","Sunder"],"picked":"Darkness","floor":36},{"not_picked":["Blind","Panache"],"picked":"Magnetism","floor":38},{"not_picked":["Go for the Eyes","Turbo"],"picked":"Defragment","floor":42},{"not_picked":["Gash","Skim"],"picked":"Self Repair","floor":42}],"player_experience":505622,"relics_obtained":[{"floor":9,"key":"Pantograph"},{"floor":12,"key":"Meat on the Bone"},{"floor":25,"key":"Happy Flower"},{"floor":26,"key":"Symbiotic Virus"},{"floor":29,"key":"Prayer Wheel"},{"floor":39,"key":"Dream Catcher"}],"event_choices":[{"event_name":"Golden Wing","player_choice":"Card Removal","floor":3,"damage_taken":0},{"event_name":"Golden Idol","player_choice":"Lose Max HP","floor":5,"damage_taken":0},{"event_name":"Forgotten Altar","player_choice":"Gave Idol","floor":20,"damage_taken":0},{"event_name":"Addict","player_choice":"Ignored","floor":22,"damage_taken":0},{"event_name":"Match and Keep!","player_choice":"1 cards matched","floor":24,"damage_taken":0},{"event_name":"Mysterious Sphere","player_choice":"Ignore","floor":37,"damage_taken":0},{"event_name":"SensoryStone","player_choice":"Memory 1","floor":38,"damage_taken":0},{"event_name":"Tomb of Lord Red Mask","player_choice":"Ignored","floor":41,"damage_taken":0},{"event_name":"Wheel of Change","player_choice":"Damage","floor":45,"damage_taken":0}],"boss_relics":[{"not_picked":["Tiny House","Inserter"],"picked":"Philosopher\u0027s Stone"},{"not_picked":["Pandora\u0027s Box","Nuclear Battery"],"picked":"Cursed Key"}],"items_purged_floors":[8],"is_endless":false,"potions_floor_spawned":[12,18,31,36],"killed_by":"2 Orb Walkers","ascension_level":14}