{"gold_per_floor":[109,122,297,310,110,110,80,80,80,80,110,128,128,163,163,258,258,272,292,307,307,207,242,242,36,36,36,36,46,46,64,64,64],"floor_reached":33,"playtime":2863,"items_purged":["Doubt","Strike_R","Strike_R"],"score":341,"play_id":"91225a41-c31c-4b60-bc35-22ce522693c3","local_time":"20181129225211","is_ascension_mode":true,"campfire_choices":[{"data":"Armaments","floor":6,"key":"SMITH"},{"data":"Spot Weakness","floor":8,"key":"SMITH"},{"data":"Inflame","floor":10,"key":"SMITH"},{"data":"Twin Strike","floor":13,"key":"SMITH"},{"data":"Thunderclap","floor":15,"key":"SMITH"},{"data":"Fire Breathing","floor":24,"key":"SMITH"},{"floor":28,"key":"REST"},{"data":"Double Tap","floor":32,"key":"SMITH"}],"neow_cost":"NONE","seed_source_timestamp":89932612320885,"circlet_count":0,"master_deck":["Strike_R","Strike_R","Strike_R","Defend_R","Defend_R","Defend_R","Defend_R","Bash","Armaments+1","Spot Weakness+1","Twin Strike+1","Inflame+1","Cleave","Thunderclap+1","Double Tap+1","Shockwave","Entrench+1","Fire Breathing+1","Searing Blow"],"relics":["Burning Blood","Pear","Gambling Chip","Bottled Flame","Cursed Key","Nloth\u0027s Gift","Regal Pillow"],"potions_floor_usage":[11,14,14,16,19,23,33,33],"damage_taken":[{"damage":2,"enemies":"Jaw Worm","floor":1,"turns":4},{"damage":9,"enemies":"Small Slimes","floor":2,"turns":4},{"damage":1,"enemies":"Cultist","floor":4,"turns":3},{"damage":13,"enemies":"Gremlin Nob","floor":11,"turns":3},{"damage":7,"enemies":"Looter","floor":12,"turns":3},{"damage":34,"enemies":"Lagavulin","floor":14,"turns":7},{"damage":33,"enemies":"Hexaghost","floor":16,"turns":7},{"damage":12,"enemies":"2 Thieves","floor":18,"turns":3},{"damage":11,"enemies":"Spheric Guardian","floor":19,"turns":3},{"damage":21,"enemies":"Cultist and Chosen","floor":20,"turns":5},{"damage":25,"enemies":"Slavers","floor":23,"turns":4},{"damage":0,"enemies":"3 Cultists","floor":29,"turns":4},{"damage":10,"enemies":"Centurion and Healer","floor":31,"turns":6},{"damage":91,"enemies":"Champ","floor":33,"turns":11}],"seed_played":"-2174187126027683640","potions_obtained":[{"floor":1,"key":"GamblersBrew"},{"floor":7,"key":"AttackPotion"},{"floor":7,"key":"EntropicBrew"},{"floor":14,"key":"Regen Potion"},{"floor":20,"key":"BloodPotion"},{"floor":23,"key":"LiquidBronze"},{"floor":31,"key":"SmokeBomb"}],"is_trial":false,"path_per_floor":["M","M","?","M","$","R","?","R","T","R","E","M","R","E","R","B",null,"M","M","M","?","$","E","R","$","T","?","R","M","$","M","R","B"],"character_chosen":"IRONCLAD","items_purchased":["Tiny Chest","Searing Blow"],"campfire_rested":1,"item_purchase_floors":[5,25],"current_hp_per_floor":[80,77,77,80,80,80,80,80,90,90,83,82,82,54,54,42,78,72,67,52,52,52,42,42,42,42,42,84,90,90,86,86,0],"gold":64,"neow_bonus":"THREE_CARDS","is_prod":false,"is_daily":false,"chose_seed":false,"campfire_upgraded":7,"win_rate":0,"timestamp":1543528331,"path_taken":["M","M","?","M","$","R","?","R","T","R","E","M","R","E","R","BOSS","M","M","?","?","?","E","R","$","T","?","R","M","$","M","R","BOSS"],"build_version":"2018-11-15","purchased_purges":3,"victory":false,"max_hp_per_floor":[80,80,80,80,80,80,80,80,90,90,90,90,90,90,90,90,90,90,90,90,90,90,90,90,90,90,90,90,90,90,90,90,90],"card_choices":[{"not_picked":["Blood for Blood","Iron Wave"],"picked":"Armaments","floor":0},{"not_picked":["Burning Pact","Thunderclap"],"picked":"Spot Weakness","floor":1},{"not_picked":["Iron Wave","Sentinel"],"picked":"Twin Strike","floor":2},{"not_picked":["Reckless Charge","Anger"],"picked":"Inflame","floor":4},{"not_picked":["Reaper","Battle Trance"],"picked":"Cleave","floor":11},{"not_picked":["Sword Boomerang","Iron Wave","Corruption"],"picked":"SKIP","floor":12},{"not_picked":["Shrug It Off","Intimidate"],"picked":"Thunderclap","floor":14},{"not_picked":["Barricade","Reaper"],"picked":"Double Tap","floor":16},{"not_picked":["Sentinel+1","Pommel Strike"],"picked":"Shockwave","floor":18},{"not_picked":["Armaments","Inflame"],"picked":"Entrench+1","floor":19},{"not_picked":["Twin Strike","Intimidate","Armaments+1"],"picked":"SKIP","floor":20},{"not_picked":["Clash","Body Slam"],"picked":"Fire Breathing","floor":23},{"not_picked":["Pummel","Cleave+1","Feel No Pain"],"picked":"SKIP","floor":29},{"not_picked":["Havoc","Headbutt","Sentinel"],"picked":"SKIP","floor":31}],"player_experience":328825,"relics_obtained":[{"floor":9,"key":"Pear"},{"floor":11,"key":"Gambling Chip"},{"floor":14,"key":"Bottled Flame"},{"floor":23,"key":"Regal Pillow"}],"event_choices":[{"damage_healed":0,"gold_gain":175,"player_choice":"AGREE","damage_taken":0,"max_hp_gain":0,"max_hp_loss":0,"event_name":"Liars Game","floor":3,"gold_loss":0,"cards_obtained":["Doubt"]},{"damage_healed":0,"gold_gain":0,"player_choice":"Bought 2 Potions","damage_taken":0,"max_hp_gain":0,"max_hp_loss":0,"event_name":"The Woman in Blue","floor":7,"gold_loss":0},{"damage_healed":0,"gold_gain":0,"player_choice":"Traded Relic","damage_taken":0,"relics_obtained":["Nloth\u0027s Gift"],"max_hp_gain":0,"max_hp_loss":0,"event_name":"N\u0027loth","floor":21,"relics_lost":["Tiny Chest"],"gold_loss":0},{"damage_healed":0,"gold_gain":0,"player_choice":"Ignored","damage_taken":0,"max_hp_gain":0,"max_hp_loss":0,"event_name":"Beggar","floor":27,"gold_loss":0}],"is_beta":false,"boss_relics":[{"not_picked":["Runic Pyramid","Empty Cage"],"picked":"Cursed Key"}],"items_purged_floors":[5,22,25],"is_endless":false,"potions_floor_spawned":[1,14,20,23,31],"killed_by":"Champ","ascension_level":5}