{"gold_per_floor":[111,129,147,147,163,163,190,190,190,190,222,222],"floor_reached":12,"playtime":372,"items_purged":[],"score":163,"play_id":"48e53758-998b-4ca8-a529-e5c13c77a4ea","local_time":"20190818210635","is_ascension_mode":true,"campfire_choices":[{"floor":6.0,"key":"REST"},{"floor":8.0,"key":"REST"},{"data":"Zap","floor":10.0,"key":"SMITH"}],"neow_cost":"NONE","seed_source_timestamp":259597514110100,"circlet_count":0,"master_deck":["AscendersBane","Strike_B","Strike_B","Strike_B","Defend_B","Defend_B","Defend_B","Defend_B","Zap+1","Dualcast","Capacitor","Leap","Turbo","Tempest","Auto Shields","Darkness","Creative AI"],"special_seed":0,"relics":["Cracked Core","NeowsBlessing","Pen Nib","Smiling Mask","Meat on the Bone"],"potions_floor_usage":[],"damage_taken":[{"damage":0.0,"enemies":"Jaw Worm","floor":1.0,"turns":1.0},{"damage":0.0,"enemies":"2 Louse","floor":2.0,"turns":1.0},{"damage":0.0,"enemies":"Cultist","floor":3.0,"turns":1.0},{"damage":22.0,"enemies":"Exordium Wildlife","floor":5.0,"turns":4.0},{"damage":15.0,"enemies":"Lagavulin","floor":7.0,"turns":9.0},{"damage":53.0,"enemies":"3 Sentries","floor":11.0,"turns":10.0},{"damage":49,"enemies":"The Mushroom Lair","floor":12,"turns":5}],"seed_played":"-3828370844015506597","potions_obtained":[{"floor":1.0,"key":"Regen Potion"},{"floor":3.0,"key":"SpeedPotion"}],"is_trial":false,"path_per_floor":["M","M","M","?","M","R","E","R","T","R","E","?"],"character_chosen":"DEFECT","items_purchased":[],"campfire_rested":2,"item_purchase_floors":[],"current_hp_per_floor":[64,64,64,64,42,63,48,69,69,69,31,0],"gold":222,"neow_bonus":"THREE_ENEMY_KILL","is_prod":false,"is_daily":false,"chose_seed":false,"campfire_upgraded":1,"win_rate":0,"timestamp":1566129995,"path_taken":["M","M","M","?","M","R","E","R","T","R","E","?"],"build_version":"2019-07-17","purchased_purges":0,"victory":false,"max_hp_per_floor":[71,71,71,71,71,71,71,71,71,71,71,71],"card_choices":[{"not_picked":["Redo","Scrape"],"picked":"Capacitor","floor":1.0},{"not_picked":["Scrape","Gash"],"picked":"Leap","floor":2.0},{"not_picked":["Steam Power","Heatsinks"],"picked":"Turbo","floor":3.0},{"not_picked":["Leap","Tempest"],"picked":"Auto Shields","floor":5.0},{"not_picked":["Go for the Eyes","Scrape"],"picked":"Darkness","floor":7.0},{"not_picked":["FTL","Rebound"],"picked":"Creative AI","floor":11.0}],"player_experience":202549,"relics_obtained":[{"floor":7.0,"key":"Pen Nib"},{"floor":9.0,"key":"Smiling Mask"},{"floor":11.0,"key":"Meat on the Bone"}],"event_choices":[{"damage_healed":0.0,"max_hp_gain":0.0,"max_hp_loss":0.0,"gold_gain":0.0,"cards_transformed":["Strike_B"],"event_name":"Living Wall","player_choice":"Change","floor":4.0,"gold_loss":0.0,"damage_taken":0.0,"cards_obtained":["Tempest"]},{"damage_healed":0,"gold_gain":0,"player_choice":"Fought Mushrooms","damage_taken":0,"max_hp_gain":0,"max_hp_loss":0,"event_name":"Mushrooms","floor":12,"gold_loss":0}],"is_beta":false,"boss_relics":[],"items_purged_floors":[],"is_endless":false,"potions_floor_spawned":[1,3],"killed_by":"The Mushroom Lair","ascension_level":17}