{"gold_per_floor":[117,31,106,122,122,122,156,179,179,244,244,244,244],"floor_reached":13,"playtime":145,"items_purged":[],"score":208,"play_id":"4b40af0f-47f4-4313-8dc6-ada834088a0e","local_time":"20190811232940","is_ascension_mode":true,"campfire_choices":[{"data":"Bash","floor":6.0,"key":"SMITH"},{"data":"Inflame","floor":12,"key":"SMITH"}],"neow_cost":"NONE","seed_source_timestamp":3323393955687,"circlet_count":0,"master_deck":["AscendersBane","Strike_R","Strike_R","Strike_R","Strike_R","Strike_R","Defend_R","Defend_R","Defend_R","Defend_R","Bash+1","Iron Wave","Inflame+1","Shrug It Off","Inflame","Shrug It Off"],"special_seed":0,"relics":["Burning Blood","NeowsBlessing","Golden Idol","Gremlin Horn","Bronze Scales","Matryoshka"],"potions_floor_usage":[],"damage_taken":[{"damage":0.0,"enemies":"Jaw Worm","floor":1.0,"turns":1.0},{"damage":0.0,"enemies":"Small Slimes","floor":4.0,"turns":1.0},{"damage":0.0,"enemies":"Gremlin Nob","floor":7.0,"turns":1.0},{"damage":45,"enemies":"3 Sentries","floor":10,"turns":7},{"damage":0,"enemies":"3 Sentries","floor":13,"turns":1}],"seed_played":"-6819038569086545169","potions_obtained":[{"floor":7.0,"key":"GamblersBrew"},{"floor":11,"key":"FearPotion"}],"is_trial":false,"path_per_floor":["M","$","?","M","?","R","E","T","T","?","?","R","E"],"character_chosen":"IRONCLAD","items_purchased":["Inflame"],"campfire_rested":0,"item_purchase_floors":[2],"current_hp_per_floor":[74,74,63,69,68,68,68,68,68,29,29,29,29],"gold":244,"neow_bonus":"THREE_ENEMY_KILL","is_prod":false,"is_daily":false,"chose_seed":false,"campfire_upgraded":2,"win_rate":0,"timestamp":1565591380,"path_taken":["M","$","?","M","?","R","E","?","T","?","?","R","E"],"build_version":"2019-07-18","purchased_purges":0,"victory":false,"max_hp_per_floor":[75,75,75,75,68,68,68,68,68,68,68,68,68],"card_choices":[{"not_picked":["Seeing Red","Bloodletting"],"picked":"Iron Wave","floor":1.0},{"not_picked":["Rampage","Burning Pact"],"picked":"Shrug It Off","floor":4.0},{"not_picked":["Havoc","Pummel"],"picked":"Inflame","floor":7.0},{"not_picked":["Corruption","Bloodletting"],"picked":"Shrug It Off","floor":10}],"player_experience":1400687,"relics_obtained":[{"floor":7.0,"key":"Gremlin Horn"},{"floor":8.0,"key":"Bronze Scales"},{"floor":9.0,"key":"Matryoshka"}],"event_choices":[{"damage_healed":0.0,"max_hp_gain":0.0,"max_hp_loss":0.0,"gold_gain":75.0,"event_name":"World of Goop","player_choice":"Gather Gold","floor":3.0,"gold_loss":0.0,"damage_taken":11.0},{"damage_healed":0.0,"max_hp_gain":0.0,"max_hp_loss":7.0,"gold_gain":0.0,"event_name":"Golden Idol","player_choice":"Lose Max HP","floor":5.0,"gold_loss":0.0,"damage_taken":0.0,"relics_obtained":["Golden Idol"]},{"damage_healed":0,"gold_gain":30,"player_choice":"Searched \u00272\u0027 times","damage_taken":0,"max_hp_gain":0,"max_hp_loss":0,"event_name":"Dead Adventurer","floor":10,"gold_loss":0},{"damage_healed":0,"gold_gain":0,"player_choice":"Got Potions","damage_taken":0,"max_hp_gain":0,"max_hp_loss":0,"event_name":"Lab","floor":11,"gold_loss":0}],"is_beta":true,"boss_relics":[],"items_purged_floors":[],"is_endless":false,"potions_floor_spawned":[7],"killed_by":"3 Sentries","ascension_level":20}