{"gold_per_floor":[110,39,39,58,77,77,57,86,162,60,79,79,99,69],"floor_reached":14,"playtime":334,"items_purged":[],"score":157,"play_id":"ea4bef0a-7499-4579-ac90-7b7b7d335550","local_time":"20180714130021","is_ascension_mode":true,"campfire_choices":[{"data":"Dagger Spray","floor":6,"key":"SMITH"}],"neow_cost":"NONE","seed_source_timestamp":303223419560915,"circlet_count":0,"master_deck":["Defend_G","Defend_G","Defend_G","Defend_G","Defend_G","Strike_G","Strike_G","Strike_G","Strike_G","Strike_G","Survivor","Neutralize+1","AscendersBane","Dagger Spray+1","Infinite Blades","Well Laid Plans","Leg Sweep","Deadly Poison","Noxious Fumes","Bouncing Flask","Adrenaline","Deadly Poison"],"relics":["Eternal Feather","Snake Skull","Bottled Flame","Spirit Poop"],"potions_floor_usage":[8,8,11],"damage_taken":[{"damage":2,"enemies":"Jaw Worm","floor":1,"turns":8},{"damage":4,"enemies":"Cultist","floor":4,"turns":5},{"damage":3,"enemies":"2 Louse","floor":5,"turns":3},{"damage":20,"enemies":"Gremlin Nob","floor":8,"turns":5},{"damage":19,"enemies":"Red Slaver","floor":11,"turns":5},{"damage":16,"enemies":"Exordium Thugs","floor":13,"turns":5},{"damage":6,"enemies":"Looter","floor":14,"turns":2}],"seed_played":"-649827739480176669","potions_obtained":[{"floor":5,"key":"Explosive Potion"},{"floor":7,"key":"Explosive Potion"},{"floor":8,"key":"SkillPotion"}],"is_trial":false,"path_per_floor":["M","$","?","M","M","R","?","E","T","$","M","?","M"],"character_chosen":"THE_SILENT","items_purchased":["Infinite Blades","Noxious Fumes","Bouncing Flask"],"campfire_rested":0,"item_purchase_floors":[2,10,10],"current_hp_per_floor":[57,57,57,53,50,56,56,36,36,36,17,17,1,0],"gold":69,"neow_bonus":"BOSS_RELIC","is_prod":false,"is_daily":false,"chose_seed":false,"campfire_upgraded":1,"win_rate":0,"timestamp":1531598421,"path_taken":["M","$","?","M","?","R","?","E","T","?","M","?","M","?"],"build_version":"2018-07-13","purchased_purges":0,"victory":false,"max_hp_per_floor":[66,66,66,66,66,66,66,66,66,66,66,66,66,66],"card_choices":[{"not_picked":["Sucker Punch","Dagger Throw"],"picked":"Dagger Spray","floor":1},{"not_picked":["Blur","Acrobatics"],"picked":"Well Laid Plans","floor":4},{"not_picked":["PiercingWail","Slice"],"picked":"Leg Sweep","floor":5},{"not_picked":["Acrobatics","Sucker Punch"],"picked":"Deadly Poison","floor":8},{"not_picked":["Poisoned Stab","Leg Sweep"],"picked":"Adrenaline","floor":11},{"not_picked":["Slice","Poisoned Stab"],"picked":"Deadly Poison","floor":13}],"player_experience":637911,"relics_obtained":[{"floor":8,"key":"Snake Skull"},{"floor":9,"key":"Bottled Flame"}],"event_choices":[{"event_name":"Accursed Blacksmith","player_choice":"Forge","floor":3,"damage_taken":0},{"event_name":"The Woman in Blue","player_choice":"Bought 1 Potion","floor":7,"damage_taken":0},{"event_name":"Bonfire Elementals","player_choice":"CURSE","floor":12,"damage_taken":0}],"boss_relics":[],"items_purged_floors":[],"is_endless":false,"potions_floor_spawned":[5,8],"killed_by":"Looter","ascension_level":15}