{"gold_per_floor":[114,134,134,134,134,134,45,65,112,112,37,37,37,78,78,78],"floor_reached":16,"playtime":360,"items_purged":["Shame"],"score":192,"play_id":"ea236367-df40-4d67-84d9-45f36a351558","local_time":"20190219190948","is_ascension_mode":true,"campfire_choices":[{"data":"Zap","floor":6,"key":"SMITH"},{"data":"Dualcast","floor":10,"key":"SMITH"},{"floor":12,"key":"REST"},{"data":"Hello World","floor":15,"key":"SMITH"}],"neow_cost":"NONE","seed_source_timestamp":4978391251174,"circlet_count":0,"master_deck":["AscendersBane","Strike_B","Strike_B","Strike_B","Strike_B","Defend_B","Defend_B","Defend_B","Defend_B","Zap+1","Dualcast+1","Injury","Gash","Hello World+1","Hello World","FTL","Electrodynamics"],"relics":["Calling Bell","Centennial Puzzle","Dodecahedron","Turnip","Bag of Preparation","Golden Idol","Pocketwatch"],"potions_floor_usage":[16,16],"damage_taken":[{"damage":22,"enemies":"Jaw Worm","floor":1,"turns":5},{"damage":21,"enemies":"Small Slimes","floor":2,"turns":3},{"damage":15,"enemies":"2 Louse","floor":8,"turns":2},{"damage":14,"enemies":"Lagavulin","floor":14,"turns":6},{"damage":6,"enemies":"The Guardian","floor":16,"turns":5}],"seed_played":"1011554694339533008","potions_obtained":[{"floor":8,"key":"Block Potion"},{"floor":14,"key":"AttackPotion"}],"is_trial":false,"path_per_floor":["M","M","?","?","?","R","$","M","T","R","$","R","?","E","R","B"],"character_chosen":"DEFECT","items_purchased":["Hello World"],"campfire_rested":1,"item_purchase_floors":[7],"current_hp_per_floor":[42,21,21,21,21,21,21,6,6,6,6,27,27,13,13,7],"gold":78,"neow_bonus":"BOSS_RELIC","is_prod":false,"is_daily":false,"chose_seed":false,"campfire_upgraded":3,"win_rate":0,"timestamp":1550632188,"path_taken":["M","M","?","?","?","R","$","M","T","R","$","R","?","E","R","BOSS"],"build_version":"2019-02-06","purchased_purges":1,"victory":false,"max_hp_per_floor":[71,71,71,71,71,71,71,71,71,71,71,71,64,64,64,64],"card_choices":[{"not_picked":["Fusion","Chill"],"picked":"Gash","floor":1},{"not_picked":["Redo","Compile Driver"],"picked":"Hello World","floor":2},{"not_picked":["Leap","Go for the Eyes"],"picked":"FTL","floor":8},{"not_picked":["Go for the Eyes","Barrage"],"picked":"Electrodynamics","floor":14}],"player_experience":1180230,"relics_obtained":[{"floor":0,"key":"Centennial Puzzle"},{"floor":0,"key":"Dodecahedron"},{"floor":0,"key":"Turnip"},{"floor":9,"key":"Bag of Preparation"},{"floor":14,"key":"Pocketwatch"}],"event_choices":[{"damage_healed":0,"gold_gain":0,"player_choice":"Ignored","damage_taken":0,"max_hp_gain":0,"max_hp_loss":0,"event_name":"Shining Light","floor":3,"gold_loss":0},{"cards_removed":["Pain"],"damage_healed":0,"gold_gain":0,"player_choice":"Forget","damage_taken":0,"max_hp_gain":0,"max_hp_loss":0,"event_name":"Living Wall","floor":4,"gold_loss":0},{"damage_healed":0,"gold_gain":0,"player_choice":"Ignored","damage_taken":0,"max_hp_gain":0,"max_hp_loss":0,"event_name":"Liars Game","floor":5,"gold_loss":0},{"damage_healed":0,"gold_gain":0,"player_choice":"Lose Max HP","damage_taken":0,"relics_obtained":["Golden Idol"],"max_hp_gain":0,"max_hp_loss":7,"event_name":"Golden Idol","floor":13,"gold_loss":0}],"is_beta":true,"boss_relics":[],"items_purged_floors":[11],"is_endless":false,"potions_floor_spawned":[8,14],"killed_by":"The Guardian","ascension_level":20}