{"gold_per_floor":[99,99,99,99,99,99,99,99,99,99,99,99,24,24,24,24,24,24,24,24,24],"floor_reached":21,"playtime":846,"items_purged":["Strike_B"],"score":334,"play_id":"94283fd6-69ea-4f4a-9547-9760df457e83","local_time":"20180805122934","is_ascension_mode":true,"campfire_choices":[{"data":"Zap","floor":6,"key":"SMITH"},{"data":"Self Repair","floor":8,"key":"SMITH"},{"data":"Capacitor","floor":15,"key":"SMITH"}],"neow_cost":"NONE","seed_source_timestamp":678665790248203,"circlet_count":0,"master_deck":["Strike_B","Strike_B+1","Strike_B","Defend_B","Defend_B","Defend_B","Defend_B","Zap+1","Dualcast","AscendersBane","Hologram+1","Genetic Algorithm","Electrodynamics","Self Repair+1","Sweeping Beam","Capacitor+1","Leap","Creative AI","Consume","All For One","White Noise"],"relics":["Ectoplasm","Golden Idol","Lantern","Tiny Chest","Cursed Key"],"potions_floor_usage":[7,12,16,21],"damage_taken":[{"damage":0,"enemies":"Small Slimes","floor":1,"turns":3},{"damage":0,"enemies":"2 Louse","floor":2,"turns":1},{"damage":1,"enemies":"Cultist","floor":4,"turns":3},{"damage":7,"enemies":"3 Sentries","floor":7,"turns":5},{"damage":2,"enemies":"2 Fungi Beasts","floor":10,"turns":3},{"damage":3,"enemies":"Lagavulin","floor":12,"turns":6},{"damage":3,"enemies":"Large Slime","floor":14,"turns":4},{"damage":32,"enemies":"The Guardian","floor":16,"turns":12},{"damage":21,"enemies":"3 Byrds","floor":18,"turns":3},{"damage":23,"enemies":"Chosen","floor":19,"turns":7},{"damage":16,"enemies":"Centurion and Healer","floor":20,"turns":7},{"damage":29,"enemies":"Snake Plant","floor":21,"turns":2}],"seed_played":"2292665148623352867","potions_obtained":[{"floor":1,"key":"Weak Potion"},{"floor":4,"key":"AttackPotion"},{"floor":10,"key":"SpeedPotion"},{"floor":14,"key":"Poison Potion"},{"floor":19,"key":"Ancient Potion"}],"is_trial":false,"path_per_floor":["M","M","?","M","?","R","E","R","T","M","?","E","$","M","R","B",null,"M","M","M"],"character_chosen":"DEFECT","items_purchased":[],"campfire_rested":0,"item_purchase_floors":[],"current_hp_per_floor":[64,64,43,42,42,42,35,35,35,43,43,50,50,57,57,35,57,46,33,27,0],"gold":24,"neow_bonus":"BOSS_RELIC","is_prod":false,"is_daily":false,"chose_seed":false,"campfire_upgraded":3,"win_rate":0,"timestamp":1533497374,"path_taken":["M","M","?","?","?","R","E","R","T","?","?","E","$","M","R","BOSS","M","?","?","?"],"build_version":"2018-08-01","purchased_purges":1,"victory":false,"max_hp_per_floor":[71,71,71,71,64,64,64,64,64,64,64,64,64,64,64,64,64,64,64,64,64],"card_choices":[{"not_picked":["Lockon","Leap"],"picked":"Hologram","floor":1},{"not_picked":["Hologram","Steam"],"picked":"Genetic Algorithm","floor":2},{"not_picked":["Rebound","Self Repair"],"picked":"Electrodynamics","floor":4},{"not_picked":["Steam Power","Barrage"],"picked":"Self Repair","floor":7},{"not_picked":["Genetic Algorithm","Skim"],"picked":"Sweeping Beam","floor":10},{"not_picked":["Sunder","Undo"],"picked":"Capacitor","floor":12},{"not_picked":["Stack","Streamline"],"picked":"Leap","floor":14},{"not_picked":["Fission","Core Surge"],"picked":"Creative AI","floor":16},{"not_picked":["Compile Driver","Gash"],"picked":"Consume","floor":18},{"not_picked":["Coolheaded","Sweeping Beam"],"picked":"All For One","floor":19},{"not_picked":["Scrape","Ball Lightning"],"picked":"White Noise","floor":20}],"player_experience":738639,"relics_obtained":[{"floor":7,"key":"Lantern"},{"floor":12,"key":"Tiny Chest"}],"event_choices":[{"event_name":"Shining Light","player_choice":"Entered Light","floor":3,"damage_taken":0},{"event_name":"Golden Idol","player_choice":"Lose Max HP","floor":5,"damage_taken":0},{"event_name":"The Cleric","player_choice":"Leave","floor":11,"damage_taken":0}],"is_beta":true,"boss_relics":[{"not_picked":["Eternal Feather","Inserter"],"picked":"Cursed Key"}],"items_purged_floors":[13],"is_endless":false,"potions_floor_spawned":[1,4,10,14,19],"killed_by":"Snake Plant","ascension_level":15}