{"gold_per_floor":[111,186,186,205,62,62,62,62,85,95,123,50,65,79,79,177,177,191,204,204,204,384,384],"floor_reached":23,"playtime":1322,"items_purged":["Strike_B"],"score":246,"play_id":"f994ad6c-917e-4ab0-9ea6-08597a3b0311","local_time":"20190727111222","is_ascension_mode":true,"campfire_choices":[{"data":"Defragment","floor":6,"key":"SMITH"},{"data":"Dualcast","floor":8,"key":"SMITH"},{"data":"Barrage","floor":15,"key":"SMITH"}],"neow_cost":"NONE","seed_source_timestamp":1489152053299799,"circlet_count":0,"master_deck":["Defend_B","Defend_B","Zap","Dualcast+1","Melter","Chill","Defragment+1","Barrage+1","Glacier","Self Repair","Amplify","Barrage","Hologram","Ball Lightning"],"relics":["Cracked Core","Centennial Puzzle","Potion Belt","Ornamental Fan","Empty Cage","Shuriken"],"potions_floor_usage":[11,23],"damage_taken":[{"damage":12,"enemies":"Small Slimes","floor":1,"turns":3},{"damage":2,"enemies":"Jaw Worm","floor":4,"turns":3},{"damage":0,"enemies":"Cultist","floor":10,"turns":4},{"damage":11,"enemies":"Lagavulin","floor":11,"turns":4},{"damage":13,"enemies":"Large Slime","floor":13,"turns":8},{"damage":1,"enemies":"Exordium Wildlife","floor":14,"turns":6},{"damage":6,"enemies":"The Guardian","floor":16,"turns":11},{"damage":0,"enemies":"Chosen","floor":18,"turns":5},{"damage":7,"enemies":"Shell Parasite","floor":19,"turns":8},{"damage":56,"enemies":"Book of Stabbing","floor":23,"turns":4}],"seed_played":"964878776950379780","potions_obtained":[{"floor":1,"key":"Weak Potion"},{"floor":10,"key":"Energy Potion"},{"floor":13,"key":"SteroidPotion"},{"floor":19,"key":"GamblersBrew"}],"is_trial":false,"path_per_floor":["M","?","?","M","$","R","?","R","T","M","E","$","M","M","R","B",null,"M","M","?","T","?","E"],"character_chosen":"DEFECT","items_purchased":["Defragment","Self Repair"],"campfire_rested":0,"item_purchase_floors":[5,12],"current_hp_per_floor":[56,45,38,36,36,36,61,61,61,61,50,50,44,50,50,51,69,75,75,75,75,54,0],"gold":384,"neow_bonus":"RANDOM_COMMON_RELIC","is_prod":false,"is_daily":false,"chose_seed":false,"campfire_upgraded":3,"win_rate":0,"timestamp":1564243942,"path_taken":["M","?","?","M","$","R","?","R","T","?","E","$","M","?","R","BOSS","M","M","?","?","?","E"],"build_version":"2019-07-17","purchased_purges":1,"victory":false,"max_hp_per_floor":[75,75,75,75,75,75,75,75,75,75,75,75,75,75,75,75,75,75,75,75,75,75,75],"card_choices":[{"not_picked":["Chaos","Reprogram"],"picked":"Melter","floor":1},{"not_picked":["Streamline","Doom and Gloom"],"picked":"Chill","floor":4},{"not_picked":["Double Energy","Go for the Eyes"],"picked":"Barrage","floor":10},{"not_picked":["Heatsinks","Melter"],"picked":"Glacier","floor":11},{"not_picked":["Coolheaded","Conserve Battery","Sweeping Beam"],"picked":"SKIP","floor":13},{"not_picked":["Coolheaded","Streamline","Heatsinks"],"picked":"SKIP","floor":14},{"not_picked":["All For One","Meteor Strike"],"picked":"Amplify","floor":16},{"not_picked":["Fusion","Double Energy"],"picked":"Barrage","floor":18},{"not_picked":["Leap","Reprogram","Self Repair"],"picked":"SKIP","floor":19}],"player_experience":909521,"relics_obtained":[{"floor":9,"key":"Potion Belt"},{"floor":11,"key":"Ornamental Fan"},{"floor":21,"key":"Shuriken"}],"event_choices":[{"damage_healed":0,"gold_gain":75,"player_choice":"Gather Gold","damage_taken":11,"max_hp_gain":0,"max_hp_loss":0,"event_name":"World of Goop","floor":2,"gold_loss":0},{"cards_removed":["Strike_B"],"damage_healed":0,"gold_gain":0,"player_choice":"Card Removal","damage_taken":7,"max_hp_gain":0,"max_hp_loss":0,"event_name":"Golden Wing","floor":3,"gold_loss":0},{"damage_healed":25,"gold_gain":0,"player_choice":"Banana","damage_taken":0,"max_hp_gain":0,"max_hp_loss":0,"event_name":"Big Fish","floor":7,"gold_loss":0},{"damage_healed":0,"gold_gain":0,"cards_transformed":["Defend_B","Defend_B"],"player_choice":"Became Test Subject","damage_taken":0,"max_hp_gain":0,"max_hp_loss":0,"event_name":"Drug Dealer","floor":20,"gold_loss":0,"cards_obtained":["Hologram","Ball Lightning"]},{"damage_healed":0,"gold_gain":180,"player_choice":"GOLD GOLD ","damage_taken":21,"max_hp_gain":0,"max_hp_loss":0,"event_name":"Knowing Skull","floor":22,"potions_obtained":[],"gold_loss":0,"cards_obtained":[]}],"is_beta":false,"boss_relics":[{"not_picked":["Snecko Eye","Velvet Choker"],"picked":"Empty Cage"}],"items_purged_floors":[5],"is_endless":false,"potions_floor_spawned":[1,10,13,19],"killed_by":"Book of Stabbing","ascension_level":6}