{"gold_per_floor":[112,112,112,27,27,27,86,86,86,86,118,134,162,172,172,248,248,263,263,80,97,109,109,142,142,194,194,210,225,225,225,225,303,303,320,320,335,354,354,354,354],"floor_reached":41,"playtime":1451,"items_purged":["Strike_G"],"score":1054,"play_id":"99708a12-4aa7-498f-acac-cc51ce2950b5","local_time":"20190213120935","is_ascension_mode":true,"campfire_choices":[{"data":"Terror","floor":6.0,"key":"SMITH"},{"data":"All Out Attack","floor":8.0,"key":"SMITH"},{"data":"Survivor","floor":10.0,"key":"SMITH"},{"data":"Bane","floor":15.0,"key":"SMITH"},{"floor":23.0,"key":"REST"},{"floor":25.0,"key":"REST"},{"floor":27.0,"key":"REST"},{"floor":30.0,"key":"REST"},{"floor":32.0,"key":"REST"},{"data":"Sucker Punch","floor":40.0,"key":"SMITH"}],"neow_cost":"NONE","seed_source_timestamp":3672969924793,"circlet_count":0,"master_deck":["AscendersBane","Defend_G+1","Defend_G","Defend_G+1","Defend_G","Defend_G","Strike_G","Strike_G","Strike_G","Survivor+1","Neutralize+1","Deadly Poison+1","Terror+1","All Out Attack+1","Bane+1","Blur","Dodge and Roll+1","A Thousand Cuts+1","Envenom+1","Deadly Poison+1","Footwork+1","Backflip","Dodge and Roll+1","Footwork+1","Bane","Well Laid Plans+1","Tools of the Trade+1","Sucker Punch+1","Master of Strategy","Sucker Punch+1","Footwork+1"],"special_seed":0,"relics":["Ring of the Snake","NeowsBlessing","Tiny Chest","Frozen Egg 2","Smiling Mask","Bag of Preparation","Sozu","War Paint","Bag of Marbles","Eternal Feather"],"potions_floor_usage":[],"damage_taken":[{"damage":0.0,"enemies":"Small Slimes","floor":1.0,"turns":1.0},{"damage":0.0,"enemies":"Lagavulin","floor":7.0,"turns":1.0},{"damage":0.0,"enemies":"Gremlin Nob","floor":11.0,"turns":1.0},{"damage":0.0,"enemies":"Jaw Worm","floor":12.0,"turns":3.0},{"damage":17.0,"enemies":"Lagavulin","floor":13.0,"turns":6.0},{"damage":0.0,"enemies":"2 Louse","floor":14.0,"turns":1.0},{"damage":0.0,"enemies":"Slime Boss","floor":16.0,"turns":7.0},{"damage":8.0,"enemies":"Chosen","floor":18.0,"turns":4.0},{"damage":12.0,"enemies":"Shell Parasite","floor":21.0,"turns":4.0},{"damage":10.0,"enemies":"Chosen and Byrds","floor":22.0,"turns":6.0},{"damage":23.0,"enemies":"Gremlin Leader","floor":24.0,"turns":7.0},{"damage":44.0,"enemies":"Cultist and Chosen","floor":28.0,"turns":7.0},{"damage":3.0,"enemies":"3 Cultists","floor":29.0,"turns":5.0},{"damage":5.0,"enemies":"Colosseum Slavers","floor":31.0,"turns":4.0},{"damage":4.0,"enemies":"Champ","floor":33.0,"turns":14.0},{"damage":12.0,"enemies":"3 Darklings","floor":35.0,"turns":5.0},{"damage":0.0,"enemies":"3 Shapes","floor":37.0,"turns":6.0},{"damage":15.0,"enemies":"3 Darklings","floor":38.0,"turns":7.0},{"damage":55,"enemies":"Reptomancer","floor":41,"turns":8}],"seed_played":"9098812703016319539","potions_obtained":[{"floor":7.0,"key":"Fire Potion"},{"floor":12.0,"key":"FearPotion"},{"floor":16.0,"key":"SkillPotion"}],"is_trial":false,"path_per_floor":["M","?","?","$","?","R","E","R","T","R","E","M","E","M","R","B",null,"M","?","$","M","M","R","E","R","T","R","M","M","R","?","R","B",null,"M","?","M","M","?","R","E"],"character_chosen":"THE_SILENT","items_purchased":["Terror","Footwork+1","Backflip"],"campfire_rested":5,"item_purchase_floors":[4,20,20],"current_hp_per_floor":[59,59,39,39,32,32,32,32,32,32,32,32,15,15,15,15,53,45,41,41,29,19,38,15,34,34,53,9,6,25,20,39,35,58,46,46,46,31,31,49,0],"gold":354,"neow_bonus":"THREE_ENEMY_KILL","is_prod":false,"is_daily":false,"chose_seed":false,"campfire_upgraded":5,"win_rate":0,"timestamp":1550088575,"path_taken":["M","?","?","$","?","R","E","R","T","R","E","M","E","M","R","BOSS","M","?","?","M","M","R","E","R","T","R","M","M","R","?","R","BOSS","M","?","M","M","?","R","E"],"build_version":"2019-02-06","purchased_purges":1,"victory":false,"max_hp_per_floor":[66,66,66,66,66,66,66,66,66,66,66,66,66,66,66,66,66,66,66,66,66,66,66,66,66,66,66,66,66,66,66,66,66,66,66,66,66,66,66,66,66],"card_choices":[{"not_picked":["Deflect","Poisoned Stab"],"picked":"Deadly Poison","floor":1.0},{"not_picked":["Blur","Dagger Spray"],"picked":"All Out Attack","floor":7.0},{"not_picked":["Night Terror","Blade Dance"],"picked":"Bane","floor":11.0},{"not_picked":["All Out Attack","Dagger Throw"],"picked":"Blur","floor":12.0},{"not_picked":["Cloak And Dagger","Underhanded Strike"],"picked":"Dodge and Roll","floor":13.0},{"not_picked":["Heel Hook","Deadly Poison"],"picked":"A Thousand Cuts+1","floor":14.0},{"not_picked":["Burst","Storm of Steel"],"picked":"Envenom+1","floor":16.0},{"not_picked":["Tactician+1","Dodge and Roll"],"picked":"Deadly Poison+1","floor":18.0},{"not_picked":["Deadly Poison","Bouncing Flask"],"picked":"Dagger Spray","floor":21.0},{"not_picked":["Calculated Gamble","Deflect"],"picked":"Dodge and Roll+1","floor":22.0},{"not_picked":["Eviscerate","Outmaneuver"],"picked":"Footwork+1","floor":24.0},{"not_picked":["Reflex+1","Blade Dance"],"picked":"Bane","floor":28.0},{"not_picked":["Poisoned Stab","Blade Dance+1"],"picked":"Well Laid Plans+1","floor":29.0},{"not_picked":["Doppelganger","Storm of Steel"],"picked":"Tools of the Trade+1","floor":33.0},{"not_picked":["Accuracy+1","Poisoned Stab"],"picked":"Sucker Punch","floor":35.0},{"not_picked":["Forethought","Flash of Steel"],"picked":"Master of Strategy","floor":36.0},{"not_picked":["Underhanded Strike","Dodge and Roll"],"picked":"Sucker Punch+1","floor":37.0},{"not_picked":["Underhanded Strike","Backstab+1"],"picked":"Footwork+1","floor":38.0}],"player_experience":1150068,"relics_obtained":[{"floor":7.0,"key":"Tiny Chest"},{"floor":9.0,"key":"Frozen Egg 2"},{"floor":11.0,"key":"Smiling Mask"},{"floor":13.0,"key":"Bag of Preparation"},{"floor":24.0,"key":"War Paint"},{"floor":26.0,"key":"Bag of Marbles"}],"event_choices":[{"damage_healed":0.0,"max_hp_gain":0.0,"max_hp_loss":0.0,"gold_gain":0.0,"event_name":"Living Wall","player_choice":"Grow","floor":2.0,"gold_loss":0.0,"damage_taken":0.0,"cards_upgraded":["Neutralize"]},{"damage_healed":0.0,"max_hp_gain":0.0,"max_hp_loss":0.0,"gold_gain":0.0,"event_name":"Shining Light","player_choice":"Entered Light","floor":3.0,"gold_loss":0.0,"damage_taken":20.0,"cards_upgraded":["Deadly Poison","Defend_G"]},{"cards_removed":["Strike_G"],"damage_healed":0.0,"max_hp_gain":0.0,"max_hp_loss":0.0,"gold_gain":0.0,"event_name":"Golden Wing","player_choice":"Card Removal","floor":5.0,"gold_loss":0.0,"damage_taken":7.0},{"damage_healed":0.0,"max_hp_gain":0.0,"max_hp_loss":0.0,"gold_gain":0.0,"event_name":"The Woman in Blue","player_choice":"Bought 0 Potions","floor":19.0,"gold_loss":0.0,"damage_taken":0.0},{"damage_healed":0.0,"max_hp_gain":0.0,"max_hp_loss":0.0,"gold_gain":0.0,"event_name":"Colosseum","player_choice":"Fight","floor":31.0,"gold_loss":0.0,"damage_taken":0.0},{"damage_healed":0.0,"max_hp_gain":0.0,"max_hp_loss":0.0,"gold_gain":0.0,"event_name":"Colosseum","player_choice":"Fled From Nobs","floor":31.0,"gold_loss":0.0,"damage_taken":0.0},{"damage_healed":0.0,"max_hp_gain":0.0,"max_hp_loss":0.0,"gold_gain":0.0,"event_name":"SensoryStone","player_choice":"Memory 1","floor":36.0,"gold_loss":0.0,"damage_taken":0.0},{"cards_removed":["Dagger Spray"],"damage_healed":0.0,"max_hp_gain":0.0,"max_hp_loss":0.0,"gold_gain":0.0,"event_name":"Falling","player_choice":"Removed Attack","floor":39.0,"gold_loss":0.0,"damage_taken":0.0}],"is_beta":true,"boss_relics":[{"not_picked":["HoveringKite","White Beast Statue"],"picked":"Sozu"},{"not_picked":["Tiny House","Cursed Key"],"picked":"Eternal Feather"}],"items_purged_floors":[20],"is_endless":false,"potions_floor_spawned":[7,12,16,21,24,31,35,37,38],"killed_by":"Reptomancer","ascension_level":20}