{"gold_per_floor":[219,219,235,235,53,80,80,155,155,155,184,201,227,177,177,280,280,295,295,308,320,333,333,364,364,437,470,489,449,181,194,194,298,298,314,337,337,437,448,448,477,477,531,551,27,27,0,10,10,10],"floor_reached":51,"playtime":1821,"items_purged":["Strike_R","Defend_R"],"score":947,"play_id":"43291c46-bef7-4a67-9890-76af80f1723a","local_time":"20190821162847","is_ascension_mode":true,"campfire_choices":[{"data":"Twin Strike","floor":7,"key":"SMITH"},{"floor":10,"key":"REST"},{"data":"Whirlwind","floor":15,"key":"SMITH"},{"data":"Inflame","floor":23,"key":"SMITH"},{"data":"Armaments","floor":25,"key":"SMITH"},{"floor":32,"key":"REST"},{"data":"Apotheosis","floor":40,"key":"SMITH"},{"data":"Offering","floor":42,"key":"SMITH"},{"data":"Offering","floor":49,"key":"SMITH"}],"neow_cost":"NONE","seed_source_timestamp":99893478058600,"circlet_count":0,"master_deck":["Strike_R+1","Strike_R","Strike_R","Defend_R","Defend_R","Defend_R+1","Bash+1","Iron Wave","Twin Strike+1","Shrug It Off","Metallicize","Wild Strike","Whirlwind+1","Clothesline","Clash","Offering+1","Ghostly Armor+1","Body Slam+1","Shockwave","Inflame+1","Armaments+1","Power Through+1","Pommel Strike+1","Apotheosis+1","Iron Wave+1","Twin Strike+1","Immolate+1","Infernal Blade+1","Madness","Madness","Offering+1","Pommel Strike+1","Demon Form+1","Finesse","Clothesline+1"],"relics":["Burning Blood","Peace Pipe","Potion Belt","FossilizedHelix","Paper Frog","Smiling Mask","Sozu","Bag of Preparation","Molten Egg 2","Blood Vial","Coffee Dripper","Regal Pillow","Dead Branch","Frozen Egg 2","Centennial Puzzle","Kunai","Strawberry","Red Mask"],"potions_floor_usage":[11,50],"damage_taken":[{"damage":7,"enemies":"Jaw Worm","floor":1,"turns":3},{"damage":5,"enemies":"2 Louse","floor":3,"turns":3},{"damage":21,"enemies":"Gremlin Nob","floor":6,"turns":5},{"damage":15,"enemies":"Lagavulin","floor":11,"turns":4},{"damage":0,"enemies":"Small Slimes","floor":12,"turns":3},{"damage":21,"enemies":"Gremlin Nob","floor":13,"turns":5},{"damage":15,"enemies":"Slime Boss","floor":16,"turns":9},{"damage":12,"enemies":"Shell Parasite","floor":18,"turns":4},{"damage":3,"enemies":"2 Thieves","floor":20,"turns":4},{"damage":12,"enemies":"Chosen and Byrds","floor":21,"turns":5},{"damage":24,"enemies":"Cultist and Chosen","floor":22,"turns":7},{"damage":21,"enemies":"Book of Stabbing","floor":24,"turns":4},{"damage":2,"enemies":"Gremlin Leader","floor":27,"turns":4},{"damage":7,"enemies":"Snecko","floor":28,"turns":6},{"damage":12,"enemies":"Chosen and Byrds","floor":31,"turns":5},{"damage":59,"enemies":"Champ","floor":33,"turns":11},{"damage":14,"enemies":"3 Darklings","floor":35,"turns":3},{"damage":6,"enemies":"Mind Bloom Boss Battle","floor":38,"turns":3},{"damage":0,"enemies":"Orb Walker","floor":39,"turns":2},{"damage":0,"enemies":"Nemesis","floor":41,"turns":5},{"damage":0,"enemies":"4 Shapes","floor":44,"turns":3},{"damage":8,"enemies":"Jaw Worm Horde","floor":48,"turns":2},{"damage":27,"enemies":"Time Eater","floor":50,"turns":8}],"seed_played":"-4153760065680354868","potions_obtained":[{"floor":6,"key":"FearPotion"},{"floor":11,"key":"SmokeBomb"}],"is_trial":false,"path_per_floor":["M","?","M","?","$","E","R","?","T","R","E","M","E","?","R","B",null,"M","?","M","M","M","R","E","R","T","E","M","?","$","M","R","B",null,"M","T","?","?","M","R","E","R","T","M","$","?","?","M","R","B",null],"character_chosen":"IRONCLAD","items_purchased":["Shrug It Off","Metallicize","Fire Potion","Apotheosis","Iron Wave+1","Kunai","Strawberry","Demon Form+1"],"campfire_rested":2,"item_purchase_floors":[5,5,5,30,30,45,45,45],"current_hp_per_floor":[79,72,73,57,57,42,42,31,31,55,46,52,37,37,37,28,80,74,74,77,71,53,53,38,38,38,42,43,43,43,39,63,12,80,72,72,62,64,72,72,80,80,80,80,87,87,87,85,85,66],"gold":10,"neow_bonus":"HUNDRED_GOLD","is_prod":false,"is_daily":false,"chose_seed":false,"campfire_upgraded":7,"win_rate":0,"timestamp":1566372527,"path_taken":["M","?","M","?","?","E","R","?","T","R","E","M","E","?","R","BOSS","M","?","M","M","?","R","E","R","T","E","M","?","$","M","R","BOSS","M","?","?","?","?","R","E","R","T","M","$","?","?","M","R","BOSS"],"build_version":"2019-07-17","purchased_purges":2,"victory":true,"max_hp_per_floor":[80,80,80,80,80,80,80,80,80,80,80,80,80,80,80,80,80,80,80,80,80,80,80,80,80,80,80,80,80,80,80,80,80,80,80,80,80,80,80,80,80,80,80,80,87,87,87,87,87,87],"card_choices":[{"not_picked":["Thunderclap","Twin Strike"],"picked":"Iron Wave","floor":1},{"not_picked":["Berserk","True Grit"],"picked":"Twin Strike","floor":3},{"not_picked":["Havoc","Rupture"],"picked":"Wild Strike","floor":6},{"not_picked":["Havoc","Wild Strike"],"picked":"Whirlwind","floor":11},{"not_picked":["Wild Strike","Sword Boomerang"],"picked":"Clothesline","floor":12},{"not_picked":["Brutality","Havoc"],"picked":"Clash","floor":13},{"not_picked":["Double Tap","Bludgeon"],"picked":"Offering","floor":16},{"not_picked":["Carnage","Perfected Strike"],"picked":"Ghostly Armor","floor":18},{"not_picked":["Wild Strike","Bloodletting+1"],"picked":"Body Slam+1","floor":20},{"not_picked":["Flex","True Grit"],"picked":"Shockwave","floor":21},{"not_picked":["Intimidate","Sword Boomerang"],"picked":"Inflame","floor":22},{"not_picked":["Havoc","Entrench"],"picked":"Armaments","floor":24},{"not_picked":["Berserk","Intimidate"],"picked":"Power Through+1","floor":27},{"not_picked":["Perfected Strike+1","Flex"],"picked":"Pommel Strike+1","floor":28},{"not_picked":["Warcry","Sentinel"],"picked":"Twin Strike+1","floor":31},{"not_picked":["Impervious","Double Tap"],"picked":"Immolate+1","floor":33},{"not_picked":["Perfected Strike+1","Bloodletting+1"],"picked":"Infernal Blade+1","floor":35},{"not_picked":["Havoc+1","Warcry","Power Through"],"picked":"SKIP","floor":39},{"not_picked":["Perfected Strike+1","Reckless Charge+1"],"picked":"Offering","floor":41},{"not_picked":["Anger+1","Shockwave"],"picked":"Pommel Strike+1","floor":44},{"not_picked":["Chrysalis","Transmutation"],"picked":"Finesse","floor":46},{"not_picked":["Ghostly Armor","Armaments"],"picked":"Clothesline+1","floor":48}],"player_experience":216011,"relics_obtained":[{"floor":6,"key":"Potion Belt"},{"floor":9,"key":"FossilizedHelix"},{"floor":11,"key":"Paper Frog"},{"floor":13,"key":"Smiling Mask"},{"floor":24,"key":"Bag of Preparation"},{"floor":26,"key":"Molten Egg 2"},{"floor":27,"key":"Blood Vial"},{"floor":36,"key":"Regal Pillow"},{"floor":38,"key":"Dead Branch"},{"floor":41,"key":"Frozen Egg 2"},{"floor":43,"key":"Centennial Puzzle"}],"event_choices":[{"damage_healed":0,"gold_gain":0,"player_choice":"Success","damage_taken":7,"relics_obtained":["Peace Pipe"],"max_hp_gain":0,"max_hp_loss":0,"event_name":"Scrap Ooze","floor":2,"gold_loss":0},{"damage_healed":0,"gold_gain":0,"player_choice":"Entered Light","damage_taken":16,"max_hp_gain":0,"max_hp_loss":0,"event_name":"Shining Light","floor":4,"gold_loss":0,"cards_upgraded":["Defend_R","Bash"]},{"damage_healed":0,"gold_gain":75,"player_choice":"Gather Gold","damage_taken":11,"max_hp_gain":0,"max_hp_loss":0,"event_name":"World of Goop","floor":8,"gold_loss":0},{"cards_removed":["Strike_R"],"damage_healed":0,"gold_gain":0,"player_choice":"Card Removal","damage_taken":0,"max_hp_gain":0,"max_hp_loss":0,"event_name":"The Cleric","floor":14,"gold_loss":50},{"damage_healed":0,"gold_gain":0,"player_choice":"Got Potions","damage_taken":0,"max_hp_gain":0,"max_hp_loss":0,"event_name":"Lab","floor":19,"gold_loss":0},{"damage_healed":0,"gold_gain":0,"player_choice":"Upgraded Two","damage_taken":0,"max_hp_gain":0,"max_hp_loss":0,"event_name":"Designer","floor":29,"gold_loss":40,"cards_upgraded":["Strike_R","Ghostly Armor"]},{"damage_healed":0,"gold_gain":0,"player_choice":"Embrace Madness","damage_taken":10,"max_hp_gain":0,"max_hp_loss":0,"event_name":"Winding Halls","floor":37,"gold_loss":0,"cards_obtained":["Madness","Madness"]},{"damage_healed":0,"gold_gain":0,"player_choice":"Fight","damage_taken":0,"max_hp_gain":0,"max_hp_loss":0,"event_name":"MindBloom","floor":38,"gold_loss":0},{"damage_healed":0,"gold_gain":0,"player_choice":"Memory 1","damage_taken":0,"max_hp_gain":0,"max_hp_loss":0,"event_name":"SensoryStone","floor":46,"gold_loss":0},{"damage_healed":0,"gold_gain":0,"player_choice":"Paid","damage_taken":0,"relics_obtained":["Red Mask"],"max_hp_gain":0,"max_hp_loss":0,"event_name":"Tomb of Lord Red Mask","floor":47,"gold_loss":27}],"is_beta":false,"boss_relics":[{"not_picked":["Lizard Tail","Ectoplasm"],"picked":"Sozu"},{"not_picked":["Empty Cage","Orrery"],"picked":"Coffee Dripper"}],"items_purged_floors":[30,45],"is_endless":false,"potions_floor_spawned":[6,11,21,22,33,35,41,48],"ascension_level":4}