{"gold_per_floor":[116,133,83,98,98,98,127,127,154,154,180,180,198,211,211,307,307,320,245,27,27,46,46,60,60,87,105,125,125,160,171,171,267,267,278,278,278,289,302,302,55,74,74,88,88,115,115,16,16,16],"floor_reached":51,"playtime":5371,"items_purged":["Strike_R","Cleave"],"score":784,"play_id":"6965c633-39bd-414a-9481-8e725fea39fa","local_time":"20181016215222","is_ascension_mode":true,"campfire_choices":[{"data":"Inflame","floor":6.0,"key":"SMITH"},{"data":"Intimidate","floor":8.0,"key":"SMITH"},{"data":"Pommel Strike","floor":12.0,"key":"SMITH"},{"data":"Heavy Blade","floor":15.0,"key":"SMITH"},{"data":"Limit Break","floor":23,"key":"SMITH"},{"data":"Body Slam","floor":25,"key":"SMITH"},{"floor":32,"key":"REST"},{"data":"Madness","floor":40,"key":"SMITH"},{"data":"Madness","floor":47,"key":"SMITH"},{"floor":49,"key":"REST"}],"neow_cost":"NONE","seed_source_timestamp":0,"circlet_count":0,"master_deck":["Defend_R+1","Defend_R+1","Defend_R+1","Bash+1","Body Slam+1","Inflame+1","Pommel Strike+1","Intimidate+1","Heavy Blade+1","Limit Break+1","Uppercut+1","Body Slam+1","Shrug It Off","Double Tap+1","Madness+1","Madness+1","Pommel Strike+1","Iron Wave","Warcry+1","Headbutt+1"],"special_seed":0,"relics":["Burning Blood","Oddly Smooth Stone","Whetstone","Blood Vial","Strawberry","Mark of Pain","Red Skull","Smiling Mask","Boot","Empty Cage","Bag of Marbles","Ornamental Fan","Omamori"],"potions_floor_usage":[27,30,33,46,46,50,50,50],"damage_taken":[{"damage":5.0,"enemies":"Jaw Worm","floor":1.0,"turns":5.0},{"damage":14.0,"enemies":"Small Slimes","floor":2.0,"turns":4.0},{"damage":10.0,"enemies":"2 Louse","floor":4.0,"turns":4.0},{"damage":8.0,"enemies":"Gremlin Nob","floor":7.0,"turns":3.0},{"damage":31.0,"enemies":"Lagavulin","floor":11.0,"turns":6.0},{"damage":4.0,"enemies":"2 Fungi Beasts","floor":13.0,"turns":3.0},{"damage":2.0,"enemies":"Looter","floor":14.0,"turns":2.0},{"damage":38.0,"enemies":"Hexaghost","floor":16.0,"turns":10.0},{"damage":19,"enemies":"Spheric Guardian","floor":18,"turns":4},{"damage":8,"enemies":"3 Byrds","floor":22,"turns":4},{"damage":12,"enemies":"3 Cultists","floor":24,"turns":4},{"damage":9,"enemies":"Chosen and Byrds","floor":27,"turns":5},{"damage":18,"enemies":"Snake Plant","floor":28,"turns":3},{"damage":36,"enemies":"Book of Stabbing","floor":30,"turns":5},{"damage":1,"enemies":"Snecko","floor":31,"turns":3},{"damage":37,"enemies":"Collector","floor":33,"turns":9},{"damage":11,"enemies":"3 Darklings","floor":35,"turns":5},{"damage":4,"enemies":"3 Shapes","floor":38,"turns":3},{"damage":13,"enemies":"3 Darklings","floor":39,"turns":5},{"damage":28,"enemies":"Maw","floor":42,"turns":7},{"damage":15,"enemies":"Spire Growth","floor":44,"turns":4},{"damage":5,"enemies":"Giant Head","floor":46,"turns":5},{"damage":28,"enemies":"Awakened One","floor":50,"turns":7}],"seed_played":"-3948624814869787799","potions_obtained":[{"floor":2.0,"key":"LiquidBronze"},{"floor":4.0,"key":"FearPotion"},{"floor":13.0,"key":"AttackPotion"},{"floor":18,"key":"Strength Potion"},{"floor":24,"key":"Swift Potion"},{"floor":31,"key":"Energy Potion"},{"floor":42,"key":"EssenceOfSteel"},{"floor":46,"key":"LiquidBronze"}],"is_trial":false,"path_per_floor":["M","M","?","M","?","R","E","R","T","?","E","R","M","M","R","B",null,"M","?","$","?","M","R","M","R","T","M","M","?","E","M","R","B",null,"M","?","?","M","M","R","$","M","T","M","?","E","R","$","R","B"],"character_chosen":"IRONCLAD","items_purchased":["Red Skull","Bag of Marbles","SpeedPotion","Energy Potion","PowerPotion"],"campfire_rested":2,"item_purchase_floors":[20,41,41,41,48],"current_hp_per_floor":[80,72,72,68,68,68,66,66,66,59,43,43,47,53,53,23,87,74,74,74,74,74,74,70,70,70,69,59,59,31,38,64,35,87,82,82,71,75,70,70,70,50,50,43,43,46,46,46,72,52],"gold":16,"neow_bonus":"RANDOM_COMMON_RELIC","is_prod":false,"is_daily":false,"chose_seed":false,"campfire_upgraded":8,"win_rate":0,"timestamp":1539719542,"path_taken":["M","M","?","M","?","R","E","R","T","?","E","R","M","M","R","BOSS","M","?","?","?","M","R","M","R","T","M","M","?","E","?","R","BOSS","M","?","?","M","?","R","$","M","T","M","?","E","R","$","R","BOSS"],"build_version":"2018-10-11","purchased_purges":2,"victory":true,"max_hp_per_floor":[80,80,80,80,80,80,80,80,80,80,87,87,87,87,87,87,87,87,87,87,87,87,87,87,87,87,87,87,87,87,87,87,87,87,87,87,87,87,87,87,87,87,87,87,87,87,87,87,87,87],"card_choices":[{"not_picked":["True Grit","Clash"],"picked":"Body Slam","floor":1.0},{"not_picked":["Seeing Red","Burning Pact"],"picked":"Inflame","floor":2.0},{"not_picked":["Armaments","Havoc"],"picked":"Pommel Strike","floor":4.0},{"not_picked":["Wild Strike","Corruption"],"picked":"Intimidate","floor":7.0},{"not_picked":["Combust","Clash"],"picked":"Cleave","floor":11.0},{"not_picked":["Cleave","Havoc","Sword Boomerang"],"picked":"SKIP","floor":13.0},{"not_picked":["Infernal Blade","Warcry"],"picked":"Heavy Blade","floor":14.0},{"not_picked":["Offering","Barricade"],"picked":"Limit Break","floor":16.0},{"not_picked":["Spot Weakness","Perfected Strike+1"],"picked":"Uppercut+1","floor":18},{"not_picked":["Pommel Strike","Clothesline"],"picked":"Body Slam","floor":22},{"not_picked":["Wild Strike","Headbutt","Carnage"],"picked":"SKIP","floor":24},{"not_picked":["Sword Boomerang+1","Anger","Immolate"],"picked":"SKIP","floor":27},{"not_picked":["True Grit","Sentinel+1","Perfected Strike"],"picked":"SKIP","floor":28},{"not_picked":["True Grit","Entrench"],"picked":"Shrug It Off","floor":30},{"not_picked":["Hemokinesis","Perfected Strike+1","Cleave"],"picked":"SKIP","floor":31},{"not_picked":["Berserk","Reaper"],"picked":"Double Tap","floor":33},{"not_picked":["Heavy Blade+1","Sword Boomerang","Ghostly Armor+1"],"picked":"SKIP","floor":35},{"not_picked":["Battle Trance+1","True Grit"],"picked":"Pommel Strike+1","floor":38},{"not_picked":["Evolve+1","Pummel","Headbutt"],"picked":"SKIP","floor":39},{"not_picked":["Pommel Strike+1","Body Slam+1"],"picked":"Iron Wave","floor":42},{"not_picked":["Sever Soul","Inflame"],"picked":"Warcry+1","floor":44},{"not_picked":["Thunderclap+1","Armaments"],"picked":"Headbutt+1","floor":46}],"player_experience":274040,"relics_obtained":[{"floor":7.0,"key":"Whetstone"},{"floor":9.0,"key":"Blood Vial"},{"floor":11.0,"key":"Strawberry"},{"floor":26,"key":"Smiling Mask"},{"floor":30,"key":"Boot"},{"floor":43,"key":"Ornamental Fan"},{"floor":46,"key":"Omamori"}],"event_choices":[{"event_name":"The Cleric","player_choice":"Card Removal","floor":3.0,"damage_taken":0.0},{"event_name":"Living Wall","player_choice":"Grow","floor":5.0,"damage_taken":0.0},{"event_name":"Golden Wing","player_choice":"Card Removal","floor":10.0,"damage_taken":0.0},{"event_name":"Beggar","player_choice":"Gave Gold","floor":19,"damage_taken":0},{"event_name":"Ghosts","player_choice":"Ignored","floor":21,"damage_taken":0},{"event_name":"Back to Basics","player_choice":"Simplicity","floor":29,"damage_taken":0},{"event_name":"Upgrade Shrine","player_choice":"Upgraded","floor":36,"damage_taken":0},{"event_name":"Winding Halls","player_choice":"Embrace Madness","floor":37,"damage_taken":0},{"event_name":"Mysterious Sphere","player_choice":"Ignore","floor":45,"damage_taken":0}],"is_beta":false,"boss_relics":[{"not_picked":["Lizard Tail","Black Blood"],"picked":"Mark of Pain"},{"not_picked":["Runic Cube","Pandora\u0027s Box"],"picked":"Empty Cage"}],"items_purged_floors":[20,48],"is_endless":false,"potions_floor_spawned":[2,4,13,18,24,31,42,46],"ascension_level":3}