{"gold_per_floor":[118,135,135,153,153,153,188,188,188,188,216,230,256,274,274,274],"floor_reached":16,"playtime":562,"items_purged":[],"score":144,"play_id":"4110f830-64ad-4b56-b24b-0788b7b55258","local_time":"20190812152001","is_ascension_mode":true,"campfire_choices":[{"data":"Zap","floor":6,"key":"SMITH"},{"data":"Dualcast","floor":8,"key":"SMITH"},{"data":"Streamline","floor":10,"key":"SMITH"},{"floor":15,"key":"REST"}],"neow_cost":"NONE","seed_source_timestamp":181286234665200,"circlet_count":0,"master_deck":["Strike_B","Strike_B","Defend_B","Defend_B","Defend_B","Defend_B","Zap+1","Dualcast+1","Core Surge","Coolheaded","Streamline+1","Turbo","Reinforced Body","Conserve Battery+1","Force Field+1","Cold Snap","BootSequence+1"],"relics":["Cracked Core","Singing Bowl","Shuriken","Toxic Egg 2","Ancient Tea Set"],"potions_floor_usage":[7,16],"damage_taken":[{"damage":1,"enemies":"Cultist","floor":1,"turns":3},{"damage":0,"enemies":"2 Louse","floor":2,"turns":3},{"damage":0,"enemies":"Small Slimes","floor":4,"turns":3},{"damage":15,"enemies":"Lagavulin","floor":7,"turns":6},{"damage":8,"enemies":"3 Sentries","floor":11,"turns":7},{"damage":0,"enemies":"2 Fungi Beasts","floor":12,"turns":3},{"damage":28,"enemies":"Gremlin Nob","floor":13,"turns":7},{"damage":3,"enemies":"Blue Slaver","floor":14,"turns":4},{"damage":47,"enemies":"Hexaghost","floor":16,"turns":16}],"seed_played":"-8166983926747516833","potions_obtained":[{"floor":2,"key":"Poison Potion"},{"floor":11,"key":"SpeedPotion"},{"floor":13,"key":"FearPotion"},{"floor":14,"key":"Weak Potion"}],"is_trial":false,"path_per_floor":["M","M","?","M","?","R","E","R","T","R","E","M","E","M","R","B"],"character_chosen":"DEFECT","items_purchased":[],"campfire_rested":1,"item_purchase_floors":[],"current_hp_per_floor":[74,74,74,74,74,74,61,61,61,61,53,53,25,22,45,0],"gold":274,"neow_bonus":"ONE_RANDOM_RARE_CARD","is_prod":false,"is_daily":false,"chose_seed":false,"campfire_upgraded":3,"win_rate":0,"timestamp":1565590801,"path_taken":["M","M","?","?","?","R","E","R","T","R","E","?","E","M","R","BOSS"],"build_version":"2019-07-17","purchased_purges":0,"victory":false,"max_hp_per_floor":[75,75,75,75,75,75,77,77,77,77,77,77,77,77,77,77],"card_choices":[{"not_picked":["Gash","Cold Snap"],"picked":"Coolheaded","floor":1},{"not_picked":["Undo","Genetic Algorithm"],"picked":"Streamline","floor":2},{"not_picked":["Redo","Stack"],"picked":"Turbo","floor":4},{"not_picked":["Ball Lightning","Static Discharge","Redo"],"picked":"Singing Bowl","floor":7},{"not_picked":["Steam Power","Hologram"],"picked":"Conserve Battery","floor":11},{"not_picked":["Reprogram+1","Stack+1"],"picked":"Force Field+1","floor":12},{"not_picked":["Rebound","Compile Driver"],"picked":"Cold Snap","floor":13},{"not_picked":["Fusion+1","Barrage"],"picked":"BootSequence+1","floor":14}],"player_experience":131261,"relics_obtained":[{"floor":7,"key":"Singing Bowl"},{"floor":9,"key":"Shuriken"},{"floor":11,"key":"Toxic Egg 2"},{"floor":13,"key":"Ancient Tea Set"}],"event_choices":[{"cards_removed":["Strike_B"],"damage_healed":0,"gold_gain":0,"player_choice":"Offered Basic","damage_taken":0,"max_hp_gain":0,"max_hp_loss":0,"event_name":"Bonfire Elementals","floor":3,"gold_loss":0},{"damage_healed":0,"gold_gain":0,"cards_transformed":["Strike_B"],"player_choice":"Transformed","damage_taken":0,"max_hp_gain":0,"max_hp_loss":0,"event_name":"Transmorgrifier","floor":5,"gold_loss":0,"cards_obtained":["Reinforced Body"]}],"is_beta":false,"boss_relics":[],"items_purged_floors":[],"is_endless":false,"potions_floor_spawned":[2,11,13,14],"killed_by":"Hexaghost","ascension_level":4}