{"gold_per_floor":[115,115,130,130,140,140,174,174,199,215,215,215,229,246,246,347,347,362,362,382,382,76,76,76,93,145,145,24,24,35,35,35,35],"floor_reached":33,"playtime":1279,"items_purged":["Strike_B"],"score":282,"play_id":"87d5d64e-fd1b-4695-8972-ffe65b62b49f","local_time":"20190711205720","is_ascension_mode":true,"campfire_choices":[{"data":"Coolheaded","floor":6,"key":"SMITH"},{"floor":8,"key":"REST"},{"data":"Fission","floor":12,"key":"SMITH"},{"data":"Conserve Battery","floor":15,"key":"SMITH"},{"data":"Ghostly","floor":23,"key":"SMITH"},{"data":"Ghostly","floor":27,"key":"SMITH"},{"data":"Ghostly","floor":29,"key":"SMITH"},{"data":"Ghostly","floor":32,"key":"SMITH"}],"neow_cost":"NONE","seed_source_timestamp":891052741923569,"circlet_count":0,"master_deck":["Strike_B","Strike_B+1","Defend_B","Defend_B","Defend_B","Defend_B+1","Zap","Dualcast+1","Rebound","Gash","Coolheaded+1","Darkness","Fission+1","Gash","Conserve Battery+1","Seek+1","Sweeping Beam","Sweeping Beam","Ghostly+1","Ghostly","Ghostly+1","Ghostly+1","Ghostly+1","Blizzard","Defragment","Capacitor","Defragment"],"relics":["Cracked Core","Bag of Marbles","Art of War","Boot","The Courier","Eternal Feather","Lantern","Happy Flower","War Paint"],"potions_floor_usage":[16,30,33,33],"damage_taken":[{"damage":0,"enemies":"2 Louse","floor":1,"turns":2},{"damage":0,"enemies":"Jaw Worm","floor":3,"turns":3},{"damage":0,"enemies":"Cultist","floor":5,"turns":2},{"damage":19,"enemies":"Lagavulin","floor":7,"turns":6},{"damage":6,"enemies":"Exordium Wildlife","floor":10,"turns":3},{"damage":6,"enemies":"3 Louse","floor":13,"turns":2},{"damage":0,"enemies":"Blue Slaver","floor":14,"turns":1},{"damage":8,"enemies":"Slime Boss","floor":16,"turns":7},{"damage":13,"enemies":"Chosen","floor":18,"turns":6},{"damage":2,"enemies":"Shell Parasite","floor":20,"turns":4},{"damage":4,"enemies":"Snake Plant","floor":25,"turns":5},{"damage":12,"enemies":"Centurion and Healer","floor":30,"turns":11},{"damage":42,"enemies":"Collector","floor":33,"turns":11}],"seed_played":"-5416495323833396413","potions_obtained":[{"floor":3,"key":"Poison Potion"},{"floor":13,"key":"Poison Potion"},{"floor":14,"key":"EssenceOfSteel"},{"floor":16,"key":"Poison Potion"},{"floor":25,"key":"SkillPotion"}],"is_trial":false,"path_per_floor":["M","?","M","?","M","R","E","R","T","M","?","R","M","M","R","B",null,"M","?","M","?","$","R","?","M","T","R","$","R","M","?","R","B"],"character_chosen":"DEFECT","items_purchased":["Lantern","Happy Flower","Blizzard","Capacitor"],"campfire_rested":1,"item_purchase_floors":[22,22,22,28],"current_hp_per_floor":[75,60,60,53,53,53,34,56,56,50,50,50,44,44,44,36,75,62,62,60,37,37,37,33,29,29,42,42,42,30,30,42,0],"gold":35,"neow_bonus":"RANDOM_COMMON_RELIC","is_prod":false,"is_daily":false,"chose_seed":false,"campfire_upgraded":7,"win_rate":0,"timestamp":1562846240,"path_taken":["M","?","M","?","M","R","E","R","T","M","?","R","M","?","R","BOSS","M","?","M","?","$","R","?","M","T","R","?","R","?","?","R","BOSS"],"build_version":"2019-07-05","purchased_purges":1,"victory":false,"max_hp_per_floor":[75,75,75,75,75,75,75,75,75,75,75,75,75,75,75,75,75,75,75,75,37,37,37,42,42,42,42,42,42,42,42,42,42],"card_choices":[{"not_picked":["Steam","Fusion"],"picked":"Rebound","floor":1},{"not_picked":["Barrage","Streamline"],"picked":"Gash","floor":3},{"not_picked":["Steam","Redo"],"picked":"Coolheaded","floor":5},{"not_picked":["Stack","Coolheaded"],"picked":"Darkness","floor":7},{"not_picked":["Storm","Double Energy"],"picked":"Fission","floor":10},{"not_picked":["Go for the Eyes","Tempest"],"picked":"Gash","floor":13},{"not_picked":["BootSequence","Tempest"],"picked":"Conserve Battery","floor":14},{"not_picked":["Thunder Strike","Machine Learning"],"picked":"Seek","floor":16},{"not_picked":["Conserve Battery","Coolheaded"],"picked":"Sweeping Beam","floor":18},{"not_picked":["Ball Lightning","Storm"],"picked":"Sweeping Beam","floor":20},{"not_picked":["Static Discharge","Reprogram"],"picked":"Defragment","floor":25},{"not_picked":["Fusion","Coolheaded"],"picked":"Defragment","floor":30}],"player_experience":105263,"relics_obtained":[{"floor":7,"key":"Art of War"},{"floor":9,"key":"Boot"},{"floor":26,"key":"War Paint"}],"event_choices":[{"damage_healed":0,"gold_gain":0,"player_choice":"Entered Light","damage_taken":15,"max_hp_gain":0,"max_hp_loss":0,"event_name":"Shining Light","floor":2,"gold_loss":0,"cards_upgraded":["Defend_B","Strike_B"]},{"cards_removed":["Strike_B"],"damage_healed":0,"gold_gain":0,"player_choice":"Card Removal","damage_taken":7,"max_hp_gain":0,"max_hp_loss":0,"event_name":"Golden Wing","floor":4,"gold_loss":0},{"damage_healed":0,"gold_gain":0,"player_choice":"Gave Potion","damage_taken":0,"relics_obtained":["The Courier"],"max_hp_gain":0,"max_hp_loss":0,"event_name":"WeMeetAgain","floor":11,"gold_loss":0},{"damage_healed":0,"gold_gain":0,"player_choice":"Ignored","damage_taken":0,"max_hp_gain":0,"max_hp_loss":0,"event_name":"Vampires","floor":19,"gold_loss":0},{"damage_healed":0,"gold_gain":0,"player_choice":"Became a Ghost","damage_taken":0,"max_hp_gain":0,"max_hp_loss":38,"event_name":"Ghosts","floor":21,"gold_loss":0,"cards_obtained":["Ghostly","Ghostly","Ghostly","Ghostly","Ghostly"]},{"damage_healed":0,"gold_gain":0,"player_choice":"Shed Blood","damage_taken":9,"max_hp_gain":5,"max_hp_loss":0,"event_name":"Forgotten Altar","floor":24,"gold_loss":0},{"damage_healed":0,"gold_gain":0,"player_choice":"Ignored","damage_taken":0,"max_hp_gain":0,"max_hp_loss":0,"event_name":"The Mausoleum","floor":31,"gold_loss":0}],"is_beta":false,"boss_relics":[{"not_picked":["Empty Cage","Black Star"],"picked":"Eternal Feather"}],"items_purged_floors":[28],"is_endless":false,"potions_floor_spawned":[3,13,14,16,25],"killed_by":"Collector","ascension_level":1}