{"gold_per_floor":[119,134,134,149,168,202,219,247,329,357,371,391,466,478,478,478],"floor_reached":16,"playtime":770,"items_purged":[],"score":176,"play_id":"9af74b47-6a2f-46a8-b45a-ecf588aa5884","local_time":"20190827175553","is_ascension_mode":true,"campfire_choices":[{"data":"Armaments","floor":15,"key":"SMITH"}],"neow_cost":"NONE","seed_source_timestamp":624581178758100,"circlet_count":0,"master_deck":["Strike_R","Strike_R","Strike_R","Strike_R","Strike_R","Defend_R","Defend_R","Defend_R","Defend_R","Bash","Ghostly Armor","Clothesline","Twin Strike","Searing Blow","Infernal Blade","True Grit","Seeing Red","Iron Wave+1","Shrug It Off","Headbutt+1","Armaments+1"],"relics":["Burning Blood","Orichalcum","Oddly Smooth Stone","Centennial Puzzle","Turnip","Molten Egg 2","Blue Candle"],"potions_floor_usage":[7,8,16,16,16],"damage_taken":[{"damage":0,"enemies":"Cultist","floor":1,"turns":4},{"damage":0,"enemies":"2 Louse","floor":2,"turns":3},{"damage":0,"enemies":"Jaw Worm","floor":4,"turns":3},{"damage":4,"enemies":"2 Fungi Beasts","floor":5,"turns":3},{"damage":19,"enemies":"3 Sentries","floor":6,"turns":10},{"damage":9,"enemies":"Gremlin Gang","floor":7,"turns":9},{"damage":16,"enemies":"Gremlin Nob","floor":8,"turns":5},{"damage":22,"enemies":"3 Sentries","floor":10,"turns":9},{"damage":9,"enemies":"Large Slime","floor":11,"turns":6},{"damage":9,"enemies":"2 Fungi Beasts","floor":12,"turns":3},{"damage":0,"enemies":"Red Slaver","floor":14,"turns":3},{"damage":46,"enemies":"Slime Boss","floor":16,"turns":11}],"seed_played":"-7571734352138469153","potions_obtained":[{"floor":1,"key":"Swift Potion"},{"floor":6,"key":"Regen Potion"},{"floor":7,"key":"SpeedPotion"},{"floor":10,"key":"SkillPotion"},{"floor":11,"key":"SpeedPotion"}],"is_trial":false,"path_per_floor":["M","M","T","M","M","E","M","E","T","E","M","M","?","M","R","B"],"character_chosen":"IRONCLAD","items_purchased":[],"campfire_rested":0,"item_purchase_floors":[],"current_hp_per_floor":[78,80,80,80,80,67,79,69,69,53,50,47,36,42,42,0],"gold":478,"neow_bonus":"RANDOM_COMMON_RELIC","is_prod":false,"is_daily":false,"chose_seed":false,"campfire_upgraded":1,"win_rate":0,"timestamp":1566896153,"path_taken":["M","M","?","M","M","E","M","E","T","E","?","M","?","M","R","BOSS"],"build_version":"2019-07-17","purchased_purges":0,"victory":false,"max_hp_per_floor":[80,80,80,80,80,80,80,80,80,80,80,80,80,80,80,80],"card_choices":[{"not_picked":["Sever Soul","Burning Pact"],"picked":"Ghostly Armor","floor":1},{"not_picked":["Wild Strike","Flex"],"picked":"Clothesline","floor":2},{"not_picked":["Flex","Pummel"],"picked":"Twin Strike","floor":4},{"not_picked":["Rage","Anger"],"picked":"Searing Blow","floor":5},{"not_picked":["Metallicize","Second Wind"],"picked":"Infernal Blade","floor":6},{"not_picked":["Searing Blow","Clash"],"picked":"True Grit","floor":7},{"not_picked":["Wild Strike","Havoc"],"picked":"Seeing Red","floor":8},{"not_picked":["Second Wind","Fiend Fire+1"],"picked":"Iron Wave+1","floor":10},{"not_picked":["Sword Boomerang+1","Cleave+1"],"picked":"Shrug It Off","floor":11},{"not_picked":["Dual Wield","Sever Soul+1"],"picked":"Headbutt+1","floor":12},{"not_picked":["Wild Strike+1","Flex"],"picked":"Armaments","floor":14}],"player_experience":261481,"relics_obtained":[{"floor":3,"key":"Oddly Smooth Stone"},{"floor":6,"key":"Centennial Puzzle"},{"floor":8,"key":"Turnip"},{"floor":9,"key":"Molten Egg 2"},{"floor":10,"key":"Blue Candle"}],"event_choices":[{"damage_healed":0,"gold_gain":75,"player_choice":"Gather Gold","damage_taken":11,"max_hp_gain":0,"max_hp_loss":0,"event_name":"World of Goop","floor":13,"gold_loss":0}],"is_beta":false,"boss_relics":[],"items_purged_floors":[],"is_endless":false,"potions_floor_spawned":[1,6,7,10,11],"killed_by":"Slime Boss","ascension_level":8}