{"gold_per_floor":[210,57,68,78,28,28,62,80,104,115,190,190,190,222,222,322,322,336,336,348,448,448,480,480,499,499,516,534,554,580,208,208,306,306,326,326,326,47,67,98,98,113,164,197,197,214,214,244,244,244,244,244,58,84,84],"floor_reached":55,"playtime":4063,"items_purged":["Strike_G","Parasite","Strike_G","Strike_G"],"score":805,"play_id":"652463c2-b22a-4b5d-8d42-69484f465548","local_time":"20190612213330","is_ascension_mode":false,"campfire_choices":[{"data":"Neutralize","floor":6,"key":"SMITH"},{"floor":15,"key":"REST"},{"floor":24,"key":"RECALL"},{"data":"A Thousand Cuts","floor":32,"key":"SMITH"},{"data":"Envenom","floor":41,"key":"SMITH"},{"data":"After Image","floor":45,"key":"SMITH"},{"data":"Footwork","floor":49,"key":"SMITH"},{"data":"Cloak And Dagger","floor":52,"key":"SMITH"}],"neow_cost":"NONE","seed_source_timestamp":77209410851169,"circlet_count":0,"master_deck":["Defend_G","Defend_G","Defend_G+1","Defend_G","Defend_G","Strike_G+1","Survivor+1","Neutralize+1","Cloak And Dagger+1","Infinite Blades","Slice","Dagger Spray","Well Laid Plans+1","Dagger Spray","After Image+1","Slice","Finisher","Accuracy+1","Backstab","PiercingWail+1","A Thousand Cuts+1","Infinite Blades","Envenom+1","Footwork+1","Flash of Steel","Backflip+1","Leg Sweep+1","Endless Agony+1","Terror+1","Caltrops","Endless Agony+1"],"relics":["Ring of the Snake","Pen Nib","Vajra","War Paint","Eternal Feather","Turnip","Letter Opener","PreservedInsect","Bag of Preparation","Bottled Lightning","Lantern","Cursed Key","Omamori","Anchor","Juzu Bracelet","Meat on the Bone","Blood Vial","Centennial Puzzle"],"potions_floor_usage":[7,7,14,19,20,21,27,30,33,40,46,46,55,55,55],"damage_taken":[{"damage":5,"enemies":"Cultist","floor":1,"turns":4},{"damage":2,"enemies":"Jaw Worm","floor":3,"turns":4},{"damage":0,"enemies":"2 Louse","floor":4,"turns":3},{"damage":27,"enemies":"Gremlin Nob","floor":7,"turns":5},{"damage":0,"enemies":"Large Slime","floor":8,"turns":4},{"damage":2,"enemies":"Lots of Slimes","floor":10,"turns":3},{"damage":3,"enemies":"Lagavulin","floor":14,"turns":8},{"damage":25,"enemies":"Slime Boss","floor":16,"turns":10},{"damage":0,"enemies":"Shell Parasite","floor":18,"turns":5},{"damage":7,"enemies":"2 Thieves","floor":20,"turns":3},{"damage":1,"enemies":"Colosseum Slavers","floor":21,"turns":5},{"damage":0,"enemies":"Colosseum Nobs","floor":21,"turns":6},{"damage":5,"enemies":"Book of Stabbing","floor":23,"turns":5},{"damage":10,"enemies":"Sentry and Sphere","floor":25,"turns":4},{"damage":2,"enemies":"Cultist and Chosen","floor":27,"turns":6},{"damage":2,"enemies":"Centurion and Healer","floor":28,"turns":6},{"damage":0,"enemies":"Snake Plant","floor":29,"turns":4},{"damage":0,"enemies":"Slavers","floor":30,"turns":3},{"damage":32,"enemies":"Automaton","floor":33,"turns":9},{"damage":4,"enemies":"3 Shapes","floor":35,"turns":4},{"damage":5,"enemies":"3 Darklings","floor":39,"turns":4},{"damage":21,"enemies":"Nemesis","floor":40,"turns":5},{"damage":8,"enemies":"Transient","floor":42,"turns":5},{"damage":26,"enemies":"Reptomancer","floor":44,"turns":6},{"damage":9,"enemies":"Spire Growth","floor":46,"turns":5},{"damage":22,"enemies":"Giant Head","floor":48,"turns":8},{"damage":18,"enemies":"Donu and Deca","floor":50,"turns":8},{"damage":58,"enemies":"Shield and Spear","floor":54,"turns":7},{"damage":41,"enemies":"The Heart","floor":55,"turns":3}],"seed_played":"8081709929248664956","potions_obtained":[{"floor":1,"key":"LiquidBronze"},{"floor":4,"key":"Weak Potion"},{"floor":10,"key":"SkillPotion"},{"floor":19,"key":"Fruit Juice"},{"floor":19,"key":"SteroidPotion"},{"floor":19,"key":"EssenceOfSteel"},{"floor":21,"key":"Explosive Potion"},{"floor":25,"key":"SkillPotion"},{"floor":30,"key":"Dexterity Potion"},{"floor":33,"key":"Ancient Potion"},{"floor":40,"key":"LiquidBronze"},{"floor":44,"key":"Swift Potion"},{"floor":46,"key":"LiquidBronze"},{"floor":54,"key":"Dexterity Potion"}],"is_trial":false,"path_per_floor":["M","$","M","M","?","R","E","M","T","M","?","?","?","E","R","B",null,"M","?","M","?","T","E","R","M","T","M","M","M","E","$","R","B",null,"M","?","?","$","M","E","R","M","T","E","R","M","?","E","R","B",null,"R","$","E","B"],"character_chosen":"THE_SILENT","items_purchased":["Infinite Blades","Lantern","Infinite Blades","PowerPotion","Omamori","Caltrops"],"campfire_rested":1,"item_purchase_floors":[2,31,31,31,38,53],"current_hp_per_floor":[65,65,63,63,63,63,36,36,36,34,23,40,26,23,44,19,70,70,75,68,67,67,62,74,64,64,62,60,60,60,60,72,40,72,68,68,68,68,63,42,57,49,49,23,38,41,59,37,55,39,72,72,72,26,0],"gold":84,"neow_bonus":"HUNDRED_GOLD","is_prod":false,"is_daily":false,"chose_seed":false,"campfire_upgraded":6,"win_rate":0,"timestamp":1560393210,"path_taken":["M","$","M","M","?","R","E","M","T","M","?","?","?","E","R","BOSS","M","?","?","?","?","E","R","?","T","M","M","M","E","$","R","BOSS","M","?","?","?","M","E","R","M","T","E","R","M","?","E","R","BOSS","R","$","E","BOSS"],"build_version":"2019-01-23","purchased_purges":4,"victory":false,"max_hp_per_floor":[70,70,70,70,70,70,70,70,70,70,70,70,70,70,70,70,70,70,75,75,75,75,75,75,75,75,75,75,75,75,72,72,72,72,72,72,72,72,72,72,72,72,72,72,72,72,72,72,72,72,72,72,72,72,72],"card_choices":[{"not_picked":["Backstab","Blade Dance"],"picked":"Cloak And Dagger","floor":1},{"not_picked":["PiercingWail","Concentrate"],"picked":"Slice","floor":3},{"not_picked":["Prepared","Underhanded Strike"],"picked":"Dagger Spray","floor":4},{"not_picked":["Bane","Corpse Explosion"],"picked":"Well Laid Plans","floor":7},{"not_picked":["Outmaneuver","Flechettes","Masterful Stab"],"picked":"SKIP","floor":8},{"not_picked":["Acrobatics","Flechettes","Well Laid Plans"],"picked":"SKIP","floor":10},{"not_picked":["Backflip","Choke"],"picked":"Dagger Spray","floor":14},{"not_picked":["Storm of Steel","Night Terror"],"picked":"After Image","floor":16},{"not_picked":["Sucker Punch+1","Underhanded Strike"],"picked":"Slice","floor":18},{"not_picked":["Outmaneuver+1","Backflip+1"],"picked":"Finisher","floor":20},{"not_picked":["All Out Attack","Riddle With Holes"],"picked":"Accuracy+1","floor":21},{"not_picked":["PiercingWail","Poisoned Stab"],"picked":"Backstab","floor":23},{"not_picked":["Deadly Poison","PiercingWail","Eviscerate"],"picked":"SKIP","floor":25},{"not_picked":["Noxious Fumes","Well Laid Plans","Bouncing Flask"],"picked":"SKIP","floor":27},{"not_picked":["Dodge and Roll","Quick Slash"],"picked":"PiercingWail+1","floor":28},{"not_picked":["Flying Knee","Prepared","Eviscerate"],"picked":"SKIP","floor":29},{"not_picked":["Underhanded Strike+1","Setup"],"picked":"A Thousand Cuts","floor":30},{"not_picked":["Doppelganger","Wraith Form v2"],"picked":"Envenom","floor":33},{"not_picked":["Escape Plan","Underhanded Strike"],"picked":"Footwork","floor":35},{"not_picked":["Discovery","Purity"],"picked":"Flash of Steel","floor":37},{"not_picked":["PiercingWail","Sucker Punch"],"picked":"Backflip+1","floor":39},{"not_picked":["Underhanded Strike","Dodge and Roll+1"],"picked":"Leg Sweep+1","floor":40},{"not_picked":["Choke+1","Calculated Gamble","Bane+1"],"picked":"SKIP","floor":42},{"not_picked":["Flying Knee","Underhanded Strike+1","PiercingWail"],"picked":"SKIP","floor":44},{"not_picked":["Dagger Throw","Flying Knee"],"picked":"Endless Agony+1","floor":46},{"not_picked":["Accuracy","Caltrops"],"picked":"Terror+1","floor":48},{"not_picked":["Grand Finale","Backflip"],"picked":"Endless Agony+1","floor":54}],"player_experience":777595,"relics_obtained":[{"floor":7,"key":"Pen Nib"},{"floor":9,"key":"Vajra"},{"floor":14,"key":"War Paint"},{"floor":21,"key":"Turnip"},{"floor":21,"key":"Letter Opener"},{"floor":22,"key":"PreservedInsect"},{"floor":23,"key":"Bag of Preparation"},{"floor":30,"key":"Bottled Lightning"},{"floor":40,"key":"Anchor"},{"floor":43,"key":"Juzu Bracelet"},{"floor":44,"key":"Meat on the Bone"},{"floor":48,"key":"Blood Vial"},{"floor":54,"key":"Centennial Puzzle"}],"event_choices":[{"cards_removed":["Strike_G"],"damage_healed":0,"gold_gain":0,"player_choice":"Card Removal","damage_taken":0,"max_hp_gain":0,"max_hp_loss":0,"event_name":"The Cleric","floor":5,"gold_loss":50},{"damage_healed":0,"gold_gain":75,"player_choice":"Gather Gold","damage_taken":11,"max_hp_gain":0,"max_hp_loss":0,"event_name":"World of Goop","floor":11,"gold_loss":0},{"damage_healed":17,"gold_gain":0,"player_choice":"Healed and dodged fight","damage_taken":0,"max_hp_gain":0,"max_hp_loss":0,"event_name":"Mushrooms","floor":12,"gold_loss":0,"cards_obtained":["Parasite"]},{"damage_healed":0,"gold_gain":0,"player_choice":"Entered Light","damage_taken":14,"max_hp_gain":0,"max_hp_loss":0,"event_name":"Shining Light","floor":13,"gold_loss":0,"cards_upgraded":["Strike_G","Well Laid Plans"]},{"damage_healed":0,"gold_gain":0,"player_choice":"Got Potions","damage_taken":0,"max_hp_gain":0,"max_hp_loss":0,"event_name":"Lab","floor":19,"gold_loss":0},{"damage_healed":0,"gold_gain":0,"player_choice":"Fight","damage_taken":0,"max_hp_gain":0,"max_hp_loss":0,"event_name":"Colosseum","floor":21,"gold_loss":0},{"damage_healed":0,"gold_gain":0,"player_choice":"Fought Nobs","damage_taken":0,"max_hp_gain":0,"max_hp_loss":0,"event_name":"Colosseum","floor":21,"gold_loss":0},{"damage_healed":0,"gold_gain":0,"player_choice":"Ignored","damage_taken":0,"max_hp_gain":0,"max_hp_loss":0,"event_name":"Tomb of Lord Red Mask","floor":36,"gold_loss":0},{"damage_healed":0,"gold_gain":0,"player_choice":"Memory 1","damage_taken":0,"max_hp_gain":0,"max_hp_loss":0,"event_name":"SensoryStone","floor":37,"gold_loss":0},{"damage_healed":18,"gold_gain":0,"player_choice":"Writhe","damage_taken":0,"max_hp_gain":0,"max_hp_loss":0,"event_name":"Winding Halls","floor":47,"gold_loss":0,"cards_obtained":["Writhe"]}],"is_beta":false,"boss_relics":[{"not_picked":["Coffee Dripper","HoveringKite"],"picked":"Eternal Feather"},{"not_picked":["Tiny House","Snecko Eye"],"picked":"Cursed Key"}],"items_purged_floors":[2,31,38,53],"is_endless":false,"potions_floor_spawned":[1,4,10,21,21,25,30,33,40,44,46,54],"killed_by":"The Heart","ascension_level":0}