{"gold_per_floor":[115,40,60,77,77,77,89,115,115,146,146,50,85,104,104,180,180,190,465,477,487,9,9,28,47,128,162,162,162,162,522,522,593,593,609,390,401,112,130,165,165,180,203,234,234,234,24,37,37,37,37],"floor_reached":52,"playtime":2253,"items_purged":["Strike_R","Regret","Decay"],"score":2079,"play_id":"a1e4f075-caab-463d-a1aa-7fed05a96b01","local_time":"20190327101657","is_ascension_mode":true,"campfire_choices":[{"data":"Armaments","floor":6.0,"key":"SMITH"},{"data":"Bash","floor":11.0,"key":"SMITH"},{"data":"Perfected Strike","floor":15.0,"key":"SMITH"},{"floor":23.0,"key":"REST"},{"floor":30.0,"key":"REST"},{"floor":32.0,"key":"REST"},{"floor":41,"key":"REST"},{"data":"Pommel Strike","floor":45,"key":"SMITH"},{"floor":49,"key":"REST"}],"neow_cost":"NONE","seed_source_timestamp":305323025407,"circlet_count":0,"master_deck":["AscendersBane","Strike_R","Strike_R","Strike_R","Strike_R","Defend_R","Defend_R","Defend_R","Defend_R","Bash+1","Clothesline","Armaments+1","Perfected Strike+1","Feed","Carnage","Evolve+1","Pommel Strike","Feel No Pain+1","Corruption+1","Barricade+1","Clothesline","Shrug It Off","Pommel Strike+1","Flame Barrier+1","Shrug It Off+1","Shockwave+1","Feel No Pain+1","Shrug It Off+1","Exhume+1","Ghostly Armor+1","True Grit+1","Shrug It Off+1","Metallicize+1","Spot Weakness+1","Feel No Pain+1","Flame Barrier+1","Juggernaut+1","Flame Barrier+1","Metallicize+1","Battle Trance+1","Perfected Strike"],"special_seed":0,"relics":["Snecko Eye","Question Card","Frozen Egg 2","Bottled Flame","PreservedInsect","Philosopher\u0027s Stone","Toxic Egg 2","Sundial","Meat on the Bone","Mark of Pain","Happy Flower","Strawberry","Centennial Puzzle","Boot"],"potions_floor_usage":[46],"damage_taken":[{"damage":2.0,"enemies":"2 Louse","floor":1.0,"turns":3.0},{"damage":6.0,"enemies":"Cultist","floor":3.0,"turns":3.0},{"damage":2.0,"enemies":"Jaw Worm","floor":4.0,"turns":3.0},{"damage":3.0,"enemies":"Looter","floor":7.0,"turns":3.0},{"damage":0.0,"enemies":"Gremlin Nob","floor":8.0,"turns":2.0},{"damage":20.0,"enemies":"3 Sentries","floor":10.0,"turns":7.0},{"damage":3.0,"enemies":"Lagavulin","floor":13.0,"turns":4.0},{"damage":0.0,"enemies":"Gremlin Gang","floor":14.0,"turns":2.0},{"damage":6.0,"enemies":"Slime Boss","floor":16.0,"turns":6.0},{"damage":0.0,"enemies":"Chosen","floor":18.0,"turns":3.0},{"damage":33.0,"enemies":"3 Byrds","floor":20.0,"turns":5.0},{"damage":5.0,"enemies":"Snake Plant","floor":21.0,"turns":2.0},{"damage":14.0,"enemies":"Shelled Parasite and Fungi","floor":24.0,"turns":5.0},{"damage":9.0,"enemies":"3 Cultists","floor":25.0,"turns":4.0},{"damage":3.0,"enemies":"Slavers","floor":27.0,"turns":6.0},{"damage":28.0,"enemies":"Collector","floor":33.0,"turns":14.0},{"damage":0.0,"enemies":"Orb Walker","floor":35.0,"turns":6.0},{"damage":0.0,"enemies":"3 Shapes","floor":37.0,"turns":5.0},{"damage":15.0,"enemies":"Jaw Worm Horde","floor":39.0,"turns":5.0},{"damage":33,"enemies":"Reptomancer","floor":40,"turns":5},{"damage":15,"enemies":"Sphere and 2 Shapes","floor":42,"turns":7},{"damage":0,"enemies":"Giant Head","floor":44,"turns":7},{"damage":0,"enemies":"Spire Growth","floor":46,"turns":2},{"damage":0,"enemies":"Jaw Worm Horde","floor":48,"turns":4},{"damage":46,"enemies":"Donu and Deca","floor":50,"turns":8},{"damage":10,"enemies":"Time Eater","floor":51,"turns":10}],"seed_played":"-7602561547928577550","potions_obtained":[{"floor":3.0,"key":"Dexterity Potion"},{"floor":7.0,"key":"SpeedPotion"},{"floor":10.0,"key":"Explosive Potion"},{"floor":20.0,"key":"Fire Potion"},{"floor":24.0,"key":"Fire Potion"},{"floor":37.0,"key":"Fire Potion"},{"floor":42,"key":"SmokeBomb"},{"floor":48,"key":"Ancient Potion"}],"is_trial":false,"path_per_floor":["M","$","M","M","?","R","M","E","T","E","R","$","E","M","R","B",null,"M","?","M","M","$","R","M","M","T","E","?","?","R","?","R","B",null,"M","$","M","$","M","E","R","M","T","E","R","M","$","M","R","B","B",null],"character_chosen":"IRONCLAD","items_purchased":["Evolve+1","Pommel Strike","Toxic Egg 2","Flame Barrier+1","Shrug It Off+1","True Grit+1","Happy Flower","Metallicize+1","Spot Weakness+1","Flame Barrier+1","Metallicize+1","Battle Trance+1"],"campfire_rested":5,"item_purchase_floors":[12,12,22,22,22,36,36,38,38,47,47,47],"current_hp_per_floor":[66,66,60,58,63,63,60,60,60,44,44,44,45,49,49,46,83,86,86,57,52,52,82,71,62,62,62,62,62,94,44,76,60,96,99,99,102,102,93,70,109,97,97,101,101,101,101,101,137,91,81],"gold":37,"neow_bonus":"BOSS_RELIC","is_prod":false,"is_daily":false,"chose_seed":false,"campfire_upgraded":4,"win_rate":0,"timestamp":1553707017,"path_taken":["M","$","M","M","?","R","M","E","T","E","R","$","E","M","R","BOSS","M","?","?","M","$","R","M","M","T","E","?","?","R","?","R","BOSS","M","$","?","$","M","E","R","M","T","E","R","M","$","M","R","BOSS","BOSS"],"build_version":"2019-03-15","purchased_purges":3,"victory":true,"max_hp_per_floor":[75,75,75,75,80,80,80,80,80,84,84,84,88,92,92,95,95,98,98,102,102,102,102,105,105,105,108,108,108,108,108,108,108,108,111,111,114,114,120,130,130,133,133,137,137,137,137,137,137,137,137],"card_choices":[{"not_picked":["Sword Boomerang","Warcry","Flex"],"picked":"SKIP","floor":1.0},{"not_picked":["Evolve","Corruption"],"picked":"Clothesline","floor":3.0},{"not_picked":["Feel No Pain","Pummel"],"picked":"Armaments","floor":4.0},{"not_picked":["Warcry","Clash"],"picked":"Perfected Strike","floor":7.0},{"not_picked":["Inflame","Wild Strike"],"picked":"Feed","floor":8.0},{"not_picked":["Rampage","Flex","Sentinel"],"picked":"Carnage","floor":10.0},{"not_picked":["Clash","Flex","Dropkick"],"picked":"Feel No Pain+1","floor":13.0},{"not_picked":["Clash","Intimidate","Wild Strike"],"picked":"Corruption+1","floor":14.0},{"not_picked":["Limit Break","Offering","Impervious"],"picked":"Barricade+1","floor":16.0},{"not_picked":["Thunderclap+1","Sever Soul","Evolve+1"],"picked":"Clothesline","floor":18.0},{"not_picked":["Armaments","Pummel","Wild Strike"],"picked":"Shrug It Off","floor":20.0},{"not_picked":["Iron Wave+1","Flex","Searing Blow"],"picked":"Pommel Strike","floor":21.0},{"not_picked":["Fiend Fire","True Grit+1","Body Slam"],"picked":"Shockwave+1","floor":24.0},{"not_picked":["Wild Strike","Bloodletting+1","Warcry+1"],"picked":"Feel No Pain+1","floor":25.0},{"not_picked":["Metallicize+1","Brutality+1","Havoc+1"],"picked":"Shrug It Off+1","floor":27.0},{"not_picked":["Brutality+1","Offering+1","Limit Break+1"],"picked":"Exhume+1","floor":33.0},{"not_picked":["Wild Strike","Reckless Charge","Fire Breathing+1"],"picked":"Ghostly Armor+1","floor":35.0},{"not_picked":["Thunderclap","Clothesline","Iron Wave"],"picked":"Shrug It Off+1","floor":37.0},{"not_picked":["Searing Blow","Rampage+1","Armaments+1","Wild Strike+1"],"picked":"SKIP","floor":39},{"not_picked":["Fire Breathing+1","Uppercut+1","Pommel Strike"],"picked":"Feel No Pain+1","floor":40},{"not_picked":["Havoc+1","Corruption+1","Wild Strike"],"picked":"Flame Barrier+1","floor":42},{"not_picked":["Searing Blow","Cleave","Uppercut"],"picked":"Juggernaut+1","floor":44},{"not_picked":["Twin Strike","Iron Wave","Anger"],"picked":"Perfected Strike","floor":48}],"player_experience":1366815,"relics_obtained":[{"floor":8.0,"key":"Question Card"},{"floor":9.0,"key":"Frozen Egg 2"},{"floor":10.0,"key":"Bottled Flame"},{"floor":13.0,"key":"PreservedInsect"},{"floor":26.0,"key":"Sundial"},{"floor":27.0,"key":"Meat on the Bone"},{"floor":40,"key":"Strawberry"},{"floor":43,"key":"Centennial Puzzle"},{"floor":44,"key":"Boot"}],"event_choices":[{"damage_healed":0.0,"max_hp_gain":5.0,"max_hp_loss":0.0,"gold_gain":0.0,"event_name":"Big Fish","player_choice":"Donut","floor":5.0,"gold_loss":0.0,"damage_taken":0.0},{"damage_healed":0.0,"max_hp_gain":0.0,"max_hp_loss":0.0,"gold_gain":275.0,"event_name":"Golden Shrine","player_choice":"Desecrate","floor":19.0,"gold_loss":0.0,"damage_taken":0.0,"cards_obtained":["Regret"]},{"damage_healed":0.0,"max_hp_gain":0.0,"max_hp_loss":0.0,"gold_gain":0.0,"event_name":"Forgotten Altar","player_choice":"Smashed Altar","floor":28.0,"gold_loss":0.0,"damage_taken":0.0,"cards_obtained":["Decay"]},{"damage_healed":0.0,"max_hp_gain":0.0,"max_hp_loss":0.0,"gold_gain":0.0,"event_name":"Vampires","player_choice":"Ignored","floor":29.0,"gold_loss":0.0,"damage_taken":0.0},{"damage_healed":0.0,"max_hp_gain":0.0,"max_hp_loss":0.0,"gold_gain":360.0,"event_name":"Knowing Skull","player_choice":"GOLD GOLD GOLD GOLD ","floor":31.0,"potions_obtained":[],"gold_loss":0.0,"damage_taken":50.0,"cards_obtained":[]}],"is_beta":true,"boss_relics":[{"not_picked":["Coffee Dripper","Empty Cage"],"picked":"Philosopher\u0027s Stone"},{"not_picked":["Astrolabe","Runic Cube"],"picked":"Mark of Pain"}],"items_purged_floors":[2,22,38],"is_endless":false,"potions_floor_spawned":[3,7,10,20,24,37,42,46,48],"ascension_level":20}