{"gold_per_floor":[364,384,72,90,90,90,117,117,143,157,209,209,223,248,248,348,348,366,381,125,139,167,197,197,225,225,24,36,36,53,153,153,255,255,272,290,300,101,118,118,136,136,136,73,73,103,115,150,162,174],"floor_reached":50,"playtime":3503,"items_purged":["Defend_G","Strike_G"],"score":652,"play_id":"ebdd0f25-2d26-4152-b973-38e2929b2c96","local_time":"20190820073714","is_ascension_mode":false,"campfire_choices":[{"floor":6,"key":"REST"},{"data":"Acrobatics","floor":8,"key":"SMITH"},{"data":"Finisher","floor":12,"key":"SMITH"},{"floor":15,"key":"REST"},{"floor":24,"key":"REST"},{"floor":29,"key":"REST"},{"floor":32,"key":"REST"},{"data":"Tactician","floor":40,"key":"SMITH"},{"data":"Tactician","floor":42,"key":"SMITH"},{"floor":49,"key":"REST"}],"neow_cost":"PERCENT_DAMAGE","seed_source_timestamp":336636935238900,"circlet_count":0,"master_deck":["Strike_G","Strike_G","Strike_G","Strike_G","Defend_G","Defend_G","Defend_G","Defend_G","Survivor","Neutralize+1","Finisher+1","Dagger Spray","Underhanded Strike","Dagger Spray","Acrobatics+1","Underhanded Strike","Bullet Time","Poisoned Stab","Poisoned Stab","Bullet Time","A Thousand Cuts","Tactician+1","Sucker Punch","Dodge and Roll+1","Flechettes","Flying Knee","Corpse Explosion","Backflip","Sucker Punch","Outmaneuver+1","Finisher","Caltrops","Envenom","Venomology","Flying Knee+1","Choke+1","Underhanded Strike+1","Poisoned Stab+1","Envenom","Expertise","Underhanded Strike+1","Reflex+1","Flying Knee+1","Noxious Fumes","Backflip+1","Panache","Reflex+1","Tactician+1","Tactician+1","Underhanded Strike+1","Infinite Blades","Underhanded Strike+1","Quick Slash+1"],"relics":["Ring of the Snake","Prayer Wheel","Oddly Smooth Stone","Anchor","Bag of Preparation","Runic Pyramid","Membership Card","Red Mask","Question Card","Thread and Needle","Paper Crane","Molten Egg 2","Tough Bandages","Pear","HoveringKite","Blood Vial","Meat on the Bone","Lantern","MawBank"],"potions_floor_usage":[7,25,25,31,31,33,33,33,41,46,48,50,50],"damage_taken":[{"damage":1,"enemies":"Cultist","floor":1,"turns":4},{"damage":3,"enemies":"2 Louse","floor":2,"turns":2},{"damage":0,"enemies":"Small Slimes","floor":4,"turns":2},{"damage":14,"enemies":"Gremlin Nob","floor":7,"turns":4},{"damage":0,"enemies":"2 Fungi Beasts","floor":10,"turns":2},{"damage":1,"enemies":"3 Louse","floor":13,"turns":2},{"damage":18,"enemies":"3 Sentries","floor":14,"turns":6},{"damage":37,"enemies":"The Guardian","floor":16,"turns":12},{"damage":2,"enemies":"Shell Parasite","floor":18,"turns":4},{"damage":0,"enemies":"Chosen","floor":19,"turns":4},{"damage":6,"enemies":"3 Cultists","floor":21,"turns":3},{"damage":0,"enemies":"Masked Bandits","floor":22,"turns":2},{"damage":35,"enemies":"Gremlin Leader","floor":23,"turns":6},{"damage":20,"enemies":"Book of Stabbing","floor":25,"turns":4},{"damage":8,"enemies":"Snake Plant","floor":28,"turns":5},{"damage":0,"enemies":"Cultist and Chosen","floor":30,"turns":5},{"damage":0,"enemies":"Colosseum Slavers","floor":31,"turns":3},{"damage":0,"enemies":"Colosseum Nobs","floor":31,"turns":4},{"damage":23,"enemies":"Collector","floor":33,"turns":5},{"damage":0,"enemies":"3 Darklings","floor":35,"turns":6},{"damage":0,"enemies":"3 Shapes","floor":36,"turns":3},{"damage":0,"enemies":"Jaw Worm Horde","floor":37,"turns":2},{"damage":0,"enemies":"Maw","floor":39,"turns":6},{"damage":0,"enemies":"Transient","floor":41,"turns":5},{"damage":8,"enemies":"Giant Head","floor":46,"turns":8},{"damage":0,"enemies":"3 Darklings","floor":47,"turns":2},{"damage":13,"enemies":"Nemesis","floor":48,"turns":5},{"damage":76,"enemies":"Time Eater","floor":50,"turns":8}],"seed_played":"-2761072025298346828","potions_obtained":[{"floor":1,"key":"PowerPotion"},{"floor":7,"key":"Strength Potion"},{"floor":22,"key":"GamblersBrew"},{"floor":28,"key":"Swift Potion"},{"floor":30,"key":"Weak Potion"},{"floor":31,"key":"FearPotion"},{"floor":37,"key":"GamblersBrew"},{"floor":48,"key":"Poison Potion"}],"is_trial":false,"path_per_floor":["M","M","$","M","?","R","E","R","T","M","?","R","M","E","R","B",null,"M","M","$","M","?","E","R","E","T","$","M","R","M","?","R","B",null,"M","M","M","$","M","R","M","R","T","$","?","E","M","E","R","B"],"character_chosen":"THE_SILENT","items_purchased":["Prayer Wheel","Membership Card","Flying Knee","Corpse Explosion","Envenom","Molten Egg 2","Blood Vial","Panache","Underhanded Strike+1"],"campfire_rested":6,"item_purchase_floors":[3,20,20,20,27,27,38,38,44],"current_hp_per_floor":[48,45,45,45,45,66,52,52,52,52,52,52,51,33,54,17,70,68,68,68,62,62,27,48,28,28,28,20,41,41,51,75,52,80,80,80,80,80,80,80,80,80,80,80,76,68,70,59,76,0],"gold":174,"neow_bonus":"TWO_FIFTY_GOLD","is_prod":false,"is_daily":false,"chose_seed":false,"campfire_upgraded":4,"win_rate":0.0,"timestamp":1566311834,"path_taken":["M","?","$","M","?","R","E","R","T","M","?","R","M","E","R","BOSS","M","M","$","M","?","E","R","E","T","$","M","R","M","?","R","BOSS","M","M","M","$","M","R","M","R","T","$","?","E","M","E","R","BOSS"],"build_version":"2019-07-17","purchased_purges":2,"victory":false,"max_hp_per_floor":[70,70,70,70,70,70,70,70,70,70,70,70,70,70,70,70,70,70,70,70,70,70,70,70,70,70,70,70,70,70,80,80,80,80,80,80,80,80,80,80,80,80,80,80,76,76,76,76,76,76],"card_choices":[{"not_picked":["Eviscerate","Sucker Punch"],"picked":"Finisher","floor":1},{"not_picked":["Distraction","Dagger Throw"],"picked":"Dagger Spray","floor":2},{"not_picked":["Terror","Quick Slash"],"picked":"Underhanded Strike","floor":4},{"not_picked":["Outmaneuver","Backflip"],"picked":"Dagger Spray","floor":4},{"not_picked":["Prepared","Calculated Gamble"],"picked":"Acrobatics","floor":7},{"not_picked":["Terror","Backflip"],"picked":"Underhanded Strike","floor":10},{"not_picked":["Deadly Poison","Dodge and Roll"],"picked":"Bullet Time","floor":10},{"not_picked":["Masterful Stab","Dodge and Roll"],"picked":"Poisoned Stab","floor":13},{"not_picked":["Backstab","Dagger Throw"],"picked":"Poisoned Stab","floor":13},{"not_picked":["Masterful Stab","Quick Slash"],"picked":"Bullet Time","floor":14},{"not_picked":["Phantasmal Killer","Die Die Die"],"picked":"A Thousand Cuts","floor":16},{"not_picked":["Catalyst","Flying Knee"],"picked":"Tactician","floor":18},{"not_picked":["Blade Dance","Slice+1"],"picked":"Sucker Punch","floor":18},{"not_picked":["Blade Dance","Expertise"],"picked":"Dodge and Roll+1","floor":19},{"not_picked":["All Out Attack","Endless Agony+1"],"picked":"Flechettes","floor":19},{"not_picked":["Deadly Poison","Masterful Stab+1"],"picked":"Backflip","floor":21},{"not_picked":["Slice","Masterful Stab"],"picked":"Sucker Punch","floor":21},{"not_picked":["Sucker Punch","Blur"],"picked":"Outmaneuver+1","floor":22},{"not_picked":["Skewer","Endless Agony"],"picked":"Finisher","floor":23},{"not_picked":["Outmaneuver","Deadly Poison","Blade Dance"],"picked":"Caltrops","floor":25},{"not_picked":["Finisher+1","Dash+1","Footwork"],"picked":"Venomology","floor":28},{"not_picked":["Poisoned Stab+1","Expertise","Backflip"],"picked":"Flying Knee+1","floor":28},{"not_picked":["Dodge and Roll","Dash+1","Blade Dance"],"picked":"Choke+1","floor":30},{"not_picked":["Poisoned Stab+1","Blade Dance+1","Deflect"],"picked":"Underhanded Strike+1","floor":30},{"not_picked":["Quick Slash+1","Backflip","Deadly Poison"],"picked":"Poisoned Stab+1","floor":31},{"not_picked":["A Thousand Cuts","Wraith Form v2","Tools of the Trade"],"picked":"Envenom","floor":33},{"not_picked":["Quick Slash+1","Prepared+1","Bouncing Flask+1"],"picked":"Expertise","floor":35},{"not_picked":["Crippling Poison","Finisher+1","Backflip"],"picked":"Underhanded Strike+1","floor":35},{"not_picked":["Quick Slash+1","Underhanded Strike+1","Flying Knee+1"],"picked":"Reflex+1","floor":36},{"not_picked":["Calculated Gamble+1","Deflect+1","Doppelganger"],"picked":"Flying Knee+1","floor":36},{"not_picked":["Acrobatics","PiercingWail+1","Blade Dance+1"],"picked":"Noxious Fumes","floor":37},{"not_picked":["Quick Slash+1","Blur","Wraith Form v2"],"picked":"Backflip+1","floor":37},{"not_picked":["Endless Agony+1","Backstab+1","Heel Hook+1"],"picked":"Reflex+1","floor":39},{"not_picked":["Dagger Throw+1","Flechettes+1","PiercingWail+1"],"picked":"Tactician+1","floor":39},{"not_picked":["Flying Knee+1","Poisoned Stab+1","Deflect"],"picked":"Tactician","floor":41},{"not_picked":["Blur","Slice+1","Outmaneuver","Dash+1"],"picked":"SKIP","floor":41},{"not_picked":["Calculated Gamble+1","Endless Agony+1","Masterful Stab+1"],"picked":"Infinite Blades","floor":46},{"not_picked":["Bane+1","Deadly Poison","Blade Dance+1"],"picked":"Underhanded Strike+1","floor":47},{"not_picked":["Dodge and Roll+1","Sucker Punch+1","Outmaneuver+1","Deflect"],"picked":"SKIP","floor":47},{"not_picked":["Bane+1","Endless Agony+1","Deadly Poison"],"picked":"Quick Slash+1","floor":48}],"player_experience":30737,"relics_obtained":[{"floor":7,"key":"Oddly Smooth Stone"},{"floor":9,"key":"Anchor"},{"floor":14,"key":"Bag of Preparation"},{"floor":22,"key":"Red Mask"},{"floor":23,"key":"Question Card"},{"floor":25,"key":"Thread and Needle"},{"floor":26,"key":"Paper Crane"},{"floor":31,"key":"Tough Bandages"},{"floor":31,"key":"Pear"},{"floor":43,"key":"Meat on the Bone"},{"floor":46,"key":"Lantern"},{"floor":48,"key":"MawBank"}],"event_choices":[{"damage_healed":0,"gold_gain":0,"player_choice":"Grow","damage_taken":0,"max_hp_gain":0,"max_hp_loss":0,"event_name":"Living Wall","floor":5,"gold_loss":0,"cards_upgraded":["Neutralize"]},{"damage_healed":0,"gold_gain":52,"player_choice":"Gained Gold","damage_taken":0,"max_hp_gain":0,"max_hp_loss":0,"event_name":"Golden Wing","floor":11,"gold_loss":0},{"damage_healed":0,"gold_gain":0,"player_choice":"Fought Bandits","damage_taken":0,"max_hp_gain":0,"max_hp_loss":0,"event_name":"Masked Bandits","floor":22,"gold_loss":0},{"damage_healed":0,"gold_gain":0,"player_choice":"Fight","damage_taken":0,"max_hp_gain":0,"max_hp_loss":0,"event_name":"Colosseum","floor":31,"gold_loss":0},{"damage_healed":0,"gold_gain":0,"player_choice":"Fought Nobs","damage_taken":0,"max_hp_gain":0,"max_hp_loss":0,"event_name":"Colosseum","floor":31,"gold_loss":0},{"damage_healed":0,"gold_gain":0,"player_choice":"Max HP","damage_taken":0,"max_hp_gain":0,"max_hp_loss":4,"event_name":"Winding Halls","floor":45,"gold_loss":0}],"is_beta":false,"boss_relics":[{"not_picked":["Empty Cage","Ring of the Serpent"],"picked":"Runic Pyramid"},{"not_picked":["Philosopher\u0027s Stone","Runic Dome"],"picked":"HoveringKite"}],"items_purged_floors":[38,44],"is_endless":false,"potions_floor_spawned":[1,7,22,28,30,31,31,37,39,41,48],"killed_by":"Time Eater","ascension_level":0}