{"gold_per_floor":[117,117,117,117,5,38,38,73,73,91,91,166,176,21,21,100,100,114,114,29,30,30,30,62,62,174,174,174,190,200,233,233,304,304,323,333,1,1,101,101,101,15,15,15,31,60,60,71,71,71,71],"floor_reached":51,"playtime":1960,"items_purged":["Strike_G+1"],"score":1459,"play_id":"7874543a-aa81-4b85-933e-9e75c7e55165","local_time":"20190402004115","is_ascension_mode":true,"campfire_choices":[{"data":"Neutralize","floor":7.0,"key":"SMITH"},{"data":"Infinite Blades","floor":11.0,"key":"SMITH"},{"data":"Malaise","floor":15.0,"key":"SMITH"},{"data":"Cloak And Dagger","floor":23.0,"key":"SMITH"},{"floor":25.0,"key":"REST"},{"data":"Blade Dance","floor":27.0,"key":"SMITH"},{"floor":32.0,"key":"REST"},{"data":"Apotheosis","floor":40.0,"key":"SMITH"},{"floor":47,"key":"REST"},{"floor":49,"key":"REST"}],"neow_cost":"NONE","seed_source_timestamp":24577360528114,"circlet_count":0,"master_deck":["AscendersBane","Defend_G+1","Defend_G+1","Defend_G+1","Defend_G+1","Defend_G+1","Strike_G+1","Strike_G+1","Survivor","Neutralize+1","Deadly Poison","Deadly Poison","PiercingWail","Flying Knee+1","Infinite Blades+1","Bane+1","Deadly Poison","Malaise+1","A Thousand Cuts","Backflip","Cloak And Dagger+1","Blade Dance+1","Footwork","Dagger Spray","Dodge and Roll","Adrenaline","Blade Dance+1","Sucker Punch+1","Apotheosis+1","Dash","Blur","Malaise+1"],"special_seed":0,"relics":["Ring of the Snake","NeowsBlessing","Strawberry","Bird Faced Urn","Matryoshka","Mummified Hand","Gremlin Horn","Lizard Tail","Regal Pillow","Shuriken","Tiny Chest","Mercury Hourglass","The Courier","Busted Crown","Membership Card","Tingsha","OrangePellets","Whetstone","Torii"],"potions_floor_usage":[50,51],"damage_taken":[{"damage":0.0,"enemies":"Small Slimes","floor":1.0,"turns":1.0},{"damage":0.0,"enemies":"3 Sentries","floor":6.0,"turns":1.0},{"damage":0.0,"enemies":"Lagavulin","floor":8.0,"turns":1.0},{"damage":6.0,"enemies":"Jaw Worm","floor":10.0,"turns":4.0},{"damage":2.0,"enemies":"2 Louse","floor":13.0,"turns":3.0},{"damage":12.0,"enemies":"Hexaghost","floor":16.0,"turns":10.0},{"damage":5.0,"enemies":"3 Byrds","floor":18.0,"turns":5.0},{"damage":14.0,"enemies":"2 Thieves","floor":21.0,"turns":4.0},{"damage":48.0,"enemies":"Gremlin Leader","floor":24.0,"turns":8.0},{"damage":14.0,"enemies":"Cultist and Chosen","floor":29.0,"turns":6.0},{"damage":3.0,"enemies":"Chosen and Byrds","floor":30.0,"turns":6.0},{"damage":12.0,"enemies":"Book of Stabbing","floor":31.0,"turns":6.0},{"damage":65.0,"enemies":"Collector","floor":33.0,"turns":11.0},{"damage":17.0,"enemies":"3 Darklings","floor":35.0,"turns":4.0},{"damage":0.0,"enemies":"3 Shapes","floor":36.0,"turns":7.0},{"damage":0.0,"enemies":"Mind Bloom Boss Battle","floor":39.0,"turns":8.0},{"damage":8,"enemies":"Maw","floor":45,"turns":7},{"damage":49,"enemies":"Giant Head","floor":46,"turns":10},{"damage":1,"enemies":"3 Darklings","floor":48,"turns":4},{"damage":41,"enemies":"Awakened One","floor":50,"turns":17},{"damage":103,"enemies":"Donu and Deca","floor":51,"turns":11}],"seed_played":"4263654433172951155","potions_obtained":[{"floor":16.0,"key":"Explosive Potion"},{"floor":24.0,"key":"Fire Potion"},{"floor":30.0,"key":"Energy Potion"},{"floor":31.0,"key":"Ancient Potion"},{"floor":33.0,"key":"Regen Potion"},{"floor":48,"key":"Weak Potion"}],"is_trial":false,"path_per_floor":["M","?","?","T","$","E","R","E","T","M","R","?","M","$","R","B",null,"M","?","?","M","?","R","E","R","T","R","?","M","M","E","R","B",null,"M","M","$","?","?","R","?","$","T","?","M","E","R","M","R","B","B"],"character_chosen":"THE_SILENT","items_purchased":["Deadly Poison","PiercingWail","Malaise","Membership Card","Apotheosis","Dash","OrangePellets"],"campfire_rested":4,"item_purchase_floors":[5,5,14,37,37,37,42],"current_hp_per_floor":[59,52,52,59,59,59,59,59,59,55,55,44,44,44,44,34,63,62,62,62,50,50,50,6,42,42,42,42,32,35,27,63,4,56,45,51,51,51,55,55,55,55,55,55,53,10,46,51,73,53,0],"gold":71,"neow_bonus":"THREE_ENEMY_KILL","is_prod":false,"is_daily":false,"chose_seed":false,"campfire_upgraded":6,"win_rate":0,"timestamp":1554190875,"path_taken":["M","?","?","?","$","E","R","E","T","M","R","?","M","$","R","BOSS","M","?","?","M","?","R","E","R","T","R","?","M","?","E","R","BOSS","M","M","?","?","?","R","?","?","T","?","M","E","R","M","R","BOSS","BOSS"],"build_version":"2019-03-15","purchased_purges":1,"victory":false,"max_hp_per_floor":[66,66,66,73,73,73,73,73,73,73,73,73,73,73,73,73,73,73,73,73,73,73,73,73,73,73,73,73,73,73,73,73,73,73,73,73,73,73,73,73,73,73,73,73,73,73,73,73,73,73,73],"card_choices":[{"not_picked":["Blade Dance","PiercingWail"],"picked":"Deadly Poison","floor":1.0},{"not_picked":["Blade Dance","Dagger Throw"],"picked":"Flying Knee","floor":6.0},{"not_picked":["Slice","Calculated Gamble"],"picked":"Infinite Blades","floor":8.0},{"not_picked":["Tactician","Flechettes"],"picked":"Bane","floor":10.0},{"not_picked":["Dodge and Roll","Heel Hook"],"picked":"Deadly Poison","floor":13.0},{"not_picked":["Adrenaline","Burst"],"picked":"A Thousand Cuts","floor":16.0},{"not_picked":["Backstab","Sucker Punch"],"picked":"Backflip","floor":18.0},{"not_picked":["Choke+1","Noxious Fumes"],"picked":"Cloak And Dagger","floor":21.0},{"not_picked":["Reflex","Phantasmal Killer"],"picked":"Blade Dance","floor":24.0},{"not_picked":["Acrobatics","Deadly Poison"],"picked":"Footwork","floor":29.0},{"not_picked":["Flying Knee","Bouncing Flask"],"picked":"Dagger Spray","floor":30.0},{"not_picked":["Calculated Gamble","Deadly Poison"],"picked":"Dodge and Roll","floor":31.0},{"not_picked":["Tools of the Trade","Glass Knife"],"picked":"Adrenaline","floor":33.0},{"not_picked":[],"picked":"Blade Dance+1","floor":35.0},{"not_picked":[],"picked":"Sucker Punch+1","floor":36.0},{"not_picked":[],"picked":"Blur","floor":39.0},{"not_picked":["Skewer"],"picked":"SKIP","floor":45},{"not_picked":["Poisoned Stab"],"picked":"SKIP","floor":46},{"not_picked":["Quick Slash"],"picked":"SKIP","floor":48},{"not_picked":["Quick Slash"],"picked":"SKIP","floor":48}],"player_experience":1397586,"relics_obtained":[{"floor":4.0,"key":"Strawberry"},{"floor":6.0,"key":"Bird Faced Urn"},{"floor":8.0,"key":"Matryoshka"},{"floor":9.0,"key":"Mummified Hand"},{"floor":9.0,"key":"Gremlin Horn"},{"floor":24.0,"key":"Shuriken"},{"floor":26.0,"key":"Tiny Chest"},{"floor":26.0,"key":"Mercury Hourglass"},{"floor":31.0,"key":"The Courier"},{"floor":39.0,"key":"Tingsha"},{"floor":43,"key":"Whetstone"},{"floor":46,"key":"Torii"}],"event_choices":[{"cards_removed":["Strike_G"],"damage_healed":0.0,"max_hp_gain":0.0,"max_hp_loss":0.0,"gold_gain":0.0,"event_name":"Golden Wing","player_choice":"Card Removal","floor":2.0,"gold_loss":0.0,"damage_taken":7.0},{"damage_healed":0.0,"max_hp_gain":0.0,"max_hp_loss":0.0,"gold_gain":0.0,"event_name":"The Cleric","player_choice":"Leave","floor":3.0,"gold_loss":0.0,"damage_taken":0.0},{"damage_healed":0.0,"max_hp_gain":0.0,"max_hp_loss":0.0,"gold_gain":75.0,"event_name":"World of Goop","player_choice":"Gather Gold","floor":12.0,"gold_loss":0.0,"damage_taken":11.0},{"damage_healed":0.0,"max_hp_gain":0.0,"max_hp_loss":0.0,"gold_gain":0.0,"event_name":"Ghosts","player_choice":"Ignored","floor":19.0,"gold_loss":0.0,"damage_taken":0.0},{"damage_healed":0.0,"max_hp_gain":0.0,"max_hp_loss":0.0,"gold_gain":0.0,"event_name":"Addict","player_choice":"Obtained Relic","floor":20.0,"gold_loss":85.0,"damage_taken":0.0,"relics_obtained":["Regal Pillow"]},{"damage_healed":0.0,"max_hp_gain":0.0,"max_hp_loss":0.0,"gold_gain":0.0,"event_name":"Back to Basics","player_choice":"Simplicity","floor":22.0,"gold_loss":0.0,"damage_taken":0.0,"cards_upgraded":["Defend_G","Defend_G","Defend_G","Defend_G","Defend_G","Strike_G","Strike_G","Strike_G","Strike_G"]},{"damage_healed":0.0,"max_hp_gain":0.0,"max_hp_loss":0.0,"gold_gain":0.0,"event_name":"Cursed Tome","player_choice":"Ignored","floor":28.0,"gold_loss":0.0,"damage_taken":0.0},{"cards_removed":["Strike_G"],"damage_healed":0.0,"max_hp_gain":0.0,"max_hp_loss":0.0,"gold_gain":0.0,"event_name":"Falling","player_choice":"Removed Attack","floor":38.0,"gold_loss":0.0,"damage_taken":0.0},{"damage_healed":0.0,"max_hp_gain":0.0,"max_hp_loss":0.0,"gold_gain":0.0,"event_name":"MindBloom","player_choice":"Fight","floor":39.0,"gold_loss":0.0,"damage_taken":0.0},{"damage_healed":0,"gold_gain":0,"player_choice":"Ignored","damage_taken":0,"max_hp_gain":0,"max_hp_loss":0,"event_name":"Mysterious Sphere","floor":41,"gold_loss":0},{"damage_healed":0,"gold_gain":0,"player_choice":"Copied","damage_taken":0,"max_hp_gain":0,"max_hp_loss":0,"event_name":"Duplicator","floor":44,"gold_loss":0,"cards_obtained":["Malaise"]}],"is_beta":true,"boss_relics":[{"not_picked":["Snecko Eye","WristBlade"],"picked":"Lizard Tail"},{"not_picked":["Ring of the Serpent","Cursed Key"],"picked":"Busted Crown"}],"items_purged_floors":[37],"is_endless":false,"potions_floor_spawned":[16,24,30,31,33,39,46,48],"killed_by":"Donu and Deca","ascension_level":20}