{"gold_per_floor":[116,130,43,43,43,43,56,56,56,56,56,56,56,56],"floor_reached":14,"playtime":198,"items_purged":[],"score":152,"play_id":"a8e83328-4788-4289-bcf3-80106e71ce81","local_time":"20190103130730","is_ascension_mode":true,"campfire_choices":[{"data":"Loop","floor":6,"key":"SMITH"},{"data":"Hologram","floor":8,"key":"SMITH"},{"data":"Coolheaded","floor":10,"key":"SMITH"},{"data":"Stack","floor":13,"key":"SMITH"}],"neow_cost":"NONE","seed_source_timestamp":38850532576276,"circlet_count":0,"master_deck":["AscendersBane","Strike_B","Strike_B","Strike_B","Strike_B","Defend_B","Defend_B","Defend_B","Defend_B","Zap+1","Dualcast","Stack+1","Coolheaded+1","Loop+1","Regret","Hologram+1"],"special_seed":0,"relics":["Velvet Choker","Matryoshka","Boot","Golden Idol"],"potions_floor_usage":[],"damage_taken":[{"damage":0.0,"enemies":"Small Slimes","floor":1.0,"turns":3.0},{"damage":2,"enemies":"Cultist","floor":2,"turns":4},{"damage":12,"enemies":"2 Louse","floor":7,"turns":4},{"damage":40,"enemies":"Gremlin Nob","floor":14,"turns":4}],"seed_played":"4496162616167248597","potions_obtained":[{"floor":12,"key":"Explosive Potion"},{"floor":12,"key":"SteroidPotion"}],"is_trial":false,"path_per_floor":["M","M","$","?","?","R","M","R","T","R","?","?","R","E"],"character_chosen":"DEFECT","items_purchased":["Loop"],"campfire_rested":0,"item_purchase_floors":[3],"current_hp_per_floor":[64,62,62,62,62,62,50,50,50,50,50,50,50,10],"gold":56,"neow_bonus":"BOSS_RELIC","is_prod":false,"is_daily":false,"chose_seed":false,"campfire_upgraded":4,"win_rate":0,"timestamp":1546549650,"path_taken":["M","M","$","?","?","R","?","R","T","R","?","?","R","E"],"build_version":"2019-01-02","purchased_purges":0,"victory":false,"max_hp_per_floor":[71,71,71,71,71,71,71,71,71,71,64,64,64,64],"card_choices":[{"not_picked":["Beam Cell","Static Discharge"],"picked":"Stack","floor":1},{"not_picked":["Recycle","Compile Driver"],"picked":"Coolheaded","floor":2},{"not_picked":["Storm","Sweeping Beam"],"picked":"Hologram","floor":7}],"player_experience":996632,"relics_obtained":[{"floor":9,"key":"Boot"}],"event_choices":[{"damage_healed":0,"gold_gain":0,"player_choice":"Box","damage_taken":0,"relics_obtained":["Matryoshka"],"max_hp_gain":0,"max_hp_loss":0,"event_name":"Big Fish","floor":4,"gold_loss":0,"cards_obtained":["Regret"]},{"damage_healed":0,"gold_gain":0,"player_choice":"Upgraded","damage_taken":0,"max_hp_gain":0,"max_hp_loss":0,"event_name":"Upgrade Shrine","floor":5,"gold_loss":0,"cards_upgraded":["Zap"]},{"damage_healed":0,"gold_gain":0,"player_choice":"Lose Max HP","damage_taken":0,"relics_obtained":["Golden Idol"],"max_hp_gain":0,"max_hp_loss":7,"event_name":"Golden Idol","floor":11,"gold_loss":0},{"damage_healed":0,"gold_gain":0,"player_choice":"Got Potions","damage_taken":0,"max_hp_gain":0,"max_hp_loss":0,"event_name":"Lab","floor":12,"gold_loss":0}],"is_beta":true,"boss_relics":[],"items_purged_floors":[],"is_endless":false,"potions_floor_spawned":[],"killed_by":"Gremlin Nob","ascension_level":20}