{"gold_per_floor":[114,60,60,60,135,167,41,41,41,75,92,112,123,150,150,150],"floor_reached":16,"playtime":349,"items_purged":[],"score":336,"play_id":"4f02129b-1f4a-4b11-81a6-8d31535717c9","local_time":"20190301125922","is_ascension_mode":true,"campfire_choices":[{"data":"Neutralize","floor":8,"key":"SMITH"},{"data":"Cloak And Dagger","floor":15,"key":"SMITH"}],"neow_cost":"NONE","seed_source_timestamp":1282969680139,"circlet_count":0,"master_deck":["AscendersBane","Defend_G","Defend_G","Defend_G","Defend_G","Defend_G","Strike_G","Strike_G","Strike_G","Strike_G","Strike_G","Survivor","Neutralize+1","Dagger Spray","Backflip","Leg Sweep","Footwork","Backflip","Leg Sweep","Slice","Riddle With Holes","Cloak And Dagger+1"],"relics":["Ring of the Snake","NeowsBlessing","Sundial","Smiling Mask","Shuriken","Letter Opener","Bottled Lightning"],"potions_floor_usage":[13],"damage_taken":[{"damage":0,"enemies":"Jaw Worm","floor":1,"turns":1},{"damage":0,"enemies":"3 Sentries","floor":6,"turns":1},{"damage":0,"enemies":"Lagavulin","floor":10,"turns":1},{"damage":0,"enemies":"2 Louse","floor":11,"turns":4},{"damage":0,"enemies":"Cultist","floor":12,"turns":5},{"damage":6,"enemies":"Red Slaver","floor":13,"turns":3},{"damage":16,"enemies":"3 Sentries","floor":14,"turns":8},{"damage":15,"enemies":"Hexaghost","floor":16,"turns":10}],"seed_played":"7284178804465210852","potions_obtained":[{"floor":10,"key":"SkillPotion"}],"is_trial":false,"path_per_floor":["M","$","?","?","?","E","$","R","T","E","M","M","M","E","R","B"],"character_chosen":"THE_SILENT","items_purchased":["Backflip","Footwork","Backflip"],"campfire_rested":0,"item_purchase_floors":[2,7,7],"current_hp_per_floor":[59,59,64,59,48,48,48,48,48,48,48,48,42,26,26,11],"gold":150,"neow_bonus":"THREE_ENEMY_KILL","is_prod":false,"is_daily":false,"chose_seed":false,"campfire_upgraded":2,"win_rate":0,"timestamp":1551473962,"path_taken":["M","$","?","?","?","E","?","R","T","E","M","M","M","E","R","BOSS"],"build_version":"2019-02-06","purchased_purges":0,"victory":false,"max_hp_per_floor":[66,66,71,71,71,71,71,71,71,71,71,71,71,71,71,71],"card_choices":[{"not_picked":["Dodge and Roll","Underhanded Strike"],"picked":"Dagger Spray","floor":1},{"not_picked":["Slice","Prepared"],"picked":"Leg Sweep","floor":6},{"not_picked":["Concentrate","Finisher"],"picked":"Leg Sweep","floor":10},{"not_picked":["Well Laid Plans","Bane"],"picked":"Slice","floor":11},{"not_picked":["Dagger Throw","Expertise"],"picked":"Riddle With Holes","floor":12},{"not_picked":["Sucker Punch","Tactician"],"picked":"Cloak And Dagger","floor":14}],"player_experience":1252803,"relics_obtained":[{"floor":6,"key":"Smiling Mask"},{"floor":9,"key":"Shuriken"},{"floor":10,"key":"Letter Opener"},{"floor":14,"key":"Bottled Lightning"}],"event_choices":[{"damage_healed":0,"gold_gain":0,"player_choice":"Donut","damage_taken":0,"max_hp_gain":5,"max_hp_loss":0,"event_name":"Big Fish","floor":3,"gold_loss":0},{"damage_healed":0,"gold_gain":0,"player_choice":"Success","damage_taken":5,"relics_obtained":["Sundial"],"max_hp_gain":0,"max_hp_loss":0,"event_name":"Scrap Ooze","floor":4,"gold_loss":0},{"damage_healed":0,"gold_gain":75,"player_choice":"Gather Gold","damage_taken":11,"max_hp_gain":0,"max_hp_loss":0,"event_name":"World of Goop","floor":5,"gold_loss":0}],"is_beta":true,"boss_relics":[],"items_purged_floors":[],"is_endless":false,"potions_floor_spawned":[10],"killed_by":"Hexaghost","ascension_level":20}