{"gold_per_floor":[112,131,143,143,64,64,99,99,148,163,42,70,70,81,81,184,184,200,188,188,203,223,223,249,249,249,249,266,279,299,310,310,409,409,429,329,329,341,354,386,386,396,396,409,409,65,65,75,75,75],"floor_reached":51,"playtime":3303,"items_purged":["Strike_R","Strike_R"],"score":763,"play_id":"7a81e7f4-bc14-4f24-8887-9f69e626cd1a","local_time":"20180822111802","is_ascension_mode":false,"campfire_choices":[{"data":"Clothesline","floor":6,"key":"SMITH"},{"data":"Power Through","floor":8,"key":"SMITH"},{"floor":15,"key":"REST"},{"data":"Power Through","floor":23,"key":"SMITH"},{"floor":25,"key":"REST"},{"data":"Pummel","floor":27,"key":"SMITH"},{"data":"Shrug It Off","floor":32,"key":"SMITH"},{"data":"Limit Break","floor":45,"key":"SMITH"},{"floor":49,"key":"REST"}],"neow_cost":"NONE","seed_source_timestamp":0,"circlet_count":0,"master_deck":["Strike_R+1","Strike_R+1","Strike_R","Defend_R","Defend_R","Defend_R","Defend_R","Bash","Spot Weakness","Iron Wave","Clothesline+1","Power Through+1","Feed","Sword Boomerang","Evolve","Immolate","Metallicize+1","Power Through+1","Pummel+1","Metallicize+1","Offering","Shrug It Off+1","Limit Break+1","Sword Boomerang+1","Flash of Steel","Heavy Blade+1","Metallicize+1","True Grit+1","Battle Trance+1","Barricade+1","Mayhem+1"],"special_seed":0,"relics":["Burning Blood","Happy Flower","Singing Bowl","Dream Catcher","Bird Faced Urn","Sozu","Strawberry","Frozen Egg 2","Cursed Key","Molten Egg 2"],"potions_floor_usage":[7,16,24],"damage_taken":[{"damage":10,"enemies":"Cultist","floor":1,"turns":4},{"damage":6,"enemies":"2 Louse","floor":2,"turns":2},{"damage":6,"enemies":"Jaw Worm","floor":3,"turns":4},{"damage":4,"enemies":"Gremlin Nob","floor":7,"turns":3},{"damage":10,"enemies":"3 Louse","floor":10,"turns":4},{"damage":26,"enemies":"3 Sentries","floor":12,"turns":9},{"damage":9,"enemies":"Exordium Wildlife","floor":14,"turns":3},{"damage":49,"enemies":"The Guardian","floor":16,"turns":17},{"damage":4,"enemies":"Chosen","floor":18,"turns":5},{"damage":10,"enemies":"2 Thieves","floor":19,"turns":4},{"damage":17,"enemies":"Snake Plant","floor":21,"turns":4},{"damage":21,"enemies":"Shelled Parasite and Fungi","floor":22,"turns":6},{"damage":35,"enemies":"Book of Stabbing","floor":24,"turns":5},{"damage":3,"enemies":"Chosen and Byrds","floor":28,"turns":5},{"damage":0,"enemies":"Centurion and Healer","floor":29,"turns":5},{"damage":9,"enemies":"Snecko","floor":30,"turns":5},{"damage":9,"enemies":"Shelled Parasite and Fungi","floor":31,"turns":4},{"damage":35,"enemies":"Champ","floor":33,"turns":16},{"damage":0,"enemies":"Orb Walker","floor":35,"turns":3},{"damage":13,"enemies":"3 Shapes","floor":38,"turns":5},{"damage":47,"enemies":"Spire Growth","floor":39,"turns":6},{"damage":49,"enemies":"Nemesis","floor":40,"turns":9},{"damage":8,"enemies":"Maw","floor":42,"turns":7},{"damage":37,"enemies":"Sphere and 2 Shapes","floor":44,"turns":5},{"damage":14,"enemies":"Jaw Worm Horde","floor":48,"turns":3},{"damage":34,"enemies":"Awakened One","floor":50,"turns":9}],"seed_played":"5894858165558039131","potions_obtained":[{"floor":3,"key":"FearPotion"},{"floor":14,"key":"SpeedPotion"},{"floor":16,"key":"Poison Potion"}],"is_trial":false,"path_per_floor":["M","M","M","?","$","R","E","R","T","M","$","E","?","M","R","B",null,"M","M","?","M","M","R","E","R","T","R","M","M","M","M","R","B",null,"M","$","?","M","M","E","?","M","T","M","R","$","T","M","R","B"],"character_chosen":"IRONCLAD","items_purchased":["Power Through","Sword Boomerang","Barricade+1","Mayhem+1"],"campfire_rested":3,"item_purchase_floors":[5,11,46,46],"current_hp_per_floor":[84,84,84,51,51,51,55,55,55,51,51,34,15,17,48,7,100,103,103,103,96,87,87,67,103,103,103,112,123,120,123,123,99,126,129,129,129,122,89,52,115,115,115,95,95,95,95,93,122,100],"gold":75,"neow_bonus":"TEN_PERCENT_HP_BONUS","is_prod":false,"is_daily":false,"chose_seed":false,"campfire_upgraded":6,"win_rate":0,"timestamp":1534951082,"path_taken":["M","M","M","?","$","R","E","R","T","M","$","E","?","M","R","BOSS","M","M","?","M","M","R","E","R","T","R","M","M","M","M","R","BOSS","M","$","?","?","M","E","?","M","T","?","R","$","?","M","R","BOSS"],"build_version":"2018-08-21","purchased_purges":2,"victory":true,"max_hp_per_floor":[88,88,88,88,88,88,90,90,90,90,90,93,93,98,100,100,100,103,105,105,107,109,109,116,118,118,118,120,123,123,126,126,126,126,129,129,129,129,131,131,115,115,115,118,118,118,118,120,122,122],"card_choices":[{"not_picked":["Heavy Blade","Sword Boomerang"],"picked":"Spot Weakness","floor":1},{"not_picked":["Heavy Blade","Cleave"],"picked":"Iron Wave","floor":2},{"not_picked":["Intimidate","Blood for Blood"],"picked":"Clothesline","floor":3},{"not_picked":["Anger","Havoc","Dual Wield"],"picked":"Singing Bowl","floor":7},{"not_picked":["Inflame","Seeing Red"],"picked":"Feed","floor":10},{"not_picked":["Clash","Entrench"],"picked":"Evolve","floor":12},{"not_picked":["Headbutt","Intimidate","Sword Boomerang"],"picked":"Singing Bowl","floor":14},{"not_picked":["Cleave","Thunderclap","Clash"],"picked":"Singing Bowl","floor":15},{"not_picked":["Offering","Impervious"],"picked":"Immolate","floor":16},{"not_picked":["Combust","Cleave+1"],"picked":"Metallicize+1","floor":18},{"not_picked":["Rampage","Wild Strike","Anger"],"picked":"Singing Bowl","floor":19},{"not_picked":["Sword Boomerang+1","Heavy Blade","Dual Wield"],"picked":"Singing Bowl","floor":21},{"not_picked":["Seeing Red","Sword Boomerang","Heavy Blade"],"picked":"Singing Bowl","floor":22},{"not_picked":["Dropkick","Thunderclap"],"picked":"Pummel","floor":24},{"not_picked":["Havoc","Warcry+1","Sentinel"],"picked":"Singing Bowl","floor":25},{"not_picked":["Cleave+1","Clothesline","Corruption+1"],"picked":"Singing Bowl","floor":28},{"not_picked":["Warcry","Seeing Red"],"picked":"Metallicize+1","floor":29},{"not_picked":["Clash","Metallicize+1"],"picked":"Offering","floor":30},{"not_picked":["Flex","Thunderclap+1"],"picked":"Shrug It Off","floor":31},{"not_picked":["Juggernaut+1","Dark Embrace+1"],"picked":"Limit Break","floor":33},{"not_picked":["Flex","Cleave+1"],"picked":"Sword Boomerang+1","floor":35},{"not_picked":["Jack Of All Trades","Trip"],"picked":"Flash of Steel","floor":37},{"not_picked":["Ghostly Armor","Sever Soul"],"picked":"Heavy Blade+1","floor":38},{"not_picked":["Flex+1","Twin Strike+1","Iron Wave+1"],"picked":"Singing Bowl","floor":39},{"not_picked":["Twin Strike+1","Immolate"],"picked":"Metallicize+1","floor":40},{"not_picked":["Cleave+1","Wild Strike+1"],"picked":"True Grit+1","floor":42},{"not_picked":["Body Slam+1","Sword Boomerang+1"],"picked":"Battle Trance+1","floor":44},{"not_picked":["True Grit","Pommel Strike+1","Blood for Blood+1"],"picked":"Singing Bowl","floor":48},{"not_picked":["Berserk+1","Heavy Blade+1","Dropkick+1"],"picked":"Singing Bowl","floor":49}],"player_experience":315016,"relics_obtained":[{"floor":7,"key":"Singing Bowl"},{"floor":9,"key":"Dream Catcher"},{"floor":12,"key":"Bird Faced Urn"},{"floor":24,"key":"Strawberry"},{"floor":26,"key":"Frozen Egg 2"},{"floor":40,"key":"Molten Egg 2"}],"event_choices":[{"event_name":"Scrap Ooze","player_choice":"success","floor":4,"damage_taken":33},{"event_name":"Shining Light","player_choice":"Entered Light","floor":13,"damage_taken":0},{"event_name":"The Library","player_choice":"Read","floor":20,"damage_taken":0},{"event_name":"SensoryStone","player_choice":"Memory 1","floor":37,"damage_taken":0},{"event_name":"The Moai Head","player_choice":"Heal","floor":41,"damage_taken":0}],"is_beta":true,"boss_relics":[{"not_picked":["Lizard Tail","Snecko Eye"],"picked":"Sozu"},{"not_picked":["Velvet Choker","Black Blood"],"picked":"Cursed Key"}],"items_purged_floors":[11,36],"is_endless":false,"potions_floor_spawned":[3,14,16,19,22,24,29,31,39,42],"ascension_level":0}