{"gold_per_floor":[115,126,137,154,1,1,1,13,13,29,39,71,71],"floor_reached":13,"playtime":1278,"items_purged":[],"score":89,"play_id":"8e5bb801-8bb9-4e6e-8ef8-afd6a4822c38","local_time":"20190820151636","is_ascension_mode":false,"campfire_choices":[{"data":"Neutralize","floor":6,"key":"SMITH"}],"neow_cost":"NONE","seed_source_timestamp":366419828132900,"circlet_count":0,"master_deck":["Strike_G","Strike_G","Strike_G","Strike_G","Strike_G","Defend_G","Defend_G","Defend_G","Defend_G","Defend_G","Survivor","Neutralize+1","Footwork","Accuracy","Acrobatics","Backflip","Backflip"],"relics":["Ring of the Snake","Pen Nib","Frozen Egg 2","Paper Crane"],"potions_floor_usage":[11,11,11],"damage_taken":[{"damage":0,"enemies":"Small Slimes","floor":1,"turns":3},{"damage":1,"enemies":"Cultist","floor":2,"turns":3},{"damage":0,"enemies":"2 Louse","floor":3,"turns":4},{"damage":12,"enemies":"Lots of Slimes","floor":4,"turns":8},{"damage":2,"enemies":"Large Slime","floor":8,"turns":14},{"damage":34,"enemies":"Exordium Thugs","floor":10,"turns":11},{"damage":1,"enemies":"Looter","floor":11,"turns":4},{"damage":35,"enemies":"Lagavulin","floor":12,"turns":16},{"damage":4,"enemies":"Exordium Wildlife","floor":13,"turns":1}],"seed_played":"-956050559629918027","potions_obtained":[{"floor":1,"key":"FearPotion"},{"floor":7,"key":"Dexterity Potion"},{"floor":7,"key":"SpeedPotion"},{"floor":10,"key":"Regen Potion"}],"is_trial":false,"path_per_floor":["M","M","M","M","$","R","?","M","T","M","M","E","M"],"character_chosen":"THE_SILENT","items_purchased":["Pen Nib"],"campfire_rested":0,"item_purchase_floors":[5],"current_hp_per_floor":[77,76,76,64,64,64,64,62,62,28,39,4,0],"gold":71,"neow_bonus":"TEN_PERCENT_HP_BONUS","is_prod":false,"is_daily":false,"chose_seed":false,"campfire_upgraded":1,"win_rate":0.0,"timestamp":1566339396,"path_taken":["M","M","M","M","$","R","?","?","T","M","?","E","M"],"build_version":"2019-07-17","purchased_purges":0,"victory":false,"max_hp_per_floor":[77,77,77,77,77,77,77,77,77,77,77,77,77],"card_choices":[{"not_picked":["Calculated Gamble","Eviscerate","Outmaneuver"],"picked":"SKIP","floor":1},{"not_picked":["Quick Slash","Acrobatics"],"picked":"Footwork","floor":2},{"not_picked":["Dodge and Roll","Noxious Fumes"],"picked":"Accuracy","floor":3},{"not_picked":["Night Terror","Poisoned Stab"],"picked":"Acrobatics","floor":4},{"not_picked":["Eviscerate","Acrobatics"],"picked":"Backflip","floor":8},{"not_picked":["Outmaneuver","Dagger Throw","Bane"],"picked":"SKIP","floor":10},{"not_picked":["Dagger Throw","Eviscerate"],"picked":"Backflip","floor":11},{"not_picked":["Acrobatics","Riddle With Holes","Quick Slash"],"picked":"SKIP","floor":12}],"player_experience":47231,"relics_obtained":[{"floor":9,"key":"Frozen Egg 2"},{"floor":12,"key":"Paper Crane"}],"event_choices":[{"damage_healed":0,"gold_gain":0,"player_choice":"Got Potions","damage_taken":0,"max_hp_gain":0,"max_hp_loss":0,"event_name":"Lab","floor":7,"gold_loss":0}],"is_beta":false,"boss_relics":[],"items_purged_floors":[],"is_endless":false,"potions_floor_spawned":[1,8,10],"killed_by":"Exordium Wildlife","ascension_level":0}