{"gold_per_floor":[109,109,109,3,23,55,55,80,80,97,97,116,116,133,133,205,205,224,224,224,234,249,249,274,274,329,341,387,424,57,57,57,128,128,145,164,164,177,195,195,226,226,226,226,261,280,291,59,59,59],"floor_reached":51,"playtime":2070,"items_purged":["Strike_B"],"score":1499,"play_id":"929b1a99-f171-4a79-b51d-c10fcaac7307","local_time":"20180803212225","is_ascension_mode":true,"campfire_choices":[{"data":"Doom and Gloom","floor":7.0,"key":"SMITH"},{"data":"Hologram","floor":11.0,"key":"SMITH"},{"data":"Chill","floor":13.0,"key":"SMITH"},{"data":"Go for the Eyes","floor":15.0,"key":"SMITH"},{"data":"Multi-Cast","floor":23.0,"key":"SMITH"},{"data":"Glacier","floor":25.0,"key":"SMITH"},{"data":"Conserve Battery","floor":27.0,"key":"SMITH"},{"data":"Capacitor","floor":32.0,"key":"SMITH"},{"data":"Glacier","floor":40.0,"key":"SMITH"},{"data":"All For One","floor":42.0,"key":"SMITH"},{"floor":49,"key":"REST"}],"neow_cost":"NONE","seed_source_timestamp":580944311553431,"circlet_count":0,"master_deck":["Strike_B","Strike_B","Strike_B+1","Defend_B","Defend_B","Defend_B","Zap","Dualcast","AscendersBane","Chill+1","Doom and Gloom+1","Conserve Battery+1","Hologram+1","Redo","Go for the Eyes+1","Ball Lightning+1","Multi-Cast+1","Sunder+1","Glacier+1","All For One+1","Glacier+1","Ball Lightning+1","Capacitor+1","Stack","All For One","Hologram+1","White Noise","Stack","Capacitor+1","Sunder+1","Force Field+1","Double Energy","Loop","Amplify"],"special_seed":0,"relics":["Lizard Tail","Thread and Needle","Torii","Mercury Hourglass","Snecko Eye","Whetstone","MawBank","Red Mask","Mango","Shuriken","Sozu","Nunchaku","Turnip","Dodecahedron"],"potions_floor_usage":[50],"damage_taken":[{"damage":0.0,"enemies":"Small Slimes","floor":1.0,"turns":3.0},{"damage":0.0,"enemies":"Cultist","floor":5.0,"turns":3.0},{"damage":11.0,"enemies":"3 Sentries","floor":6.0,"turns":8.0},{"damage":14.0,"enemies":"Gremlin Nob","floor":8.0,"turns":5.0},{"damage":0.0,"enemies":"2 Louse","floor":10.0,"turns":2.0},{"damage":0.0,"enemies":"Red Slaver","floor":12.0,"turns":2.0},{"damage":0.0,"enemies":"Lots of Slimes","floor":14.0,"turns":1.0},{"damage":4.0,"enemies":"The Guardian","floor":16.0,"turns":9.0},{"damage":0.0,"enemies":"Spheric Guardian","floor":18.0,"turns":4.0},{"damage":3.0,"enemies":"3 Byrds","floor":21.0,"turns":3.0},{"damage":9.0,"enemies":"Snake Plant","floor":22.0,"turns":5.0},{"damage":8.0,"enemies":"Slavers","floor":24.0,"turns":4.0},{"damage":0.0,"floor":28.0,"turns":2.0},{"damage":0.0,"enemies":"Book of Stabbing","floor":29.0,"turns":6.0},{"damage":0.0,"enemies":"Automaton","floor":33.0,"turns":3.0},{"damage":0.0,"enemies":"3 Darklings","floor":35.0,"turns":4.0},{"damage":0.0,"enemies":"Orb Walker","floor":36.0,"turns":3.0},{"damage":6.0,"enemies":"Maw","floor":38.0,"turns":8.0},{"damage":0.0,"enemies":"Flame Bruiser 2 Orb","floor":39.0,"turns":5.0},{"damage":0.0,"enemies":"Giant Head","floor":41.0,"turns":1.0},{"damage":15.0,"enemies":"2 Orb Walkers","floor":45.0,"turns":7.0},{"damage":4.0,"enemies":"4 Shapes","floor":46.0,"turns":5.0},{"damage":23.0,"enemies":"Transient","floor":47.0,"turns":5.0},{"damage":26,"enemies":"Time Eater","floor":50,"turns":13}],"seed_played":"3602290288786975500","potions_obtained":[{"floor":1.0,"key":"Explosive Potion"},{"floor":8.0,"key":"Ancient Potion"}],"is_trial":false,"path_per_floor":["M","?","?","$","M","E","R","E","T","M","R","M","R","M","R","B",null,"M","?","?","M","M","R","E","R","T","R","?","E","$","?","R","B",null,"M","M","?","M","M","R","E","R","T","?","E","M","M","$","R","B"],"character_chosen":"DEFECT","items_purchased":["Doom and Gloom","Conserve Battery","Capacitor","Stack","Shuriken","Loop","Amplify"],"campfire_rested":1,"item_purchase_floors":[4,4,30,30,30,48,48],"current_hp_per_floor":[64,64,57,57,57,46,46,32,32,32,32,32,32,32,32,28,60,60,60,60,57,48,48,40,40,40,40,40,54,54,54,54,54,77,77,77,77,78,78,78,78,78,78,78,63,59,36,36,61,35],"gold":59,"neow_bonus":"BOSS_RELIC","is_prod":false,"is_daily":false,"chose_seed":false,"campfire_upgraded":10,"win_rate":0,"timestamp":1533356545,"path_taken":["M","?","?","$","M","E","R","E","T","?","R","M","R","?","R","BOSS","M","?","?","M","M","R","E","R","T","R","?","E","?","?","R","BOSS","M","M","?","?","M","R","E","R","T","?","E","?","M","$","R","BOSS"],"build_version":"2018-08-01","purchased_purges":1,"victory":true,"max_hp_per_floor":[71,71,71,71,71,71,71,71,71,71,71,71,71,71,71,71,71,71,71,71,71,71,71,71,71,71,71,71,85,85,85,85,85,85,85,85,85,85,85,85,85,85,85,85,85,85,85,85,85,85],"card_choices":[{"not_picked":["Blizzard","Beam Cell"],"picked":"Chill","floor":1.0},{"not_picked":["Steam","Compile Driver"],"picked":"Hologram","floor":5.0},{"not_picked":["Hello World","Aggregate"],"picked":"Redo","floor":6.0},{"not_picked":["Conserve Battery","Recycle"],"picked":"Go for the Eyes","floor":10.0},{"not_picked":["Barrage","Conserve Battery"],"picked":"Ball Lightning","floor":12.0},{"not_picked":["Melter","Barrage"],"picked":"Beam Cell","floor":14.0},{"not_picked":["Electrodynamics","Biased Cognition"],"picked":"Multi-Cast","floor":16.0},{"not_picked":["Tempest","Redo"],"picked":"Sunder+1","floor":18.0},{"not_picked":["Go for the Eyes","Sweeping Beam"],"picked":"All For One","floor":22.0},{"not_picked":["Turbo","Genetic Algorithm","Conserve Battery"],"picked":"SKIP","floor":24.0},{"not_picked":["Leap","Sweeping Beam"],"picked":"Glacier","floor":28.0},{"not_picked":["Go for the Eyes","Darkness"],"picked":"Ball Lightning+1","floor":29.0},{"not_picked":["Electrodynamics","Reboot"],"picked":"All For One","floor":33.0},{"not_picked":["Go for the Eyes+1","Rebound+1"],"picked":"Hologram+1","floor":35.0},{"not_picked":["Conserve Battery+1","Streamline"],"picked":"Stack","floor":39.0},{"not_picked":["Storm","Ball Lightning"],"picked":"Capacitor+1","floor":41.0},{"not_picked":["Stack+1","Coolheaded"],"picked":"Sunder+1","floor":45.0},{"not_picked":["Barrage","Aggregate"],"picked":"Force Field+1","floor":46.0},{"not_picked":["Chaos","Ball Lightning"],"picked":"Double Energy","floor":47.0}],"player_experience":720754,"relics_obtained":[{"floor":6.0,"key":"Thread and Needle"},{"floor":8.0,"key":"Torii"},{"floor":9.0,"key":"Mercury Hourglass"},{"floor":24.0,"key":"Whetstone"},{"floor":26.0,"key":"MawBank"},{"floor":28.0,"key":"Red Mask"},{"floor":29.0,"key":"Mango"},{"floor":41.0,"key":"Nunchaku"},{"floor":43.0,"key":"Turnip"},{"floor":45.0,"key":"Dodecahedron"}],"event_choices":[{"event_name":"The Cleric","player_choice":"Leave","floor":2.0,"damage_taken":0.0},{"event_name":"Golden Wing","player_choice":"Card Removal","floor":3.0,"damage_taken":0.0},{"event_name":"The Library","player_choice":"Read","floor":19.0,"damage_taken":0.0},{"event_name":"Purifier","player_choice":"One Purge","floor":20.0,"damage_taken":0.0},{"event_name":"Masked Bandits","player_choice":"Fought over 353 gold","floor":28.0,"damage_taken":0.0},{"event_name":"Vampires","player_choice":"Ignored","floor":31.0,"damage_taken":0.0},{"event_name":"Match and Keep!","player_choice":"1 cards matched","floor":37.0,"damage_taken":0.0},{"event_name":"SensoryStone","player_choice":"Memory 1","floor":44.0,"damage_taken":0.0}],"is_beta":true,"boss_relics":[{"not_picked":["Runic Pyramid","Tiny House"],"picked":"Snecko Eye"},{"not_picked":["Coffee Dripper","Cursed Key"],"picked":"Sozu"}],"items_purged_floors":[48],"is_endless":false,"potions_floor_spawned":[1,8,12,21,35,45,47],"ascension_level":15}