{"gold_per_floor":[110,125,125,1,13,13,68,18,90,108,108,128,158,169,169,274,274,292,308,50,50,50,77,87,87,136,152,152,152,165,181,181,283,283,302,0,14,30,30,30,30,42,42,60,60,60,60,60,60,60],"floor_reached":50,"playtime":3593,"items_purged":["Strike_G"],"score":474,"play_id":"c8df3524-be35-4e0d-b454-21fbf31da3a9","local_time":"20180702192218","is_ascension_mode":false,"campfire_choices":[{"data":"Neutralize","floor":6,"key":"SMITH"},{"data":"Skewer","floor":11,"key":"SMITH"},{"floor":15,"key":"REST"},{"floor":25,"key":"REST"},{"floor":32,"key":"REST"},{"floor":40,"key":"REST"},{"floor":47,"key":"REST"},{"floor":49,"key":"REST"}],"neow_cost":"CURSE","seed_source_timestamp":1631955076933110,"circlet_count":0,"master_deck":["Defend_G","Defend_G","Defend_G","Defend_G","Defend_G","Strike_G","Strike_G","Strike_G","Survivor","Neutralize+1","Predator","Acrobatics","Dagger Spray","Crippling Poison","Skewer+1","Backflip+1","Malaise+1","Outmaneuver+1","Storm of Steel+1","Concentrate+1","Cloak And Dagger+1","Dodge and Roll+1","Cloak And Dagger+1","Deep Breath+1","Panacea+1","PiercingWail+1","After Image","Backflip+1","Noxious Fumes","Madness+1","Madness+1","Acrobatics+1","Cloak And Dagger+1","Jack Of All Trades+1"],"relics":["Ring of the Snake","Turnip","Tiny Chest","Toxic Egg 2","Mercury Hourglass","Fusion Hammer","Kunai","Boot","Art of War","Orichalcum","Philosopher\u0027s Stone","Red Mask","Molten Egg 2","Blue Candle","Bag of Preparation"],"potions_floor_usage":[7,16,23,27,30,31,33,44],"damage_taken":[{"damage":1,"enemies":"Cultist","floor":1,"turns":4},{"damage":2,"enemies":"Jaw Worm","floor":2,"turns":4},{"damage":0,"enemies":"Small Slimes","floor":5,"turns":2},{"damage":10,"enemies":"Gremlin Nob","floor":7,"turns":4},{"damage":1,"enemies":"Blue Slaver","floor":10,"turns":4},{"damage":1,"enemies":"Lots of Slimes","floor":12,"turns":3},{"damage":19,"enemies":"3 Sentries","floor":13,"turns":6},{"damage":8,"enemies":"Exordium Wildlife","floor":14,"turns":3},{"damage":28,"enemies":"Hexaghost","floor":16,"turns":13},{"damage":11,"enemies":"Chosen","floor":18,"turns":5},{"damage":0,"enemies":"3 Byrds","floor":19,"turns":3},{"damage":12,"enemies":"Book of Stabbing","floor":23,"turns":7},{"damage":0,"enemies":"Snecko","floor":24,"turns":5},{"damage":0,"enemies":"Snake Plant","floor":27,"turns":2},{"damage":14,"enemies":"Centurion and Healer","floor":30,"turns":4},{"damage":0,"enemies":"Cultist and Chosen","floor":31,"turns":5},{"damage":30,"enemies":"Collector","floor":33,"turns":14},{"damage":1,"enemies":"Orb Walker","floor":35,"turns":3},{"damage":0,"enemies":"3 Shapes","floor":37,"turns":4},{"damage":0,"enemies":"Maw","floor":38,"turns":10},{"damage":31,"enemies":"3 Darklings","floor":42,"turns":5},{"damage":14,"enemies":"4 Shapes","floor":44,"turns":3},{"damage":61,"enemies":"Donu and Deca","floor":50,"turns":5}],"seed_played":"-6068503598472553271","potions_obtained":[{"floor":5,"key":"Explosive Potion"},{"floor":7,"key":"Dexterity Potion"},{"floor":16,"key":"Fire Potion"},{"floor":19,"key":"SteroidPotion"},{"floor":23,"key":"Swift Potion"},{"floor":24,"key":"Swift Potion"},{"floor":30,"key":"AttackPotion"},{"floor":38,"key":"Energy Potion"}],"is_trial":false,"path_per_floor":["M","M","?","$","M","R","E","?","T","M","R","M","E","M","R","B",null,"M","M","$","?","$","E","M","R","T","M","?","?","M","M","R","B",null,"M","?","M","M","$","R","?","M","T","M","T","T","R","?","R"],"character_chosen":"THE_SILENT","items_purchased":["Dagger Spray","Kunai"],"campfire_rested":6,"item_purchase_floors":[4,20],"current_hp_per_floor":[69,67,67,67,67,67,57,57,57,56,56,55,36,28,49,21,70,59,59,59,59,59,47,47,68,68,68,68,47,33,33,54,24,70,69,69,69,69,69,70,61,30,30,16,16,16,37,37,58,0],"gold":60,"neow_bonus":"ONE_RARE_RELIC","is_prod":false,"is_daily":false,"chose_seed":false,"campfire_upgraded":2,"win_rate":0,"timestamp":1530573738,"path_taken":["M","M","?","$","M","R","E","?","T","M","R","?","E","M","R","BOSS","M","M","$","?","$","E","M","R","T","M","?","?","M","M","R","BOSS","M","?","M","M","?","R","?","M","T","?","?","?","R","?","R","BOSS"],"build_version":"2018-06-28","purchased_purges":1,"victory":false,"max_hp_per_floor":[70,70,70,70,70,70,70,70,70,70,70,70,70,70,70,70,70,70,70,70,70,70,70,70,70,70,70,70,70,70,70,70,70,70,70,70,70,70,70,70,70,70,70,70,70,70,70,70,70,70],"card_choices":[{"not_picked":["Underhanded Strike","Quick Slash"],"picked":"Predator","floor":1},{"not_picked":["Dodge and Roll","Deadly Poison"],"picked":"Acrobatics","floor":2},{"not_picked":["Underhanded Strike","Blur"],"picked":"Crippling Poison","floor":5},{"not_picked":["Poisoned Stab","Predator"],"picked":"Skewer","floor":7},{"not_picked":["Reflex+1","Deadly Poison+1","Riddle With Holes"],"picked":"SKIP","floor":10},{"not_picked":["Quick Slash","Skewer"],"picked":"Backflip+1","floor":12},{"not_picked":["Setup+1","Acrobatics+1"],"picked":"Malaise+1","floor":13},{"not_picked":["Skewer","Deadly Poison+1"],"picked":"Outmaneuver+1","floor":14},{"not_picked":["Corpse Explosion","Grand Finale"],"picked":"Storm of Steel+1","floor":16},{"not_picked":["Reflex+1","Endless Agony"],"picked":"Concentrate+1","floor":18},{"not_picked":["Endless Agony","Catalyst+1"],"picked":"Cloak And Dagger+1","floor":19},{"not_picked":["Flying Knee","Slice","Bane"],"picked":"SKIP","floor":23},{"not_picked":["Blade Dance+1","Poisoned Stab"],"picked":"Dodge and Roll+1","floor":24},{"not_picked":["Footwork+1","Acrobatics+1"],"picked":"Cloak And Dagger+1","floor":27},{"not_picked":["Sucker Punch","Dagger Throw"],"picked":"PiercingWail+1","floor":30},{"not_picked":["Dodge and Roll+1","PiercingWail+1","Deflect+1"],"picked":"SKIP","floor":31},{"not_picked":["Tactician+1","Bullet Time+1"],"picked":"After Image","floor":33},{"not_picked":["Terror+1","All Out Attack","Predator"],"picked":"SKIP","floor":35},{"not_picked":["Accuracy","Finisher+1"],"picked":"Backflip+1","floor":37},{"not_picked":["Quick Slash","Slice+1"],"picked":"Noxious Fumes","floor":38},{"not_picked":["Dagger Spray","Blur+1"],"picked":"Acrobatics+1","floor":42},{"not_picked":["Dagger Spray+1","Distraction+1"],"picked":"Cloak And Dagger+1","floor":44}],"player_experience":178936,"relics_obtained":[{"floor":7,"key":"Tiny Chest"},{"floor":9,"key":"Toxic Egg 2"},{"floor":13,"key":"Mercury Hourglass"},{"floor":23,"key":"Boot"},{"floor":26,"key":"Art of War"},{"floor":43,"key":"Molten Egg 2"},{"floor":45,"key":"Blue Candle"},{"floor":46,"key":"Bag of Preparation"}],"event_choices":[{"event_name":"Living Wall","player_choice":"Forget","floor":3,"damage_taken":0},{"event_name":"The Cleric","player_choice":"Card Removal","floor":8,"damage_taken":0},{"event_name":"N\u0027loth","player_choice":"Ignored","floor":21,"damage_taken":0},{"event_name":"The Mausoleum","player_choice":"Yes","floor":28,"damage_taken":0},{"event_name":"Knowing Skull","player_choice":"CARD CARD ","floor":29,"damage_taken":0},{"event_name":"Tomb of Lord Red Mask","player_choice":"Paid","floor":36,"damage_taken":0},{"event_name":"Winding Halls","player_choice":"Embrace Madness","floor":41,"damage_taken":0},{"event_name":"Match and Keep!","player_choice":"1 cards matched","floor":48,"damage_taken":0}],"boss_relics":[{"not_picked":["Astrolabe","Runic Dome"],"picked":"Fusion Hammer"},{"not_picked":["Runic Pyramid","Orrery"],"picked":"Philosopher\u0027s Stone"}],"items_purged_floors":[4],"is_endless":false,"potions_floor_spawned":[5,7,16,19,23,24,30,38],"killed_by":"Donu and Deca","ascension_level":0}