{"gold_per_floor":[118,136,149,217,56,56,107,9,9,9,9,41,69,69,69,167,167,199,114,5,32,66,66,100,100,127,154,167,167,19,30,30,30],"floor_reached":33,"playtime":999,"items_purged":["Strike_G"],"score":509,"play_id":"2151e629-3134-4fd5-b327-85c71643ecbf","local_time":"20180711210250","is_ascension_mode":true,"campfire_choices":[{"data":"HandOfGreed","floor":6,"key":"SMITH"},{"data":"Cloak And Dagger","floor":11,"key":"SMITH"},{"floor":15,"key":"REST"},{"data":"Neutralize","floor":23,"key":"SMITH"},{"data":"Malaise","floor":25,"key":"SMITH"},{"floor":32,"key":"REST"}],"neow_cost":"NONE","seed_source_timestamp":216758723870036,"circlet_count":0,"master_deck":["Defend_G","Defend_G","Defend_G","Defend_G","Defend_G","Strike_G","Strike_G","Strike_G","Strike_G","Survivor","Neutralize+1","AscendersBane","Deadly Poison","Bane","Underhanded Strike","HandOfGreed+1","Infinite Blades","Quick Slash","Cloak And Dagger+1","Flying Knee","Bouncing Flask","Predator","Deadly Poison","Malaise+1","Dagger Throw","Catalyst","Cloak And Dagger","Dagger Spray","Crippling Poison","Heel Hook+1"],"relics":["Snecko Eye","Frozen Egg 2","Shuriken","Strawberry","Mummified Hand","HoveringKite","The Specimen","Happy Flower","Centennial Puzzle","Lantern","Dream Catcher"],"potions_floor_usage":[13,16,24,27],"damage_taken":[{"damage":1,"enemies":"Small Slimes","floor":1,"turns":4},{"damage":4,"enemies":"2 Louse","floor":2,"turns":2},{"damage":0,"enemies":"Cultist","floor":3,"turns":3},{"damage":13,"enemies":"Gremlin Nob","floor":7,"turns":3},{"damage":1,"enemies":"Red Slaver","floor":12,"turns":2},{"damage":21,"enemies":"Lagavulin","floor":13,"turns":6},{"damage":30,"enemies":"Slime Boss","floor":16,"turns":7},{"damage":0,"enemies":"Chosen","floor":18,"turns":3},{"damage":17,"enemies":"Shell Parasite","floor":22,"turns":5},{"damage":10,"enemies":"Book of Stabbing","floor":24,"turns":3},{"damage":12,"enemies":"Gremlin Leader","floor":27,"turns":7},{"damage":3,"enemies":"Snake Plant","floor":28,"turns":4},{"damage":11,"enemies":"Snecko","floor":31,"turns":5},{"damage":26,"enemies":"Champ","floor":33,"turns":5}],"seed_played":"-7177349049321754762","potions_obtained":[{"floor":7,"key":"Swift Potion"},{"floor":13,"key":"Fire Potion"},{"floor":16,"key":"Swift Potion"},{"floor":22,"key":"Block Potion"},{"floor":24,"key":"FearPotion"}],"is_trial":false,"path_per_floor":["M","M","M","?","$","R","E","$","T","$","R","M","E","?","R","B",null,"M","?","$","T","M","R","E","R","T","E","M","?","$","M","R"],"character_chosen":"THE_SILENT","items_purchased":["HandOfGreed","Infinite Blades","Cloak And Dagger","Bouncing Flask","Predator","Cloak And Dagger","Dagger Spray","Crippling Poison"],"campfire_rested":2,"item_purchase_floors":[5,5,8,20,20,30,30,30],"current_hp_per_floor":[58,54,54,54,54,54,41,41,41,41,41,40,26,21,42,12,58,58,58,58,58,41,41,31,31,31,19,16,16,16,5,26,0],"gold":30,"neow_bonus":"BOSS_RELIC","is_prod":false,"is_daily":false,"chose_seed":false,"campfire_upgraded":4,"win_rate":0,"timestamp":1531368170,"path_taken":["M","M","M","?","$","R","E","$","T","?","R","?","E","?","R","BOSS","M","?","$","?","M","R","E","R","T","E","?","?","$","?","R","BOSS"],"build_version":"2018-07-10","purchased_purges":1,"victory":false,"max_hp_per_floor":[66,66,66,66,66,66,66,66,66,66,66,66,73,73,73,73,73,73,73,73,73,73,73,73,73,73,73,73,73,73,73,73,73],"card_choices":[{"not_picked":["Dodge and Roll","Slice"],"picked":"Deadly Poison","floor":1},{"not_picked":["Prepared","Endless Agony"],"picked":"Bane","floor":2},{"not_picked":["Quick Slash","Heel Hook"],"picked":"Underhanded Strike","floor":3},{"not_picked":["Bane","Sucker Punch"],"picked":"Quick Slash","floor":7},{"not_picked":["Reflex","Storm of Steel"],"picked":"Flying Knee","floor":12},{"not_picked":["Flying Knee","Calculated Gamble","Quick Slash"],"picked":"SKIP","floor":13},{"not_picked":["PiercingWail","Storm of Steel"],"picked":"Deadly Poison","floor":22},{"not_picked":["Flechettes","Cloak And Dagger+1"],"picked":"Malaise","floor":24},{"not_picked":["Heel Hook+1","Quick Slash"],"picked":"Dagger Throw","floor":27},{"not_picked":["Caltrops+1","Eviscerate+1"],"picked":"Catalyst","floor":28},{"not_picked":["Sucker Punch","Crippling Poison","Poisoned Stab"],"picked":"SKIP","floor":31},{"not_picked":["Bane","Dagger Spray+1"],"picked":"Heel Hook+1","floor":32}],"player_experience":596263,"relics_obtained":[{"floor":7,"key":"Frozen Egg 2"},{"floor":9,"key":"Shuriken"},{"floor":13,"key":"Strawberry"},{"floor":21,"key":"Happy Flower"},{"floor":24,"key":"Centennial Puzzle"},{"floor":26,"key":"Lantern"},{"floor":27,"key":"Dream Catcher"}],"event_choices":[{"event_name":"Golden Wing","player_choice":"Gained Gold","floor":4,"damage_taken":0},{"event_name":"Scrap Ooze","player_choice":"success","floor":14,"damage_taken":5},{"event_name":"Addict","player_choice":"Obtained Relic","floor":19,"damage_taken":0},{"event_name":"Beggar","player_choice":"Ignored","floor":29,"damage_taken":0}],"boss_relics":[{"not_picked":["Astrolabe","Empty Cage"],"picked":"HoveringKite"}],"items_purged_floors":[8],"is_endless":false,"potions_floor_spawned":[7,13,16,22,24],"killed_by":"Champ","ascension_level":15}