{"gold_per_floor":[109,132,97,97,108,108,142,142,218,236,247,247,267,267,267,267],"floor_reached":16,"playtime":646,"items_purged":[],"score":100,"play_id":"97965f6c-0c46-4032-ab76-e7aa7eb78820","local_time":"20190106151323","is_ascension_mode":false,"campfire_choices":[{"data":"Flame Barrier","floor":6,"key":"SMITH"},{"floor":15,"key":"REST"}],"neow_cost":"NONE","seed_source_timestamp":57657240210236,"circlet_count":0,"master_deck":["Strike_R","Strike_R","Strike_R","Defend_R+1","Defend_R","Defend_R","Defend_R+1","Bash","Metallicize","Dark Embrace","Flame Barrier+1","Armaments","Combust","Iron Wave","Shrug It Off"],"relics":["Burning Blood","War Paint","Anchor","Sundial","Gremlin Horn"],"potions_floor_usage":[7],"damage_taken":[{"damage":1,"enemies":"Cultist","floor":1,"turns":3},{"damage":11,"enemies":"Small Slimes","floor":5,"turns":4},{"damage":49,"enemies":"Gremlin Nob","floor":7,"turns":7},{"damage":1,"enemies":"2 Louse","floor":10,"turns":3},{"damage":13,"enemies":"Gremlin Gang","floor":11,"turns":4},{"damage":15,"enemies":"Exordium Thugs","floor":13,"turns":6},{"damage":48,"enemies":"The Guardian","floor":16,"turns":13}],"seed_played":"382188414664139628","potions_obtained":[{"floor":5,"key":"Poison Potion"},{"floor":13,"key":"SpeedPotion"}],"is_trial":false,"path_per_floor":["M","T","$","?","M","R","E","?","T","M","M","T","M","?","R","B"],"character_chosen":"IRONCLAD","items_purchased":["Metallicize"],"campfire_rested":1,"item_purchase_floors":[3],"current_hp_per_floor":[88,88,88,88,83,83,40,40,40,45,38,38,29,22,48,0],"gold":267,"neow_bonus":"TEN_PERCENT_HP_BONUS","is_prod":false,"is_daily":false,"chose_seed":false,"campfire_upgraded":1,"win_rate":0.0,"timestamp":1546805603,"path_taken":["M","?","$","?","M","R","E","?","T","?","M","?","M","?","R","BOSS"],"build_version":"2019-01-03v4","purchased_purges":0,"victory":false,"max_hp_per_floor":[88,88,88,88,88,88,88,88,88,88,88,88,88,88,88,88],"card_choices":[{"not_picked":["Clash","Shockwave","Clothesline"],"picked":"SKIP","floor":1},{"not_picked":["Perfected Strike","Dual Wield"],"picked":"Flame Barrier","floor":5},{"not_picked":["Rampage","True Grit"],"picked":"Armaments","floor":7},{"not_picked":["Feel No Pain","Sword Boomerang"],"picked":"Iron Wave","floor":10},{"not_picked":["Carnage","Armaments"],"picked":"Shrug It Off","floor":11},{"not_picked":["Burning Pact","Pommel Strike","True Grit"],"picked":"SKIP","floor":13}],"player_experience":207,"relics_obtained":[{"floor":2,"key":"War Paint"},{"floor":7,"key":"Anchor"},{"floor":9,"key":"Sundial"},{"floor":12,"key":"Gremlin Horn"}],"event_choices":[{"damage_healed":0,"gold_gain":0,"cards_transformed":["Strike_R"],"player_choice":"Change","damage_taken":0,"max_hp_gain":0,"max_hp_loss":0,"event_name":"Living Wall","floor":4,"gold_loss":0,"cards_obtained":["Dark Embrace"]},{"damage_healed":0,"gold_gain":0,"player_choice":"1 cards matched","damage_taken":0,"max_hp_gain":0,"max_hp_loss":0,"event_name":"Match and Keep!","floor":8,"gold_loss":0,"cards_obtained":["Combust"]},{"cards_removed":["Strike_R"],"damage_healed":0,"gold_gain":0,"player_choice":"Card Removal","damage_taken":7,"max_hp_gain":0,"max_hp_loss":0,"event_name":"Golden Wing","floor":14,"gold_loss":0}],"is_beta":false,"boss_relics":[],"items_purged_floors":[],"is_endless":false,"potions_floor_spawned":[5,13],"killed_by":"The Guardian","ascension_level":0}