{"gold_per_floor":[110,110,122,272,113,146,146,166,166,166,181,181,214,139,139,217,217,235,254,204,108,123,123,139,173,173,173],"floor_reached":27,"playtime":692,"items_purged":["Doubt"],"score":557,"play_id":"8a824272-abd8-448f-b3c2-c6550a556ab4","local_time":"20190313193600","is_ascension_mode":true,"campfire_choices":[{"floor":7.0,"key":"DIG"},{"floor":10.0,"key":"DIG"},{"floor":12.0,"key":"DIG"},{"floor":15.0,"key":"DIG"},{"floor":23,"key":"DIG"}],"neow_cost":"NONE","seed_source_timestamp":18226239048403,"circlet_count":0,"master_deck":["AscendersBane","Strike_B","Strike_B","Strike_B","Defend_B","Defend_B","Defend_B","Defend_B+1","Zap","Dualcast","Cold Snap","Cold Snap","Melter","Defragment","Stack+1","Conserve Battery","Ball Lightning","Biased Cognition","Capacitor+1","Cold Snap","Loop","Loop","Leap"],"special_seed":0,"relics":["Cracked Core","NeowsBlessing","Shovel","DataDisk","Darkstone Periapt","War Paint","Bag of Preparation","Mango","Boot","Sozu","Mummified Hand","Ornamental Fan","Pantograph"],"potions_floor_usage":[16,16,25],"damage_taken":[{"damage":0.0,"enemies":"Small Slimes","floor":1.0,"turns":1.0},{"damage":0.0,"enemies":"2 Louse","floor":3.0,"turns":1.0},{"damage":0.0,"enemies":"3 Sentries","floor":6.0,"turns":1.0},{"damage":5.0,"enemies":"Jaw Worm","floor":8.0,"turns":4.0},{"damage":15.0,"enemies":"Exordium Wildlife","floor":11.0,"turns":6.0},{"damage":1.0,"enemies":"Lagavulin","floor":13.0,"turns":7.0},{"damage":37,"enemies":"Slime Boss","floor":16,"turns":10},{"damage":18,"enemies":"Chosen","floor":18,"turns":5},{"damage":15,"enemies":"3 Byrds","floor":19,"turns":4},{"damage":10,"enemies":"3 Cultists","floor":22,"turns":7},{"damage":10,"enemies":"Snecko","floor":24,"turns":5},{"damage":19,"enemies":"Gremlin Leader","floor":25,"turns":6},{"damage":0,"enemies":"Colosseum Slavers","floor":27,"turns":2}],"seed_played":"-4169929529676199661","potions_obtained":[{"floor":6.0,"key":"EssenceOfSteel"},{"floor":8.0,"key":"EssenceOfSteel"},{"floor":13.0,"key":"SteroidPotion"},{"floor":16,"key":"Poison Potion"}],"is_trial":false,"path_per_floor":["M","?","M","?","$","E","R","M","T","R","M","R","E","?","R","B",null,"M","M","?","$","M","R","M","E","T","?"],"character_chosen":"DEFECT","items_purchased":["Melter","Cold Snap","Loop"],"campfire_rested":0,"item_purchase_floors":[5,21,21],"current_hp_per_floor":[64,69,69,69,69,69,69,64,64,64,49,49,62,62,62,25,74,56,41,41,41,31,31,21,2,2,2],"gold":173,"neow_bonus":"THREE_ENEMY_KILL","is_prod":false,"is_daily":false,"chose_seed":false,"campfire_upgraded":0,"win_rate":0,"timestamp":1552530960,"path_taken":["M","?","M","?","?","E","R","M","T","R","?","R","E","?","R","BOSS","M","M","?","$","?","R","M","E","T","?"],"build_version":"2019-02-06","purchased_purges":1,"victory":false,"max_hp_per_floor":[71,76,76,76,76,76,76,76,76,76,76,76,90,90,90,90,90,90,90,90,90,90,90,90,90,90,90],"card_choices":[{"not_picked":["Self Repair","Doom and Gloom"],"picked":"Cold Snap","floor":1.0},{"not_picked":["Hologram","Streamline"],"picked":"Cold Snap","floor":3.0},{"not_picked":["Sweeping Beam","Go for the Eyes"],"picked":"Defragment","floor":6.0},{"not_picked":["Compile Driver","Streamline"],"picked":"Stack","floor":8.0},{"not_picked":["Chill","Go for the Eyes"],"picked":"Conserve Battery","floor":11.0},{"not_picked":["Fusion","Double Energy"],"picked":"Ball Lightning","floor":13.0},{"not_picked":["Hyperbeam","Creative AI"],"picked":"Biased Cognition","floor":16},{"not_picked":["Gash","Redo"],"picked":"Capacitor+1","floor":19},{"not_picked":["Sweeping Beam+1","Double Energy"],"picked":"Loop","floor":24},{"not_picked":["Aggregate","Tempest"],"picked":"Leap","floor":25}],"player_experience":1282767,"relics_obtained":[{"floor":6.0,"key":"Shovel"},{"floor":7.0,"key":"DataDisk"},{"floor":9.0,"key":"Darkstone Periapt"},{"floor":10.0,"key":"War Paint"},{"floor":12.0,"key":"Bag of Preparation"},{"floor":13.0,"key":"Mango"},{"floor":15.0,"key":"Boot"},{"floor":23,"key":"Mummified Hand"},{"floor":25,"key":"Ornamental Fan"},{"floor":26,"key":"Pantograph"}],"event_choices":[{"damage_healed":0.0,"max_hp_gain":5.0,"max_hp_loss":0.0,"gold_gain":0.0,"event_name":"Big Fish","player_choice":"Donut","floor":2.0,"gold_loss":0.0,"damage_taken":0.0},{"damage_healed":0.0,"max_hp_gain":0.0,"max_hp_loss":0.0,"gold_gain":150.0,"event_name":"Liars Game","player_choice":"AGREE","floor":4.0,"gold_loss":0.0,"damage_taken":0.0,"cards_obtained":["Doubt"]},{"cards_removed":["Strike_B"],"damage_healed":0.0,"max_hp_gain":0.0,"max_hp_loss":0.0,"gold_gain":0.0,"event_name":"The Cleric","player_choice":"Card Removal","floor":14.0,"gold_loss":75.0,"damage_taken":0.0},{"damage_healed":0,"gold_gain":0,"player_choice":"Bet on Murderer","damage_taken":0,"max_hp_gain":0,"max_hp_loss":0,"event_name":"The Joust","floor":20,"gold_loss":50},{"damage_healed":0,"gold_gain":0,"player_choice":"Fight","damage_taken":0,"max_hp_gain":0,"max_hp_loss":0,"event_name":"Colosseum","floor":27,"gold_loss":0}],"is_beta":true,"boss_relics":[{"not_picked":["Coffee Dripper","Ectoplasm"],"picked":"Sozu"}],"items_purged_floors":[5],"is_endless":false,"potions_floor_spawned":[6,8,13,16,22,24],"killed_by":"Colosseum Slavers","ascension_level":20}