{"gold_per_floor":[219,231,156,231,245,245,255,281,317,343,355,400,412,424,436,543,555,580,301,316,316,231,231],"floor_reached":23,"playtime":1426,"items_purged":["Strike_B","Strike_B"],"score":199,"play_id":"76a475aa-009d-45f9-9383-7a891997c74c","local_time":"20190614184922","is_ascension_mode":false,"campfire_choices":[{"data":"Gash","floor":6,"key":"SMITH"},{"floor":11,"key":"REST"},{"floor":13,"key":"RECALL"},{"floor":15,"key":"REST"}],"neow_cost":"NONE","seed_source_timestamp":242802664714427,"circlet_count":0,"master_deck":["Strike_B+1","Strike_B+1","Defend_B+1","Defend_B+1","Defend_B+1","Defend_B+1","Zap","Dualcast","Gash+1","Steam","Rebound","Machine Learning","Reinforced Body","Reboot","Leap","Defragment"],"relics":["FrozenCore","MawBank","Potion Belt","Runic Capacitor","Blood Vial"],"potions_floor_usage":[2,7,12,12,23],"damage_taken":[{"damage":0,"enemies":"Small Slimes","floor":1,"turns":3},{"damage":2,"enemies":"2 Louse","floor":2,"turns":3},{"damage":6,"enemies":"Jaw Worm","floor":5,"turns":3},{"damage":9,"enemies":"Exordium Wildlife","floor":7,"turns":4},{"damage":30,"enemies":"Gremlin Nob","floor":8,"turns":4},{"damage":0,"enemies":"Looter","floor":10,"turns":3},{"damage":31,"enemies":"Lagavulin","floor":12,"turns":6},{"damage":43,"enemies":"Hexaghost","floor":16,"turns":11},{"damage":9,"enemies":"Spheric Guardian","floor":18,"turns":9},{"damage":5,"enemies":"Chosen","floor":20,"turns":10},{"damage":102,"enemies":"Gremlin Leader","floor":23,"turns":9}],"seed_played":"-1806673335943678493","potions_obtained":[{"floor":2,"key":"Fruit Juice"},{"floor":5,"key":"Energy Potion"},{"floor":7,"key":"Fruit Juice"},{"floor":10,"key":"Swift Potion"},{"floor":18,"key":"Regen Potion"}],"is_trial":false,"path_per_floor":["M","M","$","?","M","R","M","E","T","M","R","E","R","$","R","B",null,"M","$","M","?","?","E"],"character_chosen":"DEFECT","items_purchased":["Runic Capacitor"],"campfire_rested":2,"item_purchase_floors":[19],"current_hp_per_floor":[75,78,78,67,61,61,57,27,27,27,52,21,21,21,46,3,85,76,76,71,71,71,0],"gold":231,"neow_bonus":"HUNDRED_GOLD","is_prod":false,"is_daily":false,"chose_seed":false,"campfire_upgraded":1,"win_rate":0,"timestamp":1560556162,"path_taken":["M","M","$","?","M","R","M","E","T","M","R","E","R","$","R","BOSS","M","$","M","?","?","E"],"build_version":"2019-01-23","purchased_purges":2,"victory":false,"max_hp_per_floor":[75,80,80,80,80,80,85,85,85,85,85,85,85,85,85,85,85,85,85,85,85,85,85],"card_choices":[{"not_picked":["Stack","Skim"],"picked":"Gash","floor":1},{"not_picked":["Barrage","Coolheaded"],"picked":"Steam","floor":2},{"not_picked":["Skim","Chaos","Stack"],"picked":"SKIP","floor":5},{"not_picked":["Conserve Battery","Tempest"],"picked":"Rebound","floor":7},{"not_picked":["Rebound","Double Energy"],"picked":"Machine Learning","floor":8},{"not_picked":["Streamline","Compile Driver","Redo"],"picked":"SKIP","floor":10},{"not_picked":["Beam Cell","Turbo"],"picked":"Reinforced Body","floor":12},{"not_picked":["Biased Cognition","Rainbow"],"picked":"Reboot","floor":16},{"not_picked":["Loop","BootSequence"],"picked":"Leap","floor":18},{"not_picked":["Chill+1","Ball Lightning"],"picked":"Defragment","floor":20}],"player_experience":801258,"relics_obtained":[{"floor":8,"key":"MawBank"},{"floor":12,"key":"Potion Belt"}],"event_choices":[{"damage_healed":0,"gold_gain":75,"player_choice":"Gather Gold","damage_taken":11,"max_hp_gain":0,"max_hp_loss":0,"event_name":"World of Goop","floor":4,"gold_loss":0},{"damage_healed":0,"gold_gain":0,"player_choice":"Simplicity","damage_taken":0,"max_hp_gain":0,"max_hp_loss":0,"event_name":"Back to Basics","floor":21,"gold_loss":0,"cards_upgraded":["Strike_B","Strike_B","Defend_B","Defend_B","Defend_B","Defend_B"]},{"damage_healed":0,"gold_gain":0,"player_choice":"Obtained Relic","damage_taken":0,"relics_obtained":["Blood Vial"],"max_hp_gain":0,"max_hp_loss":0,"event_name":"Addict","floor":22,"gold_loss":85}],"is_beta":false,"boss_relics":[{"not_picked":["White Beast Statue","Sozu"],"picked":"FrozenCore"}],"items_purged_floors":[3,19],"is_endless":false,"potions_floor_spawned":[2,5,7,10,18],"killed_by":"Gremlin Leader","ascension_level":0}