{"gold_per_floor":[111,131,146,17,17,46,46,64,64,64,98,115,115,132,132,228,228,243,256,288,14,31,31,65,84,84,84,84,98,98,197,197,292,292,306,306,317,40,89,116,133,133,133,162,162,162,11,23,23,23],"floor_reached":51,"playtime":3370,"items_purged":["Gash+1"],"score":735,"play_id":"1b3dc615-f294-4f6d-85f3-bb221bde939d","local_time":"20181013204128","is_ascension_mode":false,"campfire_choices":[{"floor":7,"key":"REST"},{"data":"Defragment","floor":13,"key":"SMITH"},{"floor":15,"key":"REST"},{"data":"Biased Cognition","floor":23,"key":"SMITH"},{"data":"Zap","floor":27,"key":"SMITH"},{"data":"Defragment","floor":30,"key":"SMITH"},{"data":"Streamline","floor":32,"key":"SMITH"},{"data":"Fission","floor":42,"key":"SMITH"},{"data":"Master of Strategy","floor":45,"key":"SMITH"},{"floor":49,"key":"REST"}],"neow_cost":"","seed_source_timestamp":337142846140219,"circlet_count":0,"master_deck":["Zap+1","Dualcast","Sweeping Beam","Streamline+1","Leap","Defragment+1","Electrodynamics","Glacier","FTL+1","Hologram","Barrage+1","Biased Cognition+1","Glacier","Ball Lightning+1","Defragment+1","Self Repair","Fission+1","Rebound+1","Coolheaded","Undo","Barrage+1","Ball Lightning+1","Tempest","Master of Strategy+1","Compile Driver+1"],"relics":["Cracked Core","Potion Belt","Molten Egg 2","Turnip","Nuclear Battery","Red Mask","ClockworkSouvenir","Orichalcum","Singing Bowl","Pandora\u0027s Box","Runic Capacitor","Peace Pipe","Sundial","Letter Opener","Darkstone Periapt"],"potions_floor_usage":[3,20,20,29,33,33,37,40,44,50,50,50,50,50],"damage_taken":[{"damage":5,"enemies":"Cultist","floor":1,"turns":4},{"damage":0,"enemies":"2 Louse","floor":2,"turns":2},{"damage":5,"enemies":"Small Slimes","floor":3,"turns":2},{"damage":32,"enemies":"Gremlin Nob","floor":6,"turns":4},{"damage":3,"enemies":"Looter","floor":8,"turns":3},{"damage":3,"enemies":"Lagavulin","floor":11,"turns":9},{"damage":11,"enemies":"3 Louse","floor":12,"turns":2},{"damage":1,"enemies":"2 Fungi Beasts","floor":14,"turns":2},{"damage":14,"enemies":"Slime Boss","floor":16,"turns":6},{"damage":5,"enemies":"3 Byrds","floor":18,"turns":2},{"damage":5,"enemies":"Spheric Guardian","floor":19,"turns":4},{"damage":0,"enemies":"Masked Bandits","floor":20,"turns":3},{"damage":0,"enemies":"Snake Plant","floor":22,"turns":4},{"damage":0,"enemies":"Slavers","floor":24,"turns":4},{"damage":0,"enemies":"Cultist and Chosen","floor":25,"turns":4},{"damage":6,"enemies":"Centurion and Healer","floor":29,"turns":6},{"damage":25,"enemies":"Collector","floor":33,"turns":8},{"damage":25,"enemies":"3 Darklings","floor":35,"turns":4},{"damage":2,"enemies":"Orb Walker","floor":37,"turns":4},{"damage":10,"enemies":"Mysterious Sphere","floor":39,"turns":4},{"damage":7,"enemies":"Giant Head","floor":40,"turns":7},{"damage":0,"enemies":"Transient","floor":41,"turns":5},{"damage":2,"enemies":"2 Orb Walkers","floor":44,"turns":5},{"damage":13,"enemies":"3 Darklings","floor":48,"turns":2},{"damage":8,"enemies":"Awakened One","floor":50,"turns":6}],"seed_played":"-2319615619450883985","potions_obtained":[{"floor":2,"key":"SteroidPotion"},{"floor":8,"key":"Strength Potion"},{"floor":12,"key":"SpeedPotion"},{"floor":16,"key":"Poison Potion"},{"floor":18,"key":"SpeedPotion"},{"floor":20,"key":"Ancient Potion"},{"floor":22,"key":"SkillPotion"},{"floor":25,"key":"AttackPotion"},{"floor":33,"key":"LiquidBronze"},{"floor":35,"key":"Swift Potion"},{"floor":40,"key":"SpeedPotion"},{"floor":48,"key":"Dexterity Potion"}],"is_trial":false,"path_per_floor":["M","M","M","$","?","E","R","M","T","?","E","M","R","M","R","B",null,"M","M","?","$","M","R","E","M","T","R","?","M","R","?","R","B",null,"M","?","M","$","?","E","M","R","T","E","R","?","$","M","R","B"],"character_chosen":"DEFECT","items_purchased":["Leap","Defragment","ClockworkSouvenir","Defragment","Runic Capacitor","AttackPotion","Fire Potion","Swift Potion"],"campfire_rested":3,"item_purchase_floors":[4,4,21,21,38,47,47,47],"current_hp_per_floor":[70,70,65,65,65,33,55,52,52,52,49,38,38,37,59,45,75,70,65,65,65,65,65,72,75,75,75,75,77,77,77,77,52,77,54,54,61,61,60,62,69,69,69,69,69,69,69,65,89,81],"gold":23,"neow_bonus":"","is_prod":false,"is_daily":false,"chose_seed":false,"campfire_upgraded":7,"win_rate":0,"timestamp":1539477688,"path_taken":["M","M","M","$","?","E","R","M","T","?","E","M","R","M","R","BOSS","M","M","?","$","M","R","E","M","T","R","?","M","R","?","R","BOSS","M","?","?","?","?","E","M","R","T","E","R","?","$","M","R","BOSS"],"build_version":"2018-10-11","purchased_purges":1,"victory":true,"max_hp_per_floor":[75,75,75,75,75,75,75,75,75,75,75,75,75,75,75,75,75,75,75,75,75,75,75,75,75,75,75,75,77,77,77,77,77,77,79,79,81,81,83,85,85,85,85,87,87,87,87,89,89,89],"card_choices":[{"not_picked":["Aggregate","Streamline"],"picked":"Conserve Battery","floor":1},{"not_picked":["Storm","Scrape"],"picked":"Sweeping Beam","floor":2},{"not_picked":["Steam","Melter"],"picked":"Streamline","floor":3},{"not_picked":["Hologram","Leap"],"picked":"Electrodynamics","floor":6},{"not_picked":["Heatsinks","Steam Power"],"picked":"Glacier","floor":8},{"not_picked":["Barrage+1","White Noise"],"picked":"FTL+1","floor":11},{"not_picked":["Stack","Sweeping Beam+1"],"picked":"Hologram","floor":12},{"not_picked":["Beam Cell+1","Thunder Strike+1"],"picked":"Barrage+1","floor":14},{"not_picked":["Amplify","Thunder Strike+1"],"picked":"Biased Cognition","floor":16},{"not_picked":["Reprogram","Gash+1"],"picked":"Glacier","floor":18},{"not_picked":["Conserve Battery","Stack","Turbo+1"],"picked":"SKIP","floor":19},{"not_picked":["Defragment","Turbo"],"picked":"Ball Lightning+1","floor":20},{"not_picked":["FTL+1","Loop"],"picked":"Self Repair","floor":22},{"not_picked":["Glacier+1","Rainbow","Streamline+1"],"picked":"SKIP","floor":24},{"not_picked":["Leap","Sweeping Beam+1","Loop"],"picked":"SKIP","floor":25},{"not_picked":["Stack+1","Leap","Loop"],"picked":"Singing Bowl","floor":29},{"not_picked":["All For One+1","Core Surge+1"],"picked":"Fission","floor":33},{"not_picked":["Sweeping Beam+1","Gash+1","Steam"],"picked":"Singing Bowl","floor":35},{"not_picked":["Dramatic Entrance+1","Discovery"],"picked":"Master of Strategy","floor":36},{"not_picked":["Force Field+1","Coolheaded","Turbo+1"],"picked":"Singing Bowl","floor":37},{"not_picked":["Turbo","Rip and Tear+1","Beam Cell+1"],"picked":"Singing Bowl","floor":39},{"not_picked":["Beam Cell+1","Steam","Stack"],"picked":"Singing Bowl","floor":40},{"not_picked":["Hologram","Stack+1"],"picked":"Compile Driver+1","floor":41},{"not_picked":["Barrage+1","Rainbow","Rebound+1"],"picked":"Singing Bowl","floor":44},{"not_picked":["Streamline+1","Stack+1","Rip and Tear+1"],"picked":"Singing Bowl","floor":48}],"player_experience":369713,"relics_obtained":[{"floor":6,"key":"Potion Belt"},{"floor":9,"key":"Molten Egg 2"},{"floor":11,"key":"Turnip"},{"floor":20,"key":"Red Mask"},{"floor":24,"key":"Orichalcum"},{"floor":26,"key":"Singing Bowl"},{"floor":39,"key":"Peace Pipe"},{"floor":40,"key":"Sundial"},{"floor":43,"key":"Letter Opener"},{"floor":44,"key":"Darkstone Periapt"}],"event_choices":[{"event_name":"Bonfire Elementals","player_choice":"BASIC","floor":5,"damage_taken":0},{"event_name":"Liars Game","player_choice":"disagreed","floor":10,"damage_taken":0},{"event_name":"Masked Bandits","player_choice":"Fought Bandits","floor":20,"damage_taken":0},{"event_name":"Nest","player_choice":"Stole From Cult","floor":31,"damage_taken":0},{"event_name":"SensoryStone","player_choice":"Memory 1","floor":36,"damage_taken":0},{"event_name":"Mysterious Sphere","player_choice":"Fight","floor":39,"damage_taken":0},{"event_name":"Falling","player_choice":"Removed Skill","floor":46,"damage_taken":0}],"is_beta":true,"boss_relics":[{"not_picked":["Empty Cage","Tiny House"],"picked":"Nuclear Battery"},{"not_picked":["Snecko Eye","Lizard Tail"],"picked":"Pandora\u0027s Box"}],"items_purged_floors":[38],"is_endless":false,"potions_floor_spawned":[2,8,12,16,18,20,22,25,33,35,40,48],"ascension_level":0}