{"gold_per_floor":[118,131,144,319,339,339,356,372,372,372,389,400,400,429,429,527,527,544,544,86,100,112,112,112,145,145,163,163,25,25],"floor_reached":30,"playtime":1348,"items_purged":["Doubt","Strike_B"],"score":306,"play_id":"6c6118c3-6987-44c6-822f-0899486cacfc","local_time":"20190812154403","is_ascension_mode":true,"campfire_choices":[{"data":"Zap","floor":6,"key":"SMITH"},{"floor":13,"key":"REST"},{"data":"Go for the Eyes","floor":15,"key":"SMITH"},{"data":"Fission","floor":24,"key":"SMITH"},{"data":"Loop","floor":28,"key":"SMITH"}],"neow_cost":"NONE","seed_source_timestamp":181941061217500,"circlet_count":0,"master_deck":["Strike_B","Strike_B","Strike_B","Defend_B","Defend_B","Defend_B","Defend_B","Zap+1","Dualcast","Go for the Eyes+1","Go for the Eyes","Loop+1","Cold Snap","Beam Cell","Cold Snap","Glacier","Recycle","Coolheaded","Rebound","Fission+1","Defragment+1","Defragment+1","Conserve Battery","Undo","Loop","Capacitor","Defragment","Regret","All For One","Defragment"],"relics":["Cracked Core","Mummified Hand","The Courier","Cursed Key","Bag of Preparation","Bird Faced Urn","Red Mask","Blue Candle"],"potions_floor_usage":[8,12,16,16,16],"damage_taken":[{"damage":1,"enemies":"Small Slimes","floor":1,"turns":3},{"damage":4,"enemies":"Jaw Worm","floor":2,"turns":3},{"damage":4,"enemies":"Cultist","floor":3,"turns":3},{"damage":9,"enemies":"Large Slime","floor":5,"turns":6},{"damage":9,"enemies":"Looter","floor":7,"turns":3},{"damage":11,"enemies":"3 Louse","floor":8,"turns":3},{"damage":7,"enemies":"Large Slime","floor":11,"turns":7},{"damage":15,"enemies":"Exordium Thugs","floor":12,"turns":5},{"damage":10,"enemies":"Lagavulin","floor":14,"turns":11},{"damage":29,"enemies":"Hexaghost","floor":16,"turns":16},{"damage":5,"enemies":"Shell Parasite","floor":18,"turns":9},{"damage":0,"enemies":"Spheric Guardian","floor":21,"turns":3},{"damage":5,"enemies":"Snake Plant","floor":22,"turns":7},{"damage":9,"enemies":"Masked Bandits","floor":25,"turns":8},{"damage":25,"enemies":"Snecko","floor":27,"turns":7},{"damage":73,"enemies":"Slavers","floor":30,"turns":4}],"seed_played":"-8885427563574608871","potions_obtained":[{"floor":1,"key":"PowerPotion"},{"floor":3,"key":"Ancient Potion"},{"floor":7,"key":"SkillPotion"},{"floor":14,"key":"EntropicBrew"},{"floor":22,"key":"Explosive Potion"}],"is_trial":false,"path_per_floor":["M","M","M","?","M","R","M","M","T","?","M","M","R","E","R","B",null,"M","?","$","M","M","?","R","?","T","M","R","$","E"],"character_chosen":"DEFECT","items_purchased":["Bag of Preparation","Conserve Battery","Bird Faced Urn","Defragment"],"campfire_rested":1,"item_purchase_floors":[20,20,20,29],"current_hp_per_floor":[74,70,66,66,57,57,48,37,37,42,35,20,44,34,34,5,80,75,75,75,77,77,77,77,75,75,57,57,57,0],"gold":25,"neow_bonus":"THREE_CARDS","is_prod":false,"is_daily":false,"chose_seed":false,"campfire_upgraded":4,"win_rate":0,"timestamp":1565592243,"path_taken":["M","M","M","?","M","R","M","M","T","?","?","M","R","E","R","BOSS","M","?","$","M","?","?","R","?","T","M","R","$","E"],"build_version":"2019-07-17","purchased_purges":2,"victory":false,"max_hp_per_floor":[75,75,75,75,75,75,75,75,75,80,80,80,80,80,80,80,80,80,80,80,80,80,80,80,80,80,80,80,80,80],"card_choices":[{"not_picked":["Turbo","Compile Driver"],"picked":"Go for the Eyes","floor":0},{"not_picked":["Auto Shields","Reprogram"],"picked":"Go for the Eyes","floor":1},{"not_picked":["Tempest","Coolheaded"],"picked":"Loop","floor":2},{"not_picked":["Doom and Gloom","Turbo"],"picked":"Cold Snap","floor":3},{"not_picked":["Scrape","Reprogram"],"picked":"Beam Cell","floor":5},{"not_picked":["Gash","Scrape"],"picked":"Cold Snap","floor":7},{"not_picked":["Leap","Rainbow"],"picked":"Glacier","floor":8},{"not_picked":["Static Discharge","Streamline"],"picked":"Recycle","floor":11},{"not_picked":["Barrage","Chaos"],"picked":"Coolheaded","floor":12},{"not_picked":["Amplify","Stack"],"picked":"Rebound","floor":14},{"not_picked":["Biased Cognition","Rainbow"],"picked":"Fission","floor":16},{"not_picked":["Conserve Battery","Sweeping Beam+1"],"picked":"Defragment+1","floor":18},{"not_picked":["Streamline+1","Aggregate"],"picked":"Undo","floor":21},{"not_picked":["Compile Driver","Turbo"],"picked":"Loop","floor":22},{"not_picked":["Redo+1","Sweeping Beam"],"picked":"Defragment","floor":25},{"not_picked":["Aggregate","Hologram"],"picked":"All For One","floor":27}],"player_experience":131823,"relics_obtained":[{"floor":9,"key":"Mummified Hand"},{"floor":14,"key":"The Courier"},{"floor":25,"key":"Red Mask"},{"floor":26,"key":"Blue Candle"}],"event_choices":[{"damage_healed":0,"gold_gain":175,"player_choice":"AGREE","damage_taken":0,"max_hp_gain":0,"max_hp_loss":0,"event_name":"Liars Game","floor":4,"gold_loss":0,"cards_obtained":["Doubt"]},{"damage_healed":0,"gold_gain":0,"player_choice":"Donut","damage_taken":0,"max_hp_gain":5,"max_hp_loss":0,"event_name":"Big Fish","floor":10,"gold_loss":0},{"damage_healed":0,"gold_gain":0,"player_choice":"Copied","damage_taken":0,"max_hp_gain":0,"max_hp_loss":0,"event_name":"Duplicator","floor":19,"gold_loss":0,"cards_obtained":["Defragment"]},{"damage_healed":0,"gold_gain":0,"player_choice":"Read","damage_taken":0,"max_hp_gain":0,"max_hp_loss":0,"event_name":"The Library","floor":23,"gold_loss":0,"cards_obtained":["Capacitor"]},{"damage_healed":0,"gold_gain":0,"player_choice":"Fought Bandits","damage_taken":0,"max_hp_gain":0,"max_hp_loss":0,"event_name":"Masked Bandits","floor":25,"gold_loss":0}],"is_beta":false,"boss_relics":[{"not_picked":["Inserter","Coffee Dripper"],"picked":"Cursed Key"}],"items_purged_floors":[20,29],"is_endless":false,"potions_floor_spawned":[1,3,7,14,22],"killed_by":"Slavers","ascension_level":4}