{"gold_per_floor":[117,131,131,54,54,80,114,143,193,220,253,282,310,338,338,441,441,452,472,507,90,90,123,123,149,149,149,179,34,60,92,92,192,192,211,211,230,80,100,127,127,162,186,221,254,287,316,316,316,316],"floor_reached":51,"playtime":4165,"items_purged":[],"score":1304,"play_id":"95b4e11c-134d-4307-8226-b6903860eb93","local_time":"20190824014724","daily_mods":["SealedDeck","Heirloom","Flight","DeadlyEvents","Elite Swarm"],"is_ascension_mode":false,"campfire_choices":[{"floor":15,"key":"REST"},{"data":"Burst","floor":24,"key":"SMITH"},{"floor":27,"key":"REST"},{"data":"Adrenaline","floor":32,"key":"SMITH"},{"floor":41,"key":"REST"},{"data":"Secret Technique","floor":49,"key":"SMITH"}],"neow_cost":"","seed_source_timestamp":0,"circlet_count":0,"master_deck":["Heel Hook","Sucker Punch","Sucker Punch","Blur","Bane","Bane","Bane","Crippling Poison","Backflip","Noxious Fumes","Backflip","Well Laid Plans","Adrenaline+1","Corpse Explosion","Burst+1","Bullet Time","Malaise","Envenom","Noxious Fumes","Secret Technique+1","Envenom","Secret Technique+1","Sadistic Nature","Adrenaline+1","Adrenaline+1","Adrenaline+1"],"relics":["Ring of the Snake","Torii","Tingsha","Regal Pillow","Meat on the Bone","Omamori","Pantograph","Darkstone Periapt","Prayer Wheel","Unceasing Top","Blood Vial","Black Star","Red Mask","Bottled Tornado","Singing Bowl","Question Card","Dead Branch","Sundial","Dodecahedron","Toxic Egg 2","Lantern","Ice Cream","Snake Skull","Gremlin Horn","The Specimen","The Courier","Pen Nib","Eternal Feather","Bird Faced Urn","Molten Egg 2","Dream Catcher","Ornamental Fan","Art of War","Frozen Egg 2","Bottled Lightning","Bag of Marbles","Boot","Centennial Puzzle","Ninja Scroll","Shuriken","Mummified Hand"],"potions_floor_usage":[6,7,8,8,8,10,14,18,20,23,25,33,33,40,46],"damage_taken":[{"damage":1,"enemies":"2 Louse","floor":1,"turns":2},{"damage":0,"enemies":"Cultist","floor":2,"turns":3},{"damage":2,"enemies":"Lagavulin","floor":6,"turns":6},{"damage":0,"enemies":"Gremlin Nob","floor":7,"turns":3},{"damage":6,"enemies":"3 Sentries","floor":8,"turns":2},{"damage":6,"enemies":"Gremlin Nob","floor":10,"turns":3},{"damage":0,"enemies":"Lagavulin","floor":11,"turns":5},{"damage":16,"enemies":"Gremlin Nob","floor":12,"turns":4},{"damage":0,"enemies":"Lagavulin","floor":13,"turns":6},{"damage":22,"enemies":"Gremlin Nob","floor":14,"turns":4},{"damage":24,"enemies":"The Guardian","floor":16,"turns":8},{"damage":15,"enemies":"Spheric Guardian","floor":18,"turns":5},{"damage":0,"enemies":"3 Byrds","floor":19,"turns":1},{"damage":16,"enemies":"Masked Bandits","floor":20,"turns":3},{"damage":28,"enemies":"Book of Stabbing","floor":23,"turns":8},{"damage":25,"enemies":"Gremlin Leader","floor":25,"turns":4},{"damage":17,"enemies":"Book of Stabbing","floor":28,"turns":6},{"damage":4,"enemies":"Gremlin Leader","floor":30,"turns":3},{"damage":16,"enemies":"Slavers","floor":31,"turns":3},{"damage":16,"enemies":"Champ","floor":33,"turns":6},{"damage":1,"enemies":"Orb Walker","floor":35,"turns":2},{"damage":1,"enemies":"3 Darklings","floor":37,"turns":2},{"damage":36,"enemies":"Sphere and 2 Shapes","floor":39,"turns":4},{"damage":19,"enemies":"Reptomancer","floor":40,"turns":3},{"damage":0,"enemies":"Giant Head","floor":42,"turns":3},{"damage":0,"enemies":"Reptomancer","floor":44,"turns":2},{"damage":0,"enemies":"Giant Head","floor":45,"turns":5},{"damage":0,"enemies":"Nemesis","floor":46,"turns":1},{"damage":0,"enemies":"Reptomancer","floor":47,"turns":2},{"damage":52,"enemies":"Awakened One","floor":50,"turns":5}],"seed_played":"-585716267735541909","potions_obtained":[{"floor":5,"key":"EntropicBrew"},{"floor":5,"key":"Dexterity Potion"},{"floor":5,"key":"Energy Potion"},{"floor":6,"key":"Energy Potion"},{"floor":8,"key":"Explosive Potion"},{"floor":13,"key":"Dexterity Potion"},{"floor":14,"key":"Energy Potion"},{"floor":19,"key":"LiquidBronze"},{"floor":25,"key":"SteroidPotion"},{"floor":30,"key":"Dexterity Potion"},{"floor":31,"key":"Fire Potion"},{"floor":35,"key":"LiquidBronze"},{"floor":39,"key":"Poison Potion"},{"floor":40,"key":"AttackPotion"}],"is_trial":true,"path_per_floor":["M","M","?","$","?","E","E","E","T","E","E","E","E","E","R","B",null,"M","M","?","$","T","E","R","E","T","R","E","$","E","E","R","B",null,"M","?","M","$","M","E","R","E","T","E","E","E","E","$","R","B",null],"character_chosen":"THE_SILENT","items_purchased":["Well Laid Plans","Bottled Tornado","Secret Technique","Snake Skull","Sadistic Nature"],"campfire_rested":3,"item_purchase_floors":[4,21,21,29,38],"current_hp_per_floor":[69,69,69,69,69,67,67,61,61,55,55,39,39,29,65,46,70,55,57,43,43,43,31,31,22,22,59,46,46,44,44,44,57,80,83,77,82,82,52,47,96,98,98,98,98,100,102,102,102,62],"gold":316,"neow_bonus":"","is_prod":false,"is_daily":false,"chose_seed":false,"campfire_upgraded":3,"win_rate":0,"timestamp":1566636444,"path_taken":["M","M","?","?","?","E","E","E","T","E","E","E","E","E","R","BOSS","M","?","?","?","?","E","R","E","T","R","E","$","E","E","R","BOSS","M","?","M","$","?","E","R","E","T","E","E","E","E","$","R","BOSS"],"build_version":"2019-07-17","purchased_purges":0,"victory":true,"max_hp_per_floor":[70,70,70,70,70,70,70,70,70,70,70,70,70,70,70,70,70,70,70,70,70,70,72,72,74,74,74,76,76,76,78,78,80,80,84,88,92,92,96,96,96,98,98,98,98,100,102,102,102,102],"card_choices":[{"not_picked":["Prepared","Caltrops"],"picked":"Noxious Fumes","floor":1},{"not_picked":["Deadly Poison","Flying Knee"],"picked":"Backflip","floor":2},{"not_picked":["Glass Knife","Night Terror"],"picked":"Adrenaline","floor":6},{"not_picked":["Phantasmal Killer","Grand Finale"],"picked":"Corpse Explosion","floor":7},{"not_picked":["Doppelganger","Tools of the Trade"],"picked":"Burst","floor":8},{"not_picked":["Tools of the Trade","Night Terror"],"picked":"Bullet Time","floor":10},{"not_picked":["Die Die Die","Doppelganger"],"picked":"Malaise","floor":11},{"not_picked":["Burst","Unload","Phantasmal Killer"],"picked":"SKIP","floor":12},{"not_picked":["Tools of the Trade","Venomology"],"picked":"Envenom","floor":13},{"not_picked":["Malaise","Die Die Die","Night Terror"],"picked":"SKIP","floor":14},{"not_picked":["Flying Knee","Slice+1","Deflect"],"picked":"SKIP","floor":18},{"not_picked":["Flying Knee","Masterful Stab+1","Poisoned Stab"],"picked":"SKIP","floor":18},{"not_picked":["Flying Knee","Finisher+1"],"picked":"Noxious Fumes","floor":19},{"not_picked":["Dodge and Roll","PiercingWail","Flying Knee+1"],"picked":"SKIP","floor":19},{"not_picked":["A Thousand Cuts","Burst","Tools of the Trade"],"picked":"Singing Bowl","floor":23},{"not_picked":["Burst","After Image","Phantasmal Killer","Doppelganger"],"picked":"Singing Bowl","floor":25},{"not_picked":["Venomology+1","Unload","Malaise+1","Night Terror+1"],"picked":"Singing Bowl","floor":28},{"not_picked":["Malaise+1","A Thousand Cuts","Bullet Time+1"],"picked":"Envenom","floor":30},{"not_picked":["Tools of the Trade","Malaise+1","Wraith Form v2","A Thousand Cuts"],"picked":"Singing Bowl","floor":31},{"not_picked":["Doppelganger+1","Storm of Steel+1","Glass Knife","Corpse Explosion+1"],"picked":"Singing Bowl","floor":33},{"not_picked":["Distraction+1","Setup+1","Dagger Throw","Poisoned Stab+1"],"picked":"Singing Bowl","floor":35},{"not_picked":["Noxious Fumes","All Out Attack+1","Flechettes","Outmaneuver+1"],"picked":"Singing Bowl","floor":35},{"not_picked":["PanicButton+1","Panache","Panacea+1","The Bomb+1"],"picked":"Singing Bowl","floor":36},{"not_picked":["Jack Of All Trades+1","Impatience+1","Discovery+1"],"picked":"Secret Technique+1","floor":36},{"not_picked":["Violence+1","Deep Breath+1","Dramatic Entrance","HandOfGreed"],"picked":"Singing Bowl","floor":36},{"not_picked":["Underhanded Strike","Choke+1","Dash","Dodge and Roll+1"],"picked":"Singing Bowl","floor":37},{"not_picked":["Prepared+1","PiercingWail+1","Underhanded Strike+1","Caltrops"],"picked":"Singing Bowl","floor":37},{"not_picked":["Blade Dance+1","Poisoned Stab","Backflip+1","Flying Knee"],"picked":"Singing Bowl","floor":39},{"not_picked":["Cloak And Dagger+1","Outmaneuver+1","Skewer","Endless Agony+1"],"picked":"Singing Bowl","floor":39},{"not_picked":["Glass Knife","Tools of the Trade","Burst+1"],"picked":"Adrenaline+1","floor":40},{"not_picked":["Glass Knife+1","After Image","Unload+1","Die Die Die+1"],"picked":"Singing Bowl","floor":42},{"not_picked":["Burst+1","Phantasmal Killer+1","Night Terror+1"],"picked":"Adrenaline+1","floor":44},{"not_picked":["Envenom+1","Venomology+1","After Image+1"],"picked":"Adrenaline+1","floor":45},{"not_picked":["Unload+1","A Thousand Cuts+1","Night Terror+1","Corpse Explosion+1"],"picked":"Singing Bowl","floor":46},{"not_picked":["Envenom+1","Tools of the Trade+1","Adrenaline+1","Glass Knife+1"],"picked":"Singing Bowl","floor":47}],"player_experience":85016,"relics_obtained":[{"floor":6,"key":"Tingsha"},{"floor":7,"key":"Regal Pillow"},{"floor":8,"key":"Meat on the Bone"},{"floor":9,"key":"Omamori"},{"floor":10,"key":"Pantograph"},{"floor":11,"key":"Darkstone Periapt"},{"floor":12,"key":"Prayer Wheel"},{"floor":13,"key":"Unceasing Top"},{"floor":14,"key":"Blood Vial"},{"floor":20,"key":"Red Mask"},{"floor":22,"key":"Singing Bowl"},{"floor":23,"key":"Question Card"},{"floor":23,"key":"Dead Branch"},{"floor":25,"key":"Sundial"},{"floor":25,"key":"Dodecahedron"},{"floor":26,"key":"Toxic Egg 2"},{"floor":28,"key":"Lantern"},{"floor":28,"key":"Ice Cream"},{"floor":30,"key":"Gremlin Horn"},{"floor":30,"key":"The Specimen"},{"floor":31,"key":"The Courier"},{"floor":31,"key":"Pen Nib"},{"floor":40,"key":"Bird Faced Urn"},{"floor":40,"key":"Molten Egg 2"},{"floor":42,"key":"Dream Catcher"},{"floor":42,"key":"Ornamental Fan"},{"floor":43,"key":"Art of War"},{"floor":44,"key":"Frozen Egg 2"},{"floor":44,"key":"Bottled Lightning"},{"floor":45,"key":"Bag of Marbles"},{"floor":45,"key":"Boot"},{"floor":46,"key":"Centennial Puzzle"},{"floor":46,"key":"Ninja Scroll"},{"floor":47,"key":"Shuriken"},{"floor":47,"key":"Mummified Hand"}],"event_choices":[{"cards_removed":["Bane"],"damage_healed":0,"gold_gain":0,"player_choice":"Purged","damage_taken":0,"max_hp_gain":0,"max_hp_loss":0,"event_name":"Purifier","floor":3,"gold_loss":0},{"damage_healed":0,"gold_gain":0,"player_choice":"Got Potions","damage_taken":0,"max_hp_gain":0,"max_hp_loss":0,"event_name":"Lab","floor":5,"gold_loss":0},{"damage_healed":0,"gold_gain":0,"player_choice":"Fought Bandits","damage_taken":0,"max_hp_gain":0,"max_hp_loss":0,"event_name":"Masked Bandits","floor":20,"gold_loss":0},{"damage_healed":0,"gold_gain":0,"player_choice":"Memory 3","damage_taken":10,"max_hp_gain":0,"max_hp_loss":0,"event_name":"SensoryStone","floor":36,"gold_loss":0}],"is_beta":false,"boss_relics":[{"not_picked":["Tiny House","Runic Pyramid"],"picked":"Black Star"},{"not_picked":["Astrolabe","Empty Cage"],"picked":"Eternal Feather"}],"items_purged_floors":[],"is_endless":false,"potions_floor_spawned":[6,8,13,14,16,19,25,30,31,35,39,40,45],"ascension_level":0}