{"gold_per_floor":[109,125,46,61,76,76,102,102,102,116,131,157,157,167,167,270,270,283,283,294,204,221,221,255,255,255,140,140,55,55,68,68,168,168,182,582,146,156,173,173,202,202,227,246,246,265,108,108,108,108],"floor_reached":51,"playtime":4037,"items_purged":["Strike_G","Strike_G"],"score":732,"play_id":"4d432266-e1d8-4dbf-962a-47170035eb79","local_time":"20190610204424","is_ascension_mode":false,"campfire_choices":[{"data":"Neutralize","floor":6,"key":"SMITH"},{"data":"Expertise","floor":8,"key":"SMITH"},{"floor":13,"key":"RECALL"},{"data":"Accuracy","floor":15,"key":"SMITH"},{"data":"Storm of Steel","floor":23,"key":"SMITH"},{"floor":25,"key":"REST"},{"data":"Blade Dance","floor":30,"key":"SMITH"},{"data":"Cloak And Dagger","floor":32,"key":"SMITH"},{"floor":40,"key":"REST"},{"data":"Leg Sweep","floor":49,"key":"SMITH"}],"neow_cost":"NONE","seed_source_timestamp":1937034270888960,"circlet_count":0,"master_deck":["Defend_G","Defend_G","Defend_G+1","Defend_G","Defend_G","Strike_G+1","Strike_G","Survivor","Neutralize+1","Cloak And Dagger+1","Quick Slash","Expertise+1","Quick Slash","Dagger Spray","Accuracy+1","Quick Slash","Infinite Blades","Storm of Steel+1","Backflip+1","Blade Dance+1","Footwork+1","Writhe","Blade Dance+1","Envenom+1","Cloak And Dagger+1","Leg Sweep+1","After Image+1","Endless Agony+1","Slice+1","Dramatic Entrance"],"relics":["Ring of the Snake","Bottled Flame","Singing Bowl","Pantograph","Sozu","Ancient Tea Set","Frozen Egg 2","Bag of Marbles","Bag of Preparation","WristBlade","Old Coin","Ornamental Fan","Orichalcum","Vajra","Whetstone"],"potions_floor_usage":[12,16,50,50],"damage_taken":[{"damage":0,"enemies":"2 Louse","floor":1,"turns":5},{"damage":4,"enemies":"Cultist","floor":2,"turns":4},{"damage":0,"enemies":"Small Slimes","floor":4,"turns":3},{"damage":3,"enemies":"Looter","floor":5,"turns":3},{"damage":24,"enemies":"3 Sentries","floor":7,"turns":10},{"damage":4,"enemies":"Large Slime","floor":10,"turns":5},{"damage":2,"enemies":"2 Fungi Beasts","floor":11,"turns":3},{"damage":10,"enemies":"Gremlin Nob","floor":12,"turns":4},{"damage":0,"enemies":"Looter","floor":14,"turns":4},{"damage":25,"enemies":"Slime Boss","floor":16,"turns":7},{"damage":20,"enemies":"2 Thieves","floor":18,"turns":5},{"damage":3,"enemies":"Chosen","floor":20,"turns":5},{"damage":17,"enemies":"3 Cultists","floor":22,"turns":7},{"damage":39,"enemies":"Slavers","floor":24,"turns":5},{"damage":0,"enemies":"Snecko","floor":31,"turns":3},{"damage":47,"enemies":"Collector","floor":33,"turns":7},{"damage":0,"enemies":"3 Darklings","floor":35,"turns":5},{"damage":48,"enemies":"Mind Bloom Boss Battle","floor":36,"turns":4},{"damage":0,"enemies":"3 Shapes","floor":38,"turns":3},{"damage":0,"enemies":"Jaw Worm Horde","floor":39,"turns":4},{"damage":0,"enemies":"Giant Head","floor":41,"turns":6},{"damage":13,"enemies":"4 Shapes","floor":44,"turns":4},{"damage":2,"enemies":"Maw","floor":46,"turns":6},{"damage":60,"enemies":"Time Eater","floor":50,"turns":10}],"seed_played":"-5937656671242617211","potions_obtained":[{"floor":1,"key":"Weak Potion"},{"floor":7,"key":"PowerPotion"},{"floor":11,"key":"LiquidBronze"},{"floor":12,"key":"PowerPotion"},{"floor":14,"key":"PowerPotion"}],"is_trial":false,"path_per_floor":["M","M","$","M","M","R","E","R","T","M","M","E","R","M","R","B",null,"M","?","M","?","M","R","E","R","T","$","?","?","R","M","R","B",null,"M","?","$","M","M","R","E","?","T","M","?","M","$","?","R","B",null],"character_chosen":"THE_SILENT","items_purchased":["Expertise","Footwork+1","Ornamental Fan","Leg Sweep","Whetstone"],"campfire_rested":2,"item_purchase_floors":[3,27,37,37,47],"current_hp_per_floor":[70,66,66,66,63,63,39,39,39,35,33,23,23,25,25,25,72,54,84,81,81,66,66,27,52,52,52,52,52,52,52,52,30,86,86,40,40,42,44,71,71,71,71,58,58,56,56,56,56,21],"gold":108,"neow_bonus":"ONE_RANDOM_RARE_CARD","is_prod":false,"is_daily":false,"chose_seed":false,"campfire_upgraded":7,"win_rate":0,"timestamp":1560217464,"path_taken":["M","M","$","M","M","R","E","R","T","M","M","E","R","M","R","BOSS","M","?","?","?","?","R","E","R","T","$","?","?","R","M","R","BOSS","M","?","$","M","M","R","E","?","T","?","?","M","$","?","R","BOSS"],"build_version":"2019-01-23","purchased_purges":2,"victory":true,"max_hp_per_floor":[70,70,70,70,70,70,70,70,70,70,70,70,70,72,72,72,72,74,84,84,84,86,86,86,86,86,86,86,86,86,86,86,86,86,86,88,88,90,92,92,92,92,92,92,92,92,92,92,92,92],"card_choices":[{"not_picked":["Heel Hook","Slice"],"picked":"Cloak And Dagger","floor":1},{"not_picked":["Crippling Poison","Poisoned Stab"],"picked":"Quick Slash","floor":2},{"not_picked":["Sucker Punch","Bane"],"picked":"Quick Slash","floor":4},{"not_picked":["Skewer","Caltrops","Sucker Punch"],"picked":"SKIP","floor":5},{"not_picked":["Blade Dance","Night Terror"],"picked":"Dagger Spray","floor":7},{"not_picked":["Tactician","Dodge and Roll"],"picked":"Accuracy","floor":10},{"not_picked":["Outmaneuver","Deadly Poison"],"picked":"Quick Slash","floor":11},{"not_picked":["Caltrops","Dagger Spray"],"picked":"Infinite Blades","floor":12},{"not_picked":["Deadly Poison","Tactician","Expertise"],"picked":"Singing Bowl","floor":14},{"not_picked":["Burst","Glass Knife"],"picked":"Storm of Steel","floor":16},{"not_picked":["Acrobatics","Deadly Poison","Calculated Gamble"],"picked":"Singing Bowl","floor":18},{"not_picked":["Riddle With Holes+1","Dagger Throw"],"picked":"Backflip+1","floor":20},{"not_picked":["Tactician","PiercingWail","Underhanded Strike+1"],"picked":"Singing Bowl","floor":22},{"not_picked":["Dagger Spray+1","Sucker Punch"],"picked":"Blade Dance","floor":24},{"not_picked":["Slice+1","Dagger Spray"],"picked":"Blade Dance+1","floor":31},{"not_picked":["Doppelganger","Corpse Explosion"],"picked":"Envenom+1","floor":33},{"not_picked":["Bane","Dagger Spray+1"],"picked":"Cloak And Dagger+1","floor":35},{"not_picked":["Phantasmal Killer","Dagger Throw","Heel Hook"],"picked":"Singing Bowl","floor":36},{"not_picked":["Outmaneuver+1","Sucker Punch","Caltrops+1"],"picked":"Singing Bowl","floor":38},{"not_picked":["Outmaneuver+1","Backflip","Wraith Form v2+1"],"picked":"Singing Bowl","floor":39},{"not_picked":["Accuracy+1","Acrobatics"],"picked":"After Image+1","floor":41},{"not_picked":["Riddle With Holes+1","Dagger Spray"],"picked":"Endless Agony+1","floor":44},{"not_picked":["Acrobatics+1","Dodge and Roll+1"],"picked":"Slice","floor":46},{"not_picked":["Impatience","Bandage Up"],"picked":"Dramatic Entrance","floor":48}],"player_experience":752484,"relics_obtained":[{"floor":7,"key":"Bottled Flame"},{"floor":9,"key":"Singing Bowl"},{"floor":12,"key":"Pantograph"},{"floor":24,"key":"Ancient Tea Set"},{"floor":26,"key":"Frozen Egg 2"},{"floor":36,"key":"Old Coin"},{"floor":41,"key":"Orichalcum"},{"floor":43,"key":"Vajra"}],"event_choices":[{"cards_removed":["Grand Finale"],"damage_healed":20,"gold_gain":0,"player_choice":"Offered Rare","damage_taken":0,"max_hp_gain":10,"max_hp_loss":0,"event_name":"Bonfire Elementals","floor":19,"gold_loss":0},{"cards_removed":["Strike_G"],"damage_healed":0,"gold_gain":0,"player_choice":"Upgrade and Remove","damage_taken":0,"max_hp_gain":0,"max_hp_loss":0,"event_name":"Designer","floor":21,"gold_loss":90,"cards_upgraded":["Defend_G"]},{"damage_healed":0,"gold_gain":0,"player_choice":"Opened","damage_taken":0,"relics_obtained":["Bag of Marbles"],"max_hp_gain":0,"max_hp_loss":0,"event_name":"The Mausoleum","floor":28,"gold_loss":0,"cards_obtained":["Writhe"]},{"damage_healed":0,"gold_gain":0,"player_choice":"Obtained Relic","damage_taken":0,"relics_obtained":["Bag of Preparation"],"max_hp_gain":0,"max_hp_loss":0,"event_name":"Addict","floor":29,"gold_loss":85},{"damage_healed":0,"gold_gain":0,"player_choice":"Fight","damage_taken":0,"max_hp_gain":0,"max_hp_loss":0,"event_name":"MindBloom","floor":36,"gold_loss":0},{"damage_healed":0,"gold_gain":0,"player_choice":"Ignored","damage_taken":0,"max_hp_gain":0,"max_hp_loss":0,"event_name":"NoteForYourself","floor":42,"gold_loss":0},{"damage_healed":0,"gold_gain":0,"player_choice":"Ignored","damage_taken":0,"max_hp_gain":0,"max_hp_loss":0,"event_name":"Tomb of Lord Red Mask","floor":45,"gold_loss":0},{"damage_healed":0,"gold_gain":0,"player_choice":"Memory 1","damage_taken":0,"max_hp_gain":0,"max_hp_loss":0,"event_name":"SensoryStone","floor":48,"gold_loss":0}],"is_beta":false,"boss_relics":[{"not_picked":["Coffee Dripper","Orrery"],"picked":"Sozu"},{"not_picked":["Runic Dome","Busted Crown"],"picked":"WristBlade"}],"items_purged_floors":[27,37],"is_endless":false,"potions_floor_spawned":[1,7,11,12,14,18,22,31,33,36,38,46],"ascension_level":0}