{"path_per_floor":["M","?","M","M","$","E","M","R","T","M","M","M","$","M","R"],"character_chosen":"IRONCLAD","items_purchased":["Heavy Blade","Whirlwind","Rampage"],"gold_per_floor":[116,66,83,95,70,96,116,116,116,126,138,155,11,23,23,23],"floor_reached":16,"campfire_rested":2,"playtime":1483,"item_purchase_floors":[5,13,13],"current_hp_per_floor":[66,66,56,61,61,36,25,46,46,44,34,38,38,44,65,0],"items_purged":[],"gold":23,"score":106,"play_id":"598e052d-513a-4fe7-9c1d-7cd970b444fc","local_time":"20180605141831","is_prod":false,"is_daily":false,"chose_seed":false,"is_ascension_mode":false,"campfire_upgraded":0,"win_rate":0,"timestamp":1528222711,"campfire_choices":[{"floor":8,"key":"REST"},{"floor":15,"key":"REST"}],"path_taken":["M","?","M","M","?","E","M","R","T","M","M","M","$","M","R","BOSS"],"build_version":"2018-05-31","seed_source_timestamp":14725420892326,"purchased_purges":0,"victory":false,"master_deck":["Strike_R","Strike_R","Strike_R","Strike_R","Defend_R","Defend_R","Defend_R","Defend_R","Bash","Juggernaut","Spot Weakness","Headbutt","Thunderclap","Heavy Blade","Spot Weakness","Dropkick","Perfected Strike","Demon Form+1","Headbutt","Whirlwind","Rampage","Dropkick"],"max_hp_per_floor":[72,72,72,72,72,72,72,72,72,72,72,72,72,72,72,72],"relics":["Burning Blood","Frozen Egg 2","Ornamental Fan"],"card_choices":[{"not_picked":["Offering","Barricade"],"picked":"Juggernaut","floor":0},{"not_picked":["Clothesline","Rupture"],"picked":"Spot Weakness","floor":1},{"not_picked":["Burning Pact","Perfected Strike"],"picked":"Headbutt","floor":3},{"not_picked":["Clothesline","Bloodletting"],"picked":"Thunderclap","floor":4},{"not_picked":["Carnage","Flex"],"picked":"Spot Weakness","floor":6},{"not_picked":["Clash","Armaments"],"picked":"Dropkick","floor":7},{"not_picked":["Uppercut","True Grit"],"picked":"Perfected Strike","floor":10},{"not_picked":["Spot Weakness","Iron Wave"],"picked":"Demon Form+1","floor":11},{"not_picked":["Anger","Clash"],"picked":"Headbutt","floor":12},{"not_picked":["Anger","Seeing Red"],"picked":"Dropkick","floor":14}],"player_experience":57705,"potions_floor_usage":[12,16,16],"damage_taken":[{"damage":12,"enemies":"2 Louse","floor":1,"turns":4},{"damage":16,"enemies":"Jaw Worm","floor":3,"turns":5},{"damage":1,"enemies":"Cultist","floor":4,"turns":4},{"damage":31,"enemies":"3 Sentries","floor":6,"turns":8},{"damage":17,"enemies":"Large Slime","floor":7,"turns":5},{"damage":8,"enemies":"2 Fungi Beasts","floor":10,"turns":4},{"damage":16,"enemies":"Red Slaver","floor":11,"turns":4},{"damage":2,"enemies":"Lots of Slimes","floor":12,"turns":4},{"damage":0,"enemies":"Large Slime","floor":14,"turns":4},{"damage":70,"enemies":"Slime Boss","floor":16,"turns":9}],"relics_obtained":[{"floor":6,"key":"Frozen Egg 2"},{"floor":9,"key":"Ornamental Fan"}],"event_choices":[{"event_name":"The Cleric","player_choice":"Card Removal","floor":2,"damage_taken":0}],"boss_relics":[],"items_purged_floors":[],"potions_floor_spawned":[1,4,11,14],"seed_played":"-8837695726194292731","killed_by":"Slime Boss","ascension_level":0,"potions_obtained":[{"floor":1,"key":"SneckoOil"},{"floor":4,"key":"Ancient Potion"},{"floor":11,"key":"SpeedPotion"},{"floor":14,"key":"GamblersBrew"}],"is_trial":false}