{"gold_per_floor":[116,191,191,205,205,236,256,256,281,304,316,46,46,57,57,155,155,125,145,145,158,176,176,176,176,251,251,22,22,42,74,74,175,175,190,209,37,37,37,37,52,52,75,100,0,15,33,33,33,33],"floor_reached":50,"playtime":2502,"items_purged":["Strike_G","Outmaneuver"],"score":540,"play_id":"f6f0e78e-bd23-465a-a26d-c0fd4b06d056","local_time":"20190527210306","is_ascension_mode":false,"campfire_choices":[{"data":"Dash","floor":13,"key":"SMITH"},{"data":"Noxious Fumes","floor":15,"key":"SMITH"},{"data":"Infinite Blades","floor":23,"key":"SMITH"},{"data":"A Thousand Cuts","floor":25,"key":"SMITH"},{"data":"Defend_G","floor":27,"key":"SMITH"},{"data":"Blade Dance","floor":32,"key":"SMITH"},{"floor":40,"key":"REST"},{"data":"Adrenaline","floor":42,"key":"SMITH"},{"floor":49,"key":"REST"}],"neow_cost":"NONE","seed_source_timestamp":1035277266453405,"circlet_count":0,"master_deck":["Defend_G","Defend_G+1","Defend_G","Defend_G","Defend_G+1","Strike_G","Survivor+1","Neutralize+1","Dash+1","Noxious Fumes+1","Backstab","Adrenaline+1","Slice+1","Backstab","A Thousand Cuts+1","Dodge and Roll+1","Infinite Blades+1","Well Laid Plans","Noxious Fumes","Blade Dance+1","Corpse Explosion","Phantasmal Killer","Bane+1","Leg Sweep","Madness","Madness","Trip","Dark Shackles","Dodge and Roll+1","Crippling Poison+1","Parasite","PiercingWail+1"],"relics":["Ring of the Snake","NeowsBlessing","Pen Nib","Bird Faced Urn","MawBank","Lee\u0027s Waffle","WristBlade","Ornamental Fan","TwistedFunnel","Centennial Puzzle","Sozu","Ancient Tea Set","Bottled Flame","Red Mask"],"potions_floor_usage":[16,16,50,50],"damage_taken":[{"damage":0,"enemies":"Jaw Worm","floor":1,"turns":1},{"damage":0,"enemies":"Cultist","floor":4,"turns":1},{"damage":0,"enemies":"Gremlin Nob","floor":6,"turns":1},{"damage":0,"enemies":"2 Louse","floor":7,"turns":4},{"damage":1,"enemies":"2 Fungi Beasts","floor":10,"turns":4},{"damage":0,"enemies":"Looter","floor":14,"turns":2},{"damage":13,"enemies":"Hexaghost","floor":16,"turns":10},{"damage":10,"enemies":"2 Thieves","floor":18,"turns":5},{"damage":0,"enemies":"Chosen","floor":19,"turns":4},{"damage":0,"enemies":"Centurion and Healer","floor":21,"turns":4},{"damage":5,"enemies":"Snake Plant","floor":22,"turns":4},{"damage":6,"enemies":"Snecko","floor":30,"turns":4},{"damage":11,"enemies":"Gremlin Leader","floor":31,"turns":4},{"damage":35,"enemies":"Champ","floor":33,"turns":8},{"damage":13,"enemies":"3 Shapes","floor":35,"turns":2},{"damage":7,"enemies":"Orb Walker","floor":36,"turns":2},{"damage":14,"enemies":"4 Shapes","floor":41,"turns":3},{"damage":9,"enemies":"Reptomancer","floor":44,"turns":6},{"damage":38,"enemies":"3 Darklings","floor":46,"turns":3},{"damage":0,"enemies":"Writhing Mass","floor":47,"turns":5},{"damage":76,"enemies":"Time Eater","floor":50,"turns":11}],"seed_played":"-8254375200740486389","potions_obtained":[{"floor":4,"key":"Energy Potion"},{"floor":7,"key":"LiquidBronze"},{"floor":10,"key":"AttackPotion"},{"floor":21,"key":"Strength Potion"},{"floor":22,"key":"Explosive Potion"},{"floor":31,"key":"Fire Potion"}],"is_trial":false,"path_per_floor":["M","?","?","M","?","E","M","?","T","M","?","$","R","M","R","B",null,"M","M","?","M","M","R","?","R","T","R","$","?","M","E","R","B",null,"M","M","$","?","?","R","M","R","T","E","?","M","M","?","R","B"],"character_chosen":"THE_SILENT","items_purchased":["Lee\u0027s Waffle","TwistedFunnel","Noxious Fumes","Leg Sweep"],"campfire_rested":2,"item_purchase_floors":[12,28,28,37],"current_hp_per_floor":[70,59,59,59,45,45,45,20,20,19,19,77,77,77,77,64,77,69,71,71,75,72,72,72,72,72,72,72,72,71,68,68,42,77,64,63,63,53,48,71,61,61,61,60,60,26,36,36,59,0],"gold":33,"neow_bonus":"THREE_ENEMY_KILL","is_prod":false,"is_daily":false,"chose_seed":false,"campfire_upgraded":7,"win_rate":0.0,"timestamp":1559005386,"path_taken":["M","?","?","?","?","E","M","?","T","M","?","?","R","?","R","BOSS","M","M","?","?","?","R","?","R","T","R","$","?","M","E","R","BOSS","M","M","$","?","?","R","M","R","T","E","?","?","M","?","R","BOSS"],"build_version":"2019-01-23","purchased_purges":2,"victory":false,"max_hp_per_floor":[70,70,70,70,70,70,70,70,70,70,70,77,77,77,77,77,77,77,77,77,77,77,77,77,77,77,77,77,77,77,77,77,77,77,77,77,77,77,77,77,77,77,77,77,77,77,77,77,77,77],"card_choices":[{"not_picked":["Outmaneuver","Prepared","Predator"],"picked":"SKIP","floor":1},{"not_picked":["Heel Hook","Underhanded Strike","Deflect"],"picked":"SKIP","floor":4},{"not_picked":["Calculated Gamble","Escape Plan"],"picked":"Dash","floor":6},{"not_picked":["All Out Attack","Quick Slash"],"picked":"Dagger Throw","floor":7},{"not_picked":["Backstab","Flying Knee"],"picked":"Noxious Fumes","floor":10},{"not_picked":["Bane","Underhanded Strike"],"picked":"Backstab","floor":14},{"not_picked":["Night Terror","Tools of the Trade"],"picked":"Adrenaline","floor":16},{"not_picked":["Quick Slash","Flying Knee"],"picked":"Slice+1","floor":18},{"not_picked":["Deflect+1","Poisoned Stab+1"],"picked":"Backstab","floor":19},{"not_picked":["Backflip","Acrobatics"],"picked":"Dodge and Roll+1","floor":21},{"not_picked":["Underhanded Strike","Flechettes+1"],"picked":"Infinite Blades","floor":22},{"not_picked":["Flying Knee+1","Underhanded Strike+1"],"picked":"Blade Dance","floor":30},{"not_picked":["Tools of the Trade","Finisher"],"picked":"Corpse Explosion","floor":31},{"not_picked":["Glass Knife","Doppelganger"],"picked":"Phantasmal Killer","floor":33},{"not_picked":["Sucker Punch+1","Backflip","Masterful Stab+1"],"picked":"SKIP","floor":35},{"not_picked":["Poisoned Stab","Distraction+1"],"picked":"Bane+1","floor":36},{"not_picked":["Chrysalis","Finesse"],"picked":"Trip","floor":39},{"not_picked":["Impatience","Mind Blast"],"picked":"Dark Shackles","floor":39},{"not_picked":["Dagger Spray+1","Distraction"],"picked":"Dodge and Roll+1","floor":41},{"not_picked":["Deadly Poison+1","Heel Hook","Distraction+1"],"picked":"SKIP","floor":44},{"not_picked":["Endless Agony+1","Dagger Throw+1"],"picked":"Crippling Poison+1","floor":46},{"not_picked":["Flechettes","Deadly Poison+1"],"picked":"PiercingWail+1","floor":47}],"player_experience":23628,"relics_obtained":[{"floor":6,"key":"Pen Nib"},{"floor":9,"key":"MawBank"},{"floor":26,"key":"Ornamental Fan"},{"floor":31,"key":"Centennial Puzzle"},{"floor":43,"key":"Ancient Tea Set"},{"floor":44,"key":"Bottled Flame"}],"event_choices":[{"damage_healed":0,"gold_gain":75,"player_choice":"Gather Gold","damage_taken":11,"max_hp_gain":0,"max_hp_loss":0,"event_name":"World of Goop","floor":2,"gold_loss":0},{"damage_healed":0,"gold_gain":0,"player_choice":"Forge","damage_taken":0,"max_hp_gain":0,"max_hp_loss":0,"event_name":"Accursed Blacksmith","floor":3,"gold_loss":0,"cards_upgraded":["Neutralize"]},{"damage_healed":0,"gold_gain":0,"player_choice":"Entered Light","damage_taken":14,"max_hp_gain":0,"max_hp_loss":0,"event_name":"Shining Light","floor":5,"gold_loss":0,"cards_upgraded":["Defend_G","Survivor"]},{"damage_healed":0,"gold_gain":0,"player_choice":"Success","damage_taken":25,"relics_obtained":["Bird Faced Urn"],"max_hp_gain":0,"max_hp_loss":0,"event_name":"Scrap Ooze","floor":8,"gold_loss":0},{"cards_removed":["Strike_G"],"damage_healed":0,"gold_gain":0,"player_choice":"Forget","damage_taken":0,"max_hp_gain":0,"max_hp_loss":0,"event_name":"Living Wall","floor":11,"gold_loss":0},{"damage_healed":0,"gold_gain":0,"player_choice":"1 cards matched","damage_taken":0,"max_hp_gain":0,"max_hp_loss":0,"event_name":"Match and Keep!","floor":20,"gold_loss":0,"cards_obtained":["A Thousand Cuts"]},{"damage_healed":0,"gold_gain":0,"cards_transformed":["Strike_G","Strike_G"],"player_choice":"Became Test Subject","damage_taken":0,"max_hp_gain":0,"max_hp_loss":0,"event_name":"Drug Dealer","floor":24,"gold_loss":0,"cards_obtained":["Outmaneuver","Well Laid Plans"]},{"damage_healed":0,"gold_gain":0,"player_choice":"Embrace Madness","damage_taken":10,"max_hp_gain":0,"max_hp_loss":0,"event_name":"Winding Halls","floor":38,"gold_loss":0,"cards_obtained":["Madness","Madness"]},{"damage_healed":0,"gold_gain":0,"player_choice":"Memory 2","damage_taken":5,"max_hp_gain":0,"max_hp_loss":0,"event_name":"SensoryStone","floor":39,"gold_loss":0},{"damage_healed":0,"gold_gain":0,"player_choice":"Paid","damage_taken":0,"relics_obtained":["Red Mask"],"max_hp_gain":0,"max_hp_loss":0,"event_name":"Tomb of Lord Red Mask","floor":45,"gold_loss":100},{"cards_removed":["Dagger Throw"],"damage_healed":0,"gold_gain":0,"player_choice":"Removed Attack","damage_taken":0,"max_hp_gain":0,"max_hp_loss":0,"event_name":"Falling","floor":48,"gold_loss":0}],"is_beta":false,"boss_relics":[{"not_picked":["White Beast Statue","Runic Pyramid"],"picked":"WristBlade"},{"not_picked":["Coffee Dripper","Lizard Tail"],"picked":"Sozu"}],"items_purged_floors":[12,37],"is_endless":false,"potions_floor_spawned":[4,7,10,21,22,31,33,46],"killed_by":"Time Eater","ascension_level":0}