{"gold_per_floor":[16,16,39,59,59,59,134,155,179,179,200,243,262,262,262,392,392,417,85,104,104],"floor_reached":21,"playtime":732,"items_purged":[],"score":190,"play_id":"e38e9cb6-67cd-43ff-a809-0fb465bcf9ed","local_time":"20190825225253","is_ascension_mode":true,"campfire_choices":[{"data":"Defend_G","floor":6,"key":"PURGE"},{"data":"Strike_G","floor":10,"key":"PURGE"},{"data":"Defend_G","floor":15,"key":"PURGE"}],"neow_cost":"NO_GOLD","seed_source_timestamp":0,"circlet_count":0,"master_deck":["Strike_G","Strike_G","Strike_G","Defend_G+1","Defend_G","Survivor+1","Neutralize","Tactician+1"],"relics":["Ring of the Snake","Peace Pipe","Golden Idol","Bronze Scales","War Paint","Coffee Dripper","Toxic Egg 2"],"potions_floor_usage":[12,12,16],"damage_taken":[{"damage":0,"enemies":"2 Louse","floor":1,"turns":2},{"damage":5,"enemies":"Jaw Worm","floor":3,"turns":6},{"damage":0,"enemies":"Small Slimes","floor":4,"turns":4},{"damage":1,"enemies":"Exordium Thugs","floor":8,"turns":5},{"damage":2,"enemies":"Large Slime","floor":11,"turns":7},{"damage":15,"enemies":"Lagavulin","floor":12,"turns":8},{"damage":3,"enemies":"Gremlin Gang","floor":13,"turns":5},{"damage":15,"enemies":"The Guardian","floor":16,"turns":17},{"damage":12,"enemies":"Chosen","floor":18,"turns":6},{"damage":28,"enemies":"Spheric Guardian","floor":20,"turns":8},{"damage":0,"enemies":"Cultist and Chosen","floor":21,"turns":1}],"seed_played":"1549","potions_obtained":[{"floor":1,"key":"SpeedPotion"},{"floor":11,"key":"LiquidBronze"},{"floor":13,"key":"Poison Potion"},{"floor":16,"key":"Dexterity Potion"},{"floor":18,"key":"SneckoOil"}],"is_trial":false,"path_per_floor":["M","?","M","M","?","R","?","M","T","R","M","E","M","?","R","B",null,"M","$","M","M"],"character_chosen":"THE_SILENT","items_purchased":["Toxic Egg 2","Tactician+1"],"campfire_rested":0,"item_purchase_floors":[19,19],"current_hp_per_floor":[70,65,60,60,60,60,49,48,48,48,46,31,28,21,21,6,65,53,53,25,25],"gold":104,"neow_bonus":"ONE_RARE_RELIC","is_prod":false,"is_daily":false,"chose_seed":true,"campfire_upgraded":0,"win_rate":0,"timestamp":1566798773,"path_taken":["M","?","M","M","?","R","?","M","T","R","M","E","?","?","R","BOSS","M","$","M","M"],"build_version":"2019-08-23","purchased_purges":0,"victory":false,"max_hp_per_floor":[70,65,65,65,65,65,65,65,65,65,65,65,65,65,65,65,65,65,65,65,65],"card_choices":[{"not_picked":["Predator","Deflect","Dagger Throw"],"picked":"SKIP","floor":3},{"not_picked":["Caltrops","Prepared","Escape Plan"],"picked":"SKIP","floor":4},{"not_picked":["Bouncing Flask","Envenom","Acrobatics"],"picked":"SKIP","floor":8},{"not_picked":["Bane","Slice","Distraction"],"picked":"SKIP","floor":11},{"not_picked":["Bane","Slice","Deadly Poison"],"picked":"SKIP","floor":12},{"not_picked":["Poisoned Stab","A Thousand Cuts","Footwork"],"picked":"SKIP","floor":13},{"not_picked":["Bane","Backflip","Underhanded Strike"],"picked":"SKIP","floor":18}],"player_experience":1446888,"relics_obtained":[{"floor":9,"key":"Bronze Scales"},{"floor":12,"key":"War Paint"}],"event_choices":[{"damage_healed":0,"gold_gain":0,"player_choice":"Lose Max HP","damage_taken":0,"relics_obtained":["Golden Idol"],"max_hp_gain":0,"max_hp_loss":5,"event_name":"Golden Idol","floor":2,"gold_loss":0},{"cards_removed":["Defend_G"],"damage_healed":0,"gold_gain":0,"player_choice":"Forget","damage_taken":0,"max_hp_gain":0,"max_hp_loss":0,"event_name":"Living Wall","floor":5,"gold_loss":0},{"damage_healed":0,"gold_gain":75,"player_choice":"Gather Gold","damage_taken":11,"max_hp_gain":0,"max_hp_loss":0,"event_name":"World of Goop","floor":7,"gold_loss":0},{"cards_removed":["Strike_G"],"damage_healed":0,"gold_gain":0,"player_choice":"Card Removal","damage_taken":7,"max_hp_gain":0,"max_hp_loss":0,"event_name":"Golden Wing","floor":14,"gold_loss":0}],"is_beta":true,"boss_relics":[{"not_picked":["Orrery","Fusion Hammer"],"picked":"Coffee Dripper"}],"items_purged_floors":[],"is_endless":false,"potions_floor_spawned":[1,11,13,16,18],"killed_by":"Cultist and Chosen","ascension_level":1}