{"path_per_floor":["M","$","?","?","M","M","R","?","T","M","R","E","$","T","R","B",null,"M","?","?","?","$","R","E","M","T","E","R","M","R","M","R","B",null,"M","?","M","?","?","R","?","?","T","R","M","M","T","$","R","B"],"character_chosen":"IRONCLAD","items_purchased":["Shrug It Off","Pommel Strike","Bag of Marbles"],"gold_per_floor":[114,38,38,113,125,141,141,141,164,184,184,210,135,135,135,238,238,258,258,258,183,83,83,115,129,129,157,157,173,173,184,184,283,283,294,394,411,411,411,411,411,411,460,460,472,492,492,216,216,216],"floor_reached":51,"campfire_rested":6,"playtime":4998,"current_hp_per_floor":[88,88,88,77,83,84,84,84,84,85,85,88,88,88,88,68,88,81,81,64,64,64,91,74,71,71,77,93,93,93,93,93,70,93,90,90,88,88,103,103,103,90,90,103,103,80,80,80,103,72],"items_purged":["Strike_R","Defend_R","Seeing Red"],"gold":216,"score":579,"play_id":"661a303d-7801-410a-8703-8ba873d65be7","is_prod":false,"is_daily":false,"is_ascension_mode":false,"campfire_upgraded":4,"path_taken":["M","?","?","?","M","?","R","?","T","M","R","E","$","?","R","BOSS","M","?","?","?","$","R","E","M","T","E","R","M","R","M","R","BOSS","M","?","M","?","?","R","?","?","T","R","M","M","?","$","R","BOSS"],"build_version":"2018-02-22-PROD2","purchased_purges":4,"victory":true,"master_deck":["Strike_R+1","Strike_R+1","Defend_R+1","Defend_R+1","Defend_R+1","Bash+1","Pommel Strike+1","Inflame+1","Limit Break+1","True Grit+1","Spot Weakness+1","Disarm+1","Body Slam+1","Heavy Blade+1","Madness+1","Madness+1"],"max_hp_per_floor":[88,88,88,88,88,88,88,88,88,88,88,88,88,88,88,88,88,88,88,93,93,93,93,93,93,93,93,93,93,93,93,93,93,93,93,93,93,93,103,103,103,103,103,103,103,103,103,103,103,103],"relics":["Burning Blood","War Paint","Toxic Egg 2","Unceasing Top","Velvet Choker","Ornamental Fan","Thread and Needle","Juzu Bracelet","Orichalcum","Meat on the Bone","Bag of Marbles"],"card_choices":[{"not_picked":["True Grit","Clash"],"picked":"Inflame"},{"not_picked":["Impervious","Fiend Fire"],"picked":"Limit Break"},{"not_picked":["Iron Wave","Clothesline"],"picked":"True Grit"},{"not_picked":["Feel No Pain","Inflame"],"picked":"Spot Weakness"},{"not_picked":["Sword Boomerang","Hemokinesis"],"picked":"Disarm"},{"not_picked":["Iron Wave","Shrug It Off"],"picked":"Body Slam"},{"not_picked":["Berserk","Double Tap"],"picked":"Offering"},{"not_picked":["Ghostly Armor","Entrench"],"picked":"Seeing Red"},{"not_picked":["Flex","Clothesline"],"picked":"Heavy Blade"}],"player_experience":78551,"potions_floor_usage":[16,16,37,50,50,50],"damage_taken":[{"damage":5.0,"enemies":"Cultist","floor":1.0,"turns":4.0},{"damage":0.0,"enemies":"2 Louse","floor":5.0,"turns":3.0},{"damage":5.0,"enemies":"Small Slimes","floor":6.0,"turns":4.0},{"damage":5.0,"enemies":"2 Fungi Beasts","floor":10.0,"turns":3.0},{"damage":3.0,"enemies":"3 Sentries","floor":12.0,"turns":9.0},{"damage":26,"enemies":"The Guardian","floor":16,"turns":12},{"damage":13,"enemies":"2 Thieves","floor":18,"turns":5},{"damage":23,"enemies":"Gremlin Leader","floor":24,"turns":7},{"damage":9,"enemies":"3 Byrds","floor":25,"turns":6},{"damage":0,"enemies":"Book of Stabbing","floor":27,"turns":5},{"damage":1,"enemies":"Sentry and Sphere","floor":29,"turns":5},{"damage":0,"enemies":"Snake Plant","floor":31,"turns":3},{"damage":29,"enemies":"Collector","floor":33,"turns":6},{"damage":9,"enemies":"Orb Walker","floor":35,"turns":3},{"damage":8,"enemies":"3 Darklings","floor":37,"turns":7},{"damage":0,"enemies":"Maw","floor":45,"turns":6},{"damage":29,"enemies":"Sphere and 2 Shapes","floor":46,"turns":5},{"damage":37,"enemies":"Awakened One","floor":50,"turns":8}],"event_choices":[{"event_name":"Upgrade Shrine","player_choice":"Upgraded","floor":3.0,"damage_taken":0.0},{"event_name":"World of Goop","player_choice":"Gather Gold","floor":4.0,"damage_taken":0.0},{"event_name":"Living Wall","player_choice":"Forget","floor":8.0,"damage_taken":0.0},{"event_name":"Back to Basics","player_choice":"Simplicity","floor":19,"damage_taken":0},{"event_name":"Forgotten Altar","player_choice":"Shed Blood","floor":20,"damage_taken":0},{"event_name":"Beggar","player_choice":"Gave Gold","floor":21,"damage_taken":0},{"event_name":"Golden Shrine","player_choice":"Pray","floor":36,"damage_taken":0},{"event_name":"Match and Keep!","player_choice":"0 cards matched","floor":38,"damage_taken":0},{"event_name":"Bonfire Elementals","player_choice":"RARE","floor":39,"damage_taken":0},{"event_name":"Winding Halls","player_choice":"Embrace Madness","floor":42,"damage_taken":0}],"boss_relics":[{"not_picked":["Eternal Feather","Black Blood"],"picked":"Velvet Choker"},{"not_picked":["Snecko Eye","Runic Pyramid","Calling Bell"]}],"potions_floor_spawned":[1,5,10,27,33,35,45],"seed_played":"-8028908767651752956","ascension_level":0,"is_trial":false}