{"gold_per_floor":[111,111,36,36,49,85,85,121,190,205,249,269,348,384,384,483,483,502,313,328,328,243,243,256,256,282,282,296,330,39,58,58,58],"floor_reached":33,"playtime":1478,"items_purged":["Regret","Writhe","Parasite"],"score":613,"play_id":"b7a45310-2b5a-48f4-ba23-da26909e6c3f","local_time":"20190818213621","is_ascension_mode":true,"campfire_choices":[{"data":"Go for the Eyes","floor":7.0,"key":"SMITH"},{"floor":15.0,"key":"REST"},{"data":"Writhe","floor":23.0,"key":"PURGE"},{"data":"Injury","floor":27.0,"key":"PURGE"},{"data":"Defragment","floor":32.0,"key":"SMITH"}],"neow_cost":"NONE","seed_source_timestamp":260146917076900,"circlet_count":0,"master_deck":["AscendersBane","Strike_B","Strike_B","Strike_B","Strike_B","Defend_B","Defend_B","Defend_B+1","Defend_B","Zap","Dualcast","Go for the Eyes+1","Self Repair","Cold Snap","Conserve Battery+1","Defragment","Conserve Battery","Defragment+1","Compile Driver","All For One","Cold Snap","Capacitor","Leap","FTL","Reboot","Go for the Eyes","Coolheaded"],"special_seed":0,"relics":["Cracked Core","NeowsBlessing","Vajra","Golden Idol","Mummified Hand","Thread and Needle","Letter Opener","Kunai","Boot","Darkstone Periapt","Calling Bell","Pen Nib","Meat on the Bone","Bird Faced Urn","Peace Pipe","War Paint","Strawberry","Oddly Smooth Stone"],"potions_floor_usage":[],"damage_taken":[{"damage":0.0,"enemies":"Jaw Worm","floor":1.0,"turns":1.0},{"damage":0.0,"enemies":"2 Louse","floor":5.0,"turns":1.0},{"damage":0.0,"enemies":"Gremlin Nob","floor":6.0,"turns":1.0},{"damage":24.0,"enemies":"Lagavulin","floor":8.0,"turns":6.0},{"damage":0.0,"enemies":"Small Slimes","floor":10.0,"turns":3.0},{"damage":10.0,"enemies":"3 Sentries","floor":11.0,"turns":9.0},{"damage":0.0,"enemies":"2 Fungi Beasts","floor":12.0,"turns":3.0},{"damage":29.0,"enemies":"Gremlin Nob","floor":13.0,"turns":6.0},{"damage":17.0,"enemies":"Gremlin Nob","floor":14.0,"turns":5.0},{"damage":44.0,"enemies":"Hexaghost","floor":16.0,"turns":17.0},{"damage":1.0,"enemies":"3 Byrds","floor":18.0,"turns":5.0},{"damage":11.0,"enemies":"Shell Parasite","floor":20.0,"turns":7.0},{"damage":66.0,"enemies":"3 Cultists","floor":24.0,"turns":7.0},{"damage":2.0,"enemies":"Cultist and Chosen","floor":28.0,"turns":7.0},{"damage":21.0,"enemies":"Slavers","floor":29.0,"turns":6.0},{"damage":12.0,"enemies":"Centurion and Healer","floor":31.0,"turns":8.0},{"damage":94,"enemies":"Automaton","floor":33,"turns":12}],"seed_played":"-8092279533516567","potions_obtained":[{"floor":5.0,"key":"LiquidBronze"},{"floor":6.0,"key":"AttackPotion"},{"floor":10.0,"key":"SpeedPotion"},{"floor":14.0,"key":"Ancient Potion"},{"floor":16.0,"key":"Swift Potion"},{"floor":25.0,"key":"SkillPotion"},{"floor":28.0,"key":"SteroidPotion"},{"floor":31.0,"key":"Ancient Potion"}],"is_trial":false,"path_per_floor":["M","?","$","?","M","E","R","E","T","M","E","M","?","E","R","B",null,"M","$","M","?","?","R","M","?","T","R","M","E","$","M","R","B"],"character_chosen":"DEFECT","items_purchased":["Capacitor","Oddly Smooth Stone"],"campfire_rested":1,"item_purchase_floors":[19,30],"current_hp_per_floor":[64,64,64,64,64,71,71,54,54,61,58,58,36,26,47,10,74,84,84,88,88,88,88,49,49,49,49,62,52,52,55,55,0],"gold":58,"neow_bonus":"THREE_ENEMY_KILL","is_prod":false,"is_daily":false,"chose_seed":false,"campfire_upgraded":2,"win_rate":0,"timestamp":1566131781,"path_taken":["M","?","$","?","M","E","R","E","T","M","E","M","?","E","R","BOSS","M","$","M","?","?","R","M","?","T","R","M","E","$","M","R","BOSS"],"build_version":"2019-07-17","purchased_purges":3,"victory":false,"max_hp_per_floor":[71,71,71,71,71,71,71,71,71,71,71,71,71,71,71,71,89,89,89,89,89,89,89,89,89,89,89,89,96,93,93,93,93],"card_choices":[{"not_picked":["Beam Cell","Genetic Algorithm"],"picked":"Go for the Eyes","floor":1.0},{"not_picked":["Reprogram","Beam Cell"],"picked":"Self Repair","floor":5.0},{"not_picked":["Beam Cell","Amplify"],"picked":"Cold Snap","floor":6.0},{"not_picked":["Steam","White Noise"],"picked":"Conserve Battery","floor":8.0},{"not_picked":["Sunder","Genetic Algorithm"],"picked":"Defragment","floor":10.0},{"not_picked":["Force Field","Go for the Eyes"],"picked":"Conserve Battery","floor":11.0},{"not_picked":["Chill","Lockon"],"picked":"Defragment","floor":12.0},{"not_picked":["Barrage","Storm"],"picked":"Compile Driver","floor":13.0},{"not_picked":["Turbo","Sweeping Beam","Rebound"],"picked":"SKIP","floor":14.0},{"not_picked":["Biased Cognition","Machine Learning"],"picked":"All For One","floor":16.0},{"not_picked":["Leap","Sweeping Beam"],"picked":"Cold Snap","floor":18.0},{"not_picked":["Gash","Recycle"],"picked":"Leap","floor":20.0},{"not_picked":["Gash","Barrage"],"picked":"FTL","floor":24.0},{"not_picked":["Conserve Battery","Ball Lightning"],"picked":"Reboot","floor":28.0},{"not_picked":["Steam","Conserve Battery"],"picked":"Go for the Eyes","floor":29.0},{"not_picked":["Stack","Chill"],"picked":"Coolheaded","floor":31.0}],"player_experience":202921,"relics_obtained":[{"floor":6.0,"key":"Mummified Hand"},{"floor":8.0,"key":"Thread and Needle"},{"floor":9.0,"key":"Letter Opener"},{"floor":11.0,"key":"Kunai"},{"floor":13.0,"key":"Boot"},{"floor":14.0,"key":"Darkstone Periapt"},{"floor":17.0,"key":"Pen Nib"},{"floor":17.0,"key":"Meat on the Bone"},{"floor":17.0,"key":"Bird Faced Urn"},{"floor":26.0,"key":"War Paint"},{"floor":29.0,"key":"Strawberry"}],"event_choices":[{"damage_healed":0.0,"max_hp_gain":0.0,"max_hp_loss":0.0,"gold_gain":0.0,"event_name":"Big Fish","player_choice":"Box","floor":2.0,"gold_loss":0.0,"damage_taken":0.0,"relics_obtained":["Vajra"],"cards_obtained":["Regret"]},{"damage_healed":0.0,"max_hp_gain":0.0,"max_hp_loss":0.0,"gold_gain":0.0,"event_name":"Golden Idol","player_choice":"Take Wound","floor":4.0,"gold_loss":0.0,"damage_taken":0.0,"relics_obtained":["Golden Idol"],"cards_obtained":["Injury"]},{"damage_healed":0.0,"max_hp_gain":0.0,"max_hp_loss":0.0,"gold_gain":0.0,"event_name":"Dead Adventurer","player_choice":"Searched \u00272\u0027 times","floor":13.0,"gold_loss":0.0,"damage_taken":0.0},{"damage_healed":0.0,"max_hp_gain":0.0,"max_hp_loss":0.0,"gold_gain":0.0,"event_name":"Ghosts","player_choice":"Ignored","floor":21.0,"gold_loss":0.0,"damage_taken":0.0},{"damage_healed":0.0,"max_hp_gain":0.0,"max_hp_loss":0.0,"gold_gain":0.0,"event_name":"Addict","player_choice":"Obtained Relic","floor":22.0,"gold_loss":85.0,"damage_taken":0.0,"relics_obtained":["Peace Pipe"]},{"damage_healed":0.0,"max_hp_gain":0.0,"max_hp_loss":0.0,"gold_gain":0.0,"event_name":"Lab","player_choice":"Got Potions","floor":25.0,"gold_loss":0.0,"damage_taken":0.0}],"is_beta":false,"boss_relics":[{"not_picked":["Tiny House","Pandora\u0027s Box"],"picked":"Calling Bell"}],"items_purged_floors":[3,19,30],"is_endless":false,"potions_floor_spawned":[5,6,10,14,16,28,31],"killed_by":"Automaton","ascension_level":17}