{"gold_per_floor":[113,263,263,188,208,208,222,222,302,302,302,302,354,374,374,470,470,490,490,490,322],"floor_reached":21,"playtime":465,"items_purged":[],"score":330,"play_id":"5655c8f6-55a0-467d-aaf7-573f4c2aec1d","local_time":"20181214154448","is_ascension_mode":true,"campfire_choices":[{"data":"Coolheaded","floor":6,"key":"SMITH"},{"data":"Conserve Battery","floor":10,"key":"SMITH"},{"floor":12,"key":"REST"},{"data":"Hello World","floor":15,"key":"SMITH"}],"neow_cost":"NONE","seed_source_timestamp":498211509372407,"circlet_count":0,"master_deck":["AscendersBane","Strike_B","Strike_B+1","Strike_B+1","Defend_B","Defend_B","Defend_B","Defend_B","Zap","Dualcast","Hello World+1","Coolheaded+1","Conserve Battery+1","Hello World","Buffer","Beam Cell","Writhe","Rainbow"],"relics":["Velvet Choker","Golden Idol","Symbiotic Virus","Happy Flower","Snecko Eye","Dream Catcher","Nilry\u0027s Codex"],"potions_floor_usage":[],"damage_taken":[{"damage":0,"enemies":"2 Louse","floor":1,"turns":1},{"damage":7,"enemies":"Small Slimes","floor":5,"turns":3},{"damage":0,"enemies":"Jaw Worm","floor":7,"turns":4},{"damage":2,"enemies":"Red Slaver","floor":14,"turns":4},{"damage":8,"enemies":"Hexaghost","floor":16,"turns":9},{"damage":4,"enemies":"3 Byrds","floor":18,"turns":8}],"seed_played":"5373065825878005336","potions_obtained":[{"floor":1,"key":"Weak Potion"},{"floor":7,"key":"FearPotion"}],"is_trial":false,"path_per_floor":["M","?","?","?","M","R","M","?","T","R","?","R","T","M","R","B",null,"M","?","?","$"],"character_chosen":"DEFECT","items_purchased":["Rainbow"],"campfire_rested":1,"item_purchase_floors":[21],"current_hp_per_floor":[64,64,43,43,36,36,36,36,36,36,29,48,48,46,46,38,58,54,54,33,33],"gold":322,"neow_bonus":"BOSS_RELIC","is_prod":false,"is_daily":false,"chose_seed":false,"campfire_upgraded":3,"win_rate":0,"timestamp":1544831088,"path_taken":["M","?","?","?","M","R","M","?","T","R","?","R","?","M","R","BOSS","M","?","?","$"],"build_version":"2018-12-13","purchased_purges":0,"victory":false,"max_hp_per_floor":[71,71,71,71,71,71,71,64,64,64,64,64,64,64,64,64,64,64,64,64,64],"card_choices":[{"not_picked":["Double Energy","Rip and Tear"],"picked":"Hello World","floor":1},{"not_picked":["Turbo","Barrage"],"picked":"Coolheaded","floor":5},{"not_picked":["Compile Driver","Undo"],"picked":"Conserve Battery","floor":7},{"not_picked":["Beam Cell","Turbo"],"picked":"Hello World","floor":14},{"not_picked":["Machine Learning","All For One"],"picked":"Buffer","floor":16},{"not_picked":["Sweeping Beam","FTL"],"picked":"Beam Cell","floor":18}],"player_experience":994301,"relics_obtained":[{"floor":9,"key":"Symbiotic Virus"},{"floor":13,"key":"Happy Flower"},{"floor":20,"key":"Nilry\u0027s Codex"}],"event_choices":[{"damage_healed":0,"gold_gain":150,"player_choice":"AGREE","damage_taken":0,"max_hp_gain":0,"max_hp_loss":0,"event_name":"Liars Game","floor":2,"gold_loss":0,"cards_obtained":["Doubt"]},{"damage_healed":0,"gold_gain":0,"player_choice":"Entered Light","damage_taken":21,"max_hp_gain":0,"max_hp_loss":0,"event_name":"Shining Light","floor":3,"gold_loss":0,"cards_upgraded":["Strike_B","Strike_B"]},{"cards_removed":["Doubt"],"damage_healed":0,"gold_gain":0,"player_choice":"Card Removal","damage_taken":0,"max_hp_gain":0,"max_hp_loss":0,"event_name":"The Cleric","floor":4,"gold_loss":75},{"damage_healed":0,"gold_gain":0,"player_choice":"Lose Max HP","damage_taken":0,"relics_obtained":["Golden Idol"],"max_hp_gain":0,"max_hp_loss":7,"event_name":"Golden Idol","floor":8,"gold_loss":0},{"cards_removed":["Strike_B"],"damage_healed":0,"gold_gain":0,"player_choice":"Card Removal","damage_taken":7,"max_hp_gain":0,"max_hp_loss":0,"event_name":"Golden Wing","floor":11,"gold_loss":0},{"damage_healed":0,"gold_gain":0,"player_choice":"Opened","damage_taken":0,"relics_obtained":["Dream Catcher"],"max_hp_gain":0,"max_hp_loss":0,"event_name":"The Mausoleum","floor":19,"gold_loss":0,"cards_obtained":["Writhe"]},{"damage_healed":0,"gold_gain":0,"player_choice":"Obtained Book","damage_taken":21,"max_hp_gain":0,"max_hp_loss":0,"event_name":"Cursed Tome","floor":20,"gold_loss":0}],"is_beta":true,"boss_relics":[{"not_picked":["Philosopher\u0027s Stone","Busted Crown"],"picked":"Snecko Eye"}],"items_purged_floors":[],"is_endless":false,"potions_floor_spawned":[1,7,14],"ascension_level":20}