{"gold_per_floor":[115,133,104,104,123,158,158,177,177,197,227,238,238,249,249,353,353,365,383,22,22,22,22,48,48,48,48,65,65,90,104,104,207,207,217,217,227,247,247,279,279,289,289,302,315,364,53,65,65,65],"floor_reached":51,"playtime":3774,"items_purged":["Injury"],"score":980,"play_id":"87d20bb8-f7e3-4d1e-a8de-122a413d143d","local_time":"20180715181952","is_ascension_mode":true,"campfire_choices":[{"floor":7,"key":"REST"},{"data":"Neutralize","floor":13,"key":"SMITH"},{"data":"Cloak And Dagger","floor":15,"key":"SMITH"},{"data":"Footwork","floor":23,"key":"SMITH"},{"floor":29,"key":"REST"},{"floor":32,"key":"REST"},{"floor":41,"key":"REST"},{"floor":49,"key":"REST"}],"neow_cost":"NONE","seed_source_timestamp":181540194856401,"circlet_count":0,"master_deck":["Defend_G","Defend_G","Defend_G","Defend_G","Defend_G","Strike_G+1","Strike_G+1","Strike_G","Strike_G","Survivor+1","Neutralize+1","Endless Agony","Backflip","Dagger Spray","Cloak And Dagger+1","After Image","Crippling Poison","PiercingWail","Storm of Steel","Backstab","Well Laid Plans","Backflip","Blur","Noxious Fumes+1","Dodge and Roll","Footwork+1","Footwork","Riddle With Holes","Cloak And Dagger","Escape Plan+1","Die Die Die","Terror","Crippling Poison+1","PiercingWail+1","Parasite","Noxious Fumes","Apotheosis"],"special_seed":17727,"relics":["Ring of the Snake","Happy Flower","Shuriken","Dead Branch","Orrery","Tough Bandages","Torii","Ancient Tea Set","Whetstone","Cursed Key","Smiling Mask","Ice Cream","War Paint"],"potions_floor_usage":[6,12,16,16,24,40,45,50,50,50,50],"damage_taken":[{"damage":7,"enemies":"Small Slimes","floor":1,"turns":6},{"damage":11,"enemies":"Jaw Worm","floor":2,"turns":4},{"damage":3,"enemies":"2 Louse","floor":5,"turns":3},{"damage":29,"enemies":"Gremlin Nob","floor":6,"turns":5},{"damage":0,"enemies":"Large Slime","floor":8,"turns":5},{"damage":6,"enemies":"2 Fungi Beasts","floor":10,"turns":2},{"damage":0,"enemies":"Gremlin Gang","floor":12,"turns":3},{"damage":0,"enemies":"Exordium Thugs","floor":14,"turns":4},{"damage":8,"enemies":"Hexaghost","floor":16,"turns":12},{"damage":6,"enemies":"Shell Parasite","floor":18,"turns":2},{"damage":4,"enemies":"Chosen","floor":19,"turns":3},{"damage":7,"enemies":"Slavers","floor":24,"turns":6},{"damage":7,"enemies":"Snecko","floor":28,"turns":5},{"damage":0,"enemies":"Gremlin Leader","floor":30,"turns":6},{"damage":17,"enemies":"3 Cultists","floor":31,"turns":6},{"damage":0,"enemies":"Collector","floor":33,"turns":7},{"damage":0,"enemies":"Orb Walker","floor":35,"turns":4},{"damage":2,"enemies":"Flame Bruiser 1 Orb","floor":37,"turns":4},{"damage":1,"enemies":"4 Shapes","floor":38,"turns":8},{"damage":11,"enemies":"2 Orb Walkers","floor":40,"turns":5},{"damage":2,"enemies":"Flame Bruiser 2 Orb","floor":42,"turns":4},{"damage":12,"enemies":"Spire Growth","floor":44,"turns":6},{"damage":0,"enemies":"3 Darklings","floor":45,"turns":2},{"damage":15,"enemies":"4 Shapes","floor":48,"turns":5},{"damage":37,"enemies":"Time Eater","floor":50,"turns":11}],"seed_played":"-3267651053854438972","potions_obtained":[{"floor":1,"key":"Swift Potion"},{"floor":10,"key":"Fire Potion"},{"floor":12,"key":"GhostInAJar"},{"floor":14,"key":"FearPotion"},{"floor":16,"key":"EntropicBrew"},{"floor":18,"key":"LiquidBronze"},{"floor":19,"key":"GhostInAJar"},{"floor":33,"key":"Poison Potion"},{"floor":37,"key":"SteroidPotion"},{"floor":40,"key":"Strength Potion"}],"is_trial":false,"path_per_floor":["M","M","?","?","M","E","R","M","T","M","?","M","R","M","R","B",null,"M","M","$","?","?","R","E","?","T","$","M","R","E","M","R","B",null,"M","?","M","M","?","E","R","M","T","M","M","T","$","M","R","B"],"character_chosen":"THE_SILENT","items_purchased":["Footwork","Tough Bandages","Noxious Fumes","Apotheosis"],"campfire_rested":5,"item_purchase_floors":[20,20,47,47],"current_hp_per_floor":[63,52,52,52,49,20,41,41,41,35,35,35,35,35,35,27,70,64,60,60,60,60,60,53,53,53,53,46,67,67,50,70,70,70,70,70,68,67,67,56,70,68,68,56,56,56,56,41,62,25],"gold":65,"neow_bonus":"RANDOM_COMMON_RELIC","is_prod":false,"is_daily":false,"chose_seed":false,"campfire_upgraded":3,"win_rate":0,"timestamp":1531693192,"path_taken":["M","M","?","?","M","E","R","M","T","M","?","M","R","M","R","BOSS","M","M","$","?","?","R","E","?","T","?","?","R","E","M","R","BOSS","M","?","M","M","?","E","R","M","T","M","?","?","$","M","R","BOSS"],"build_version":"2018-07-13","purchased_purges":1,"victory":true,"max_hp_per_floor":[70,70,70,70,70,70,70,70,70,70,70,70,70,70,70,70,70,70,70,70,70,70,70,70,70,70,70,70,70,70,70,70,70,70,70,70,70,70,70,70,70,70,70,70,70,70,70,70,70,70],"card_choices":[{"not_picked":["Bouncing Flask","Dodge and Roll"],"picked":"Endless Agony","floor":1},{"not_picked":["All Out Attack","Outmaneuver","Accuracy"],"picked":"SKIP","floor":2},{"not_picked":["Predator","Caltrops"],"picked":"Backflip","floor":5},{"not_picked":["Underhanded Strike","Sucker Punch"],"picked":"Dagger Spray","floor":6},{"not_picked":["Flying Knee","Outmaneuver"],"picked":"Cloak And Dagger","floor":8},{"not_picked":["Dodge and Roll","Poisoned Stab"],"picked":"After Image","floor":10},{"not_picked":["Poisoned Stab","Backflip"],"picked":"Crippling Poison","floor":12},{"not_picked":["Calculated Gamble","Underhanded Strike"],"picked":"PiercingWail","floor":14},{"not_picked":["Envenom","Burst"],"picked":"Storm of Steel","floor":16},{"not_picked":["Acrobatics","Deadly Poison"],"picked":"Backstab","floor":17},{"not_picked":["Dagger Throw","Sucker Punch"],"picked":"Well Laid Plans","floor":17},{"not_picked":["Bane","Slice"],"picked":"Backflip","floor":17},{"not_picked":["Flechettes","Deflect"],"picked":"Endless Agony","floor":17},{"not_picked":["Acrobatics","Quick Slash"],"picked":"Blur","floor":17},{"not_picked":["Venomology","Flying Knee"],"picked":"Noxious Fumes+1","floor":18},{"not_picked":["Bane","Deadly Poison+1"],"picked":"Dodge and Roll","floor":19},{"not_picked":["Catalyst","Skewer","Grand Finale"],"picked":"SKIP","floor":24},{"not_picked":["Deadly Poison","Expertise"],"picked":"Riddle With Holes","floor":28},{"not_picked":["Crippling Poison","Accuracy"],"picked":"Cloak And Dagger","floor":30},{"not_picked":["Deflect+1","Bane"],"picked":"Escape Plan","floor":31},{"not_picked":["Wraith Form v2","Burst"],"picked":"Die Die Die","floor":33},{"not_picked":["Deadly Poison+1","Prepared+1","Blade Dance"],"picked":"SKIP","floor":35},{"not_picked":["Outmaneuver","Deflect"],"picked":"Terror","floor":37},{"not_picked":["Expertise+1","Quick Slash+1","Well Laid Plans"],"picked":"SKIP","floor":38},{"not_picked":["Distraction","Acrobatics","Eviscerate"],"picked":"SKIP","floor":40},{"not_picked":["Underhanded Strike","All Out Attack+1"],"picked":"Crippling Poison+1","floor":42},{"not_picked":["Dodge and Roll","Underhanded Strike+1","Prepared"],"picked":"SKIP","floor":44},{"not_picked":["Reflex+1","Calculated Gamble"],"picked":"PiercingWail+1","floor":45},{"not_picked":["Prepared+1","Dagger Throw","Underhanded Strike+1"],"picked":"SKIP","floor":48}],"player_experience":293781,"relics_obtained":[{"floor":6,"key":"Shuriken"},{"floor":9,"key":"Dead Branch"},{"floor":24,"key":"Torii"},{"floor":26,"key":"Ancient Tea Set"},{"floor":30,"key":"Whetstone"},{"floor":40,"key":"Smiling Mask"},{"floor":43,"key":"Ice Cream"},{"floor":46,"key":"War Paint"}],"event_choices":[{"event_name":"World of Goop","player_choice":"Left","floor":3,"damage_taken":0},{"event_name":"Liars Game","player_choice":"disagreed","floor":4,"damage_taken":0},{"event_name":"Dead Adventurer","player_choice":"Searched \u00271\u0027 times","floor":11,"damage_taken":0},{"event_name":"Duplicator","player_choice":"One dupe","floor":21,"damage_taken":0},{"event_name":"Ghosts","player_choice":"Ignored","floor":22,"damage_taken":0},{"event_name":"Addict","player_choice":"Ignored","floor":25,"damage_taken":0},{"event_name":"Purifier","player_choice":"One Purge","floor":36,"damage_taken":0},{"event_name":"Falling","player_choice":"Removed Attack","floor":39,"damage_taken":0}],"boss_relics":[{"not_picked":["Runic Pyramid","Velvet Choker"],"picked":"Orrery"},{"not_picked":["Tiny House","Ring of the Serpent"],"picked":"Cursed Key"}],"items_purged_floors":[47],"is_endless":false,"potions_floor_spawned":[1,10,12,14,16,18,19,33,37,40],"ascension_level":4}