{"gold_per_floor":[117,267,277,76,76,76,101,101,125,137,50,50,63,97,97,97],"floor_reached":16,"playtime":314,"items_purged":["Doubt"],"score":216,"play_id":"55a2847f-ae94-47a9-bc23-11600637fdc8","local_time":"20181209213448","is_ascension_mode":true,"campfire_choices":[{"data":"Cloak And Dagger","floor":6.0,"key":"SMITH"},{"data":"Neutralize","floor":8.0,"key":"SMITH"},{"data":"Footwork","floor":15.0,"key":"SMITH"}],"neow_cost":"NONE","seed_source_timestamp":0,"circlet_count":0,"master_deck":["AscendersBane","Defend_G","Defend_G","Defend_G","Strike_G","Strike_G","Strike_G","Strike_G","Survivor","Neutralize+1","Dagger Spray+1","Slice+1","Calculated Gamble+1","Dash","Cloak And Dagger+1","Finisher","Well Laid Plans","After Image","Dagger Throw","Terror","Footwork+1"],"special_seed":0,"relics":["Astrolabe","Art of War","Omamori","Letter Opener"],"potions_floor_usage":[],"damage_taken":[{"damage":0.0,"enemies":"2 Louse","floor":1.0,"turns":2.0},{"damage":4.0,"enemies":"Jaw Worm","floor":3.0,"turns":4.0},{"damage":1.0,"enemies":"3 Sentries","floor":7.0,"turns":7.0},{"damage":0.0,"enemies":"Cultist","floor":10.0,"turns":3.0},{"damage":13.0,"enemies":"Blue Slaver","floor":13.0,"turns":3.0},{"damage":22.0,"enemies":"Gremlin Nob","floor":14.0,"turns":4.0},{"damage":0,"enemies":"Hexaghost","floor":16,"turns":1}],"seed_played":"-79956514694807122","potions_obtained":[{"floor":1.0,"key":"Ancient Potion"},{"floor":3.0,"key":"AttackPotion"},{"floor":13.0,"key":"Regen Potion"},{"floor":14.0,"key":"Swift Potion"}],"is_trial":false,"path_per_floor":["M","?","M","$","?","R","E","R","T","M","$","?","M","E","R","B"],"character_chosen":"THE_SILENT","items_purchased":["Finisher","Well Laid Plans","Footwork"],"campfire_rested":0,"item_purchase_floors":[4,4,11],"current_hp_per_floor":[59,59,55,55,55,55,54,54,54,54,54,54,41,31,31,31],"gold":97,"neow_bonus":"BOSS_RELIC","is_prod":false,"is_daily":false,"chose_seed":false,"campfire_upgraded":3,"win_rate":0,"timestamp":1544420088,"path_taken":["M","?","M","$","?","R","E","R","T","?","$","?","M","E","R","BOSS"],"build_version":"2018-12-06","purchased_purges":1,"victory":false,"max_hp_per_floor":[66,66,66,66,66,66,66,66,66,66,66,66,66,66,66,66],"card_choices":[{"not_picked":["Underhanded Strike","Expertise"],"picked":"Dash","floor":1.0},{"not_picked":["All Out Attack","Underhanded Strike"],"picked":"Cloak And Dagger","floor":3.0},{"not_picked":["Acrobatics","Eviscerate"],"picked":"Terror","floor":7.0},{"not_picked":["Escape Plan","Prepared","Acrobatics"],"picked":"SKIP","floor":13.0}],"player_experience":981924,"relics_obtained":[{"floor":7.0,"key":"Art of War"},{"floor":9.0,"key":"Omamori"},{"floor":14.0,"key":"Letter Opener"}],"event_choices":[{"damage_healed":0.0,"max_hp_gain":0.0,"max_hp_loss":0.0,"gold_gain":150.0,"event_name":"Liars Game","player_choice":"AGREE","floor":2.0,"gold_loss":0.0,"damage_taken":0.0,"cards_obtained":["Doubt"]},{"damage_healed":0.0,"max_hp_gain":0.0,"max_hp_loss":0.0,"gold_gain":0.0,"event_name":"Match and Keep!","player_choice":"2 cards matched","floor":5.0,"gold_loss":0.0,"damage_taken":0.0,"cards_obtained":["After Image","Dagger Throw"]},{"damage_healed":0.0,"max_hp_gain":0.0,"max_hp_loss":0.0,"gold_gain":0.0,"event_name":"The Cleric","player_choice":"Leave","floor":12.0,"gold_loss":0.0,"damage_taken":0.0}],"is_beta":true,"boss_relics":[],"items_purged_floors":[4],"is_endless":false,"potions_floor_spawned":[1,3,13,14],"killed_by":"Hexaghost","ascension_level":20}