{"gold_per_floor":[116,1,20,40,57,87,42,42,42,42,59,94,94,113,113,211,211,221,221,2,2,2,33,33,45,45,45,45,45,45,65,65,169,169,183,201,22,42,57,85,0,18,45,73,73,99,115,135,135,135,135,135,86,114,114],"floor_reached":56,"playtime":8640,"items_purged":["Strike_R","Bash"],"score":1317,"play_id":"17aa3b0c-13fb-4a39-83f3-4913d4809f8f","local_time":"20190528195319","is_ascension_mode":false,"campfire_choices":[{"data":"Uppercut","floor":8,"key":"SMITH"},{"data":"Shockwave","floor":10,"key":"SMITH"},{"floor":13,"key":"RECALL"},{"data":"Pommel Strike","floor":15,"key":"SMITH"},{"data":"Immolate","floor":24,"key":"SMITH"},{"data":"Power Through","floor":30,"key":"SMITH"},{"data":"Battle Trance","floor":32,"key":"SMITH"},{"data":"Power Through","floor":45,"key":"SMITH"},{"data":"Spot Weakness","floor":49,"key":"SMITH"},{"data":"Feed","floor":52,"key":"SMITH"}],"neow_cost":"NONE","seed_source_timestamp":1111343888148223,"circlet_count":0,"master_deck":["Strike_R+1","Strike_R+1","Strike_R+1","Strike_R+1","Defend_R+1","Defend_R+1","Defend_R+1","Defend_R+1","Uppercut+1","Pommel Strike+1","Shockwave+1","Battle Trance+1","Corruption+1","Power Through+1","Immolate+1","Iron Wave+1","Barricade+1","Power Through+1","Feed+1","True Grit+1","Headbutt+1","Spot Weakness+1","Shrug It Off+1","Evolve+1","Feel No Pain+1","Body Slam","Iron Wave"],"relics":["Burning Blood","Blood Vial","Ancient Tea Set","Thread and Needle","Frozen Egg 2","Pen Nib","Velvet Choker","FaceOfCleric","Juzu Bracelet","Bottled Lightning","Sozu","Shuriken","Red Mask","Bag of Marbles","Omamori","Nunchaku","Mercury Hourglass"],"potions_floor_usage":[6,6,16,33,55,55],"damage_taken":[{"damage":9,"enemies":"Jaw Worm","floor":1,"turns":4},{"damage":1,"enemies":"Cultist","floor":3,"turns":4},{"damage":5,"enemies":"2 Louse","floor":4,"turns":4},{"damage":9,"enemies":"Exordium Wildlife","floor":5,"turns":6},{"damage":31,"enemies":"Lagavulin","floor":6,"turns":6},{"damage":0,"enemies":"Looter","floor":11,"turns":2},{"damage":18,"enemies":"3 Sentries","floor":12,"turns":8},{"damage":0,"enemies":"Lots of Slimes","floor":14,"turns":4},{"damage":34,"enemies":"The Guardian","floor":16,"turns":13},{"damage":0,"enemies":"Spheric Guardian","floor":18,"turns":3},{"damage":16,"enemies":"Colosseum Slavers","floor":19,"turns":6},{"damage":6,"enemies":"Gremlin Leader","floor":23,"turns":5},{"damage":0,"enemies":"Shell Parasite","floor":25,"turns":3},{"damage":0,"enemies":"Cultist and Chosen","floor":31,"turns":3},{"damage":42,"enemies":"Collector","floor":33,"turns":11},{"damage":0,"enemies":"3 Darklings","floor":35,"turns":3},{"damage":0,"enemies":"3 Shapes","floor":36,"turns":5},{"damage":0,"enemies":"Transient","floor":38,"turns":5},{"damage":10,"enemies":"Sphere and 2 Shapes","floor":39,"turns":6},{"damage":0,"enemies":"Giant Head","floor":40,"turns":9},{"damage":0,"enemies":"Writhing Mass","floor":42,"turns":6},{"damage":7,"enemies":"Reptomancer","floor":44,"turns":4},{"damage":0,"enemies":"Giant Head","floor":46,"turns":8},{"damage":0,"enemies":"Maw","floor":47,"turns":7},{"damage":0,"enemies":"3 Darklings","floor":48,"turns":5},{"damage":20,"enemies":"Donu and Deca","floor":50,"turns":10},{"damage":39,"enemies":"Shield and Spear","floor":54,"turns":9},{"damage":69,"enemies":"The Heart","floor":55,"turns":12}],"seed_played":"-729272352623436158","potions_obtained":[{"floor":3,"key":"Energy Potion"},{"floor":4,"key":"PowerPotion"},{"floor":5,"key":"SkillPotion"},{"floor":14,"key":"Ancient Potion"},{"floor":18,"key":"Weak Potion"},{"floor":25,"key":"Poison Potion"}],"is_trial":false,"path_per_floor":["M","?","M","M","M","E","?","R","T","R","M","E","R","M","R","B",null,"M","?","$","?","?","E","R","M","T","?","?","T","R","M","R","B",null,"M","M","$","M","M","E","?","M","T","E","R","E","M","M","R","B",null,"R","$","E","B",null],"character_chosen":"IRONCLAD","items_purchased":["Barricade+1","Spot Weakness","Body Slam"],"campfire_rested":0,"item_purchase_floors":[20,37,53],"current_hp_per_floor":[77,77,80,80,77,54,54,54,54,54,62,52,52,60,60,34,80,80,70,70,70,70,73,73,82,82,82,82,82,82,83,83,48,84,88,92,92,93,93,98,98,99,99,102,102,104,105,106,106,96,110,110,110,82,22],"gold":114,"neow_bonus":"RANDOM_COMMON_RELIC","is_prod":false,"is_daily":false,"chose_seed":false,"campfire_upgraded":9,"win_rate":0,"timestamp":1559087599,"path_taken":["M","?","?","M","M","E","?","R","T","R","M","E","R","M","R","BOSS","M","?","$","?","?","E","R","M","T","?","?","?","R","M","R","BOSS","M","M","$","M","M","E","?","M","T","E","R","E","M","M","R","BOSS","R","$","E","BOSS"],"build_version":"2019-01-23","purchased_purges":2,"victory":true,"max_hp_per_floor":[80,80,80,80,80,80,80,80,80,80,80,80,80,80,80,80,80,80,80,80,80,80,81,81,82,82,82,82,82,82,83,83,84,84,88,92,92,93,97,98,98,99,99,103,103,104,105,106,106,110,110,110,110,115,116],"card_choices":[{"not_picked":["Twin Strike","Ghostly Armor"],"picked":"Uppercut","floor":1},{"not_picked":["Thunderclap","Twin Strike"],"picked":"Pommel Strike","floor":3},{"not_picked":["Wild Strike","Carnage"],"picked":"Shockwave","floor":4},{"not_picked":["Bloodletting","Carnage","Anger"],"picked":"SKIP","floor":5},{"not_picked":["Burning Pact","Searing Blow"],"picked":"Battle Trance","floor":6},{"not_picked":["Shockwave","Fire Breathing+1"],"picked":"Corruption+1","floor":11},{"not_picked":["Evolve+1","Combust+1","Pummel"],"picked":"SKIP","floor":12},{"not_picked":["True Grit","Twin Strike"],"picked":"Power Through","floor":14},{"not_picked":["Barricade+1","Offering"],"picked":"Immolate","floor":16},{"not_picked":["Dropkick","Warcry+1"],"picked":"Iron Wave+1","floor":18},{"not_picked":["Whirlwind","Shockwave","Blood for Blood"],"picked":"SKIP","floor":23},{"not_picked":["Reckless Charge","Thunderclap"],"picked":"Power Through","floor":25},{"not_picked":["Dropkick","Combust+1","Anger+1"],"picked":"SKIP","floor":31},{"not_picked":["Double Tap","Reaper"],"picked":"Feed","floor":33},{"not_picked":["Headbutt+1","Hemokinesis+1"],"picked":"True Grit+1","floor":35},{"not_picked":["Pummel+1","Heavy Blade+1"],"picked":"Headbutt+1","floor":36},{"not_picked":["Dropkick+1","Cleave+1"],"picked":"Shrug It Off+1","floor":38},{"not_picked":["Pummel","Disarm+1"],"picked":"Evolve+1","floor":39},{"not_picked":["Burning Pact+1","Flex+1"],"picked":"Feel No Pain+1","floor":40},{"not_picked":["Headbutt+1","Burning Pact+1","Bludgeon"],"picked":"SKIP","floor":42},{"not_picked":["Flex+1","Warcry+1","Fire Breathing+1"],"picked":"SKIP","floor":44},{"not_picked":["Headbutt+1","Pommel Strike","Warcry+1"],"picked":"SKIP","floor":46},{"not_picked":["Anger+1","Fire Breathing+1","Thunderclap+1"],"picked":"SKIP","floor":47},{"not_picked":["True Grit+1","Immolate","Carnage"],"picked":"SKIP","floor":48},{"not_picked":["Corruption+1","Perfected Strike"],"picked":"Iron Wave","floor":54}],"player_experience":39001,"relics_obtained":[{"floor":6,"key":"Thread and Needle"},{"floor":9,"key":"Frozen Egg 2"},{"floor":12,"key":"Pen Nib"},{"floor":23,"key":"Juzu Bracelet"},{"floor":26,"key":"Bottled Lightning"},{"floor":40,"key":"Shuriken"},{"floor":43,"key":"Bag of Marbles"},{"floor":44,"key":"Omamori"},{"floor":46,"key":"Nunchaku"},{"floor":54,"key":"Mercury Hourglass"}],"event_choices":[{"damage_healed":0,"gold_gain":0,"player_choice":"Paid Gold","damage_taken":0,"relics_obtained":["Ancient Tea Set"],"max_hp_gain":0,"max_hp_loss":0,"event_name":"WeMeetAgain","floor":2,"gold_loss":115},{"damage_healed":0,"gold_gain":0,"player_choice":"Left Gold","damage_taken":0,"max_hp_gain":0,"max_hp_loss":0,"event_name":"World of Goop","floor":7,"gold_loss":45},{"damage_healed":0,"gold_gain":0,"player_choice":"Fight","damage_taken":0,"max_hp_gain":0,"max_hp_loss":0,"event_name":"Colosseum","floor":19,"gold_loss":0},{"damage_healed":0,"gold_gain":0,"player_choice":"Fled From Nobs","damage_taken":0,"max_hp_gain":0,"max_hp_loss":0,"event_name":"Colosseum","floor":19,"gold_loss":0},{"damage_healed":0,"gold_gain":0,"player_choice":"Simplicity","damage_taken":0,"max_hp_gain":0,"max_hp_loss":0,"event_name":"Back to Basics","floor":21,"gold_loss":0,"cards_upgraded":["Strike_R","Strike_R","Strike_R","Strike_R","Defend_R","Defend_R","Defend_R","Defend_R"]},{"damage_healed":0,"gold_gain":0,"player_choice":"Trade","damage_taken":0,"relics_obtained":["FaceOfCleric"],"max_hp_gain":0,"max_hp_loss":0,"event_name":"FaceTrader","floor":22,"gold_loss":0},{"damage_healed":0,"gold_gain":0,"player_choice":"Ignored","damage_taken":0,"max_hp_gain":0,"max_hp_loss":0,"event_name":"Vampires","floor":27,"gold_loss":0},{"damage_healed":0,"gold_gain":0,"player_choice":"Ignored","damage_taken":0,"max_hp_gain":0,"max_hp_loss":0,"event_name":"Ghosts","floor":28,"gold_loss":0},{"damage_healed":0,"gold_gain":0,"player_choice":"Paid","damage_taken":0,"relics_obtained":["Red Mask"],"max_hp_gain":0,"max_hp_loss":0,"event_name":"Tomb of Lord Red Mask","floor":41,"gold_loss":85}],"is_beta":false,"boss_relics":[{"not_picked":["Coffee Dripper","White Beast Statue"],"picked":"Velvet Choker"},{"not_picked":["Cursed Key","Empty Cage"],"picked":"Sozu"}],"items_purged_floors":[20,37],"is_endless":false,"potions_floor_spawned":[3,4,5,14,18,19,25,35,40,46,54],"ascension_level":0}