{"path_per_floor":["M","?","M","M","M","E","R","M","T","M","M","R","M","M","R","B",null,"M","$"],"character_chosen":"THE_SILENT","items_purchased":[],"gold_per_floor":[109,284,294,310,328,355,355,370,394,408,421,421,437,454,454,554,554,479,479,479],"floor_reached":20,"campfire_rested":3,"playtime":1286,"item_purchase_floors":[],"current_hp_per_floor":[67,67,67,67,52,8,29,25,25,24,24,45,36,30,51,12,70,18,18,0],"items_purged":[],"gold":479,"score":178,"play_id":"dc580582-08cb-4d72-befa-1ec31f35f740","local_time":"20180618123354","is_prod":false,"is_daily":false,"chose_seed":false,"is_ascension_mode":false,"campfire_upgraded":0,"win_rate":0,"timestamp":1529339634,"campfire_choices":[{"floor":7.0,"key":"REST"},{"floor":12.0,"key":"REST"},{"floor":15.0,"key":"REST"}],"path_taken":["M","?","M","M","M","E","R","M","T","M","?","R","M","M","R","BOSS","M","$","M"],"build_version":"2018-06-14v2","seed_source_timestamp":0,"purchased_purges":0,"victory":false,"master_deck":["Defend_G","Defend_G","Defend_G","Defend_G","Defend_G","Strike_G","Strike_G","Strike_G","Strike_G","Strike_G","Survivor","Neutralize","Cloak And Dagger","Doubt","Predator","Cloak And Dagger","Choke","Dagger Spray+1","After Image","Malaise","Footwork","Accuracy","Flying Knee+1","Die Die Die+1"],"max_hp_per_floor":[70,70,70,70,70,70,70,70,70,70,70,70,70,70,70,70,70,70,70,70],"special_seed":17700,"relics":["White Beast Statue","Molten Egg 2","Bag of Preparation","Snecko Eye"],"card_choices":[{"not_picked":["Underhanded Strike","Outmaneuver"],"picked":"Cloak And Dagger","floor":1.0},{"not_picked":["Slice","Dagger Spray"],"picked":"Predator","floor":3.0},{"not_picked":["Dodge and Roll","Deflect"],"picked":"Cloak And Dagger","floor":4.0},{"not_picked":["Outmaneuver","Dagger Throw"],"picked":"Choke","floor":5.0},{"not_picked":["Infinite Blades","Underhanded Strike"],"picked":"Dagger Spray","floor":6.0},{"not_picked":["Dash+1","Outmaneuver"],"picked":"After Image","floor":8.0},{"not_picked":["Quick Slash+1","Acrobatics"],"picked":"Malaise","floor":10.0},{"not_picked":["Poisoned Stab+1","Bane+1"],"picked":"Footwork","floor":11.0},{"not_picked":["Outmaneuver","Dagger Throw+1"],"picked":"Accuracy","floor":13.0},{"not_picked":["Malaise","Underhanded Strike+1"],"picked":"Flying Knee+1","floor":14.0},{"not_picked":["Wraith Form v2","Night Terror"],"picked":"Die Die Die+1","floor":16.0},{"not_picked":["Well Laid Plans+1","Reflex","Dash+1"],"picked":"SKIP","floor":18}],"player_experience":131624,"potions_floor_usage":[],"damage_taken":[{"damage":3.0,"enemies":"Jaw Worm","floor":1.0,"turns":4.0},{"damage":0.0,"enemies":"2 Louse","floor":3.0,"turns":3.0},{"damage":0.0,"enemies":"Cultist","floor":4.0,"turns":3.0},{"damage":15.0,"enemies":"Gremlin Gang","floor":5.0,"turns":6.0},{"damage":44.0,"enemies":"Lagavulin","floor":6.0,"turns":9.0},{"damage":4.0,"enemies":"2 Fungi Beasts","floor":8.0,"turns":2.0},{"damage":1.0,"enemies":"3 Louse","floor":10.0,"turns":2.0},{"damage":0.0,"enemies":"Looter","floor":11.0,"turns":4.0},{"damage":9.0,"enemies":"Blue Slaver","floor":13.0,"turns":6.0},{"damage":6.0,"enemies":"Exordium Thugs","floor":14.0,"turns":3.0},{"damage":39.0,"enemies":"Slime Boss","floor":16.0,"turns":13.0},{"damage":52,"enemies":"2 Thieves","floor":18,"turns":5},{"damage":20,"enemies":"Spheric Guardian","floor":20,"turns":3}],"relics_obtained":[{"floor":6.0,"key":"Molten Egg 2"},{"floor":9.0,"key":"Bag of Preparation"}],"event_choices":[{"event_name":"Liars Game","player_choice":"agreed","floor":2.0,"damage_taken":0.0}],"boss_relics":[{"not_picked":["Velvet Choker","Tiny House"],"picked":"Snecko Eye"}],"items_purged_floors":[],"is_endless":false,"potions_floor_spawned":[1,3,4,5,6,8,10,11,13,14,16,18],"seed_played":"-5217989811975482230","killed_by":"Spheric Guardian","ascension_level":0,"potions_obtained":[{"floor":1.0,"key":"LiquidBronze"},{"floor":3.0,"key":"AttackPotion"},{"floor":4.0,"key":"LiquidBronze"},{"floor":5.0,"key":"Dexterity Potion"},{"floor":6.0,"key":"Ancient Potion"},{"floor":8.0,"key":"SteroidPotion"},{"floor":10.0,"key":"FearPotion"},{"floor":11.0,"key":"Ancient Potion"},{"floor":13.0,"key":"Swift Potion"},{"floor":14.0,"key":"AttackPotion"},{"floor":16.0,"key":"SkillPotion"},{"floor":18,"key":"FearPotion"}],"is_trial":false}