{"gold_per_floor":[117,117,45,62,74,74,91,120,188,188,188,236,253,269,269,374,374,390,127,127,92,104,104,69,102,102,102,112,143,160,172,172,172],"floor_reached":33,"playtime":2366,"items_purged":["Strike_G"],"score":316,"play_id":"52e715c1-e793-4168-9bdc-c2888f7fb43e","local_time":"20180711131550","is_ascension_mode":true,"campfire_choices":[{"data":"Neutralize","floor":6.0,"key":"SMITH"},{"floor":10.0,"key":"REST"},{"floor":15.0,"key":"REST"},{"data":"Backstab","floor":23,"key":"SMITH"},{"floor":32,"key":"REST"}],"neow_cost":"NONE","seed_source_timestamp":0,"circlet_count":0,"master_deck":["Defend_G","Defend_G+1","Defend_G","Defend_G+1","Defend_G","Strike_G","Strike_G","Strike_G","Strike_G","Survivor","Neutralize+1","Backstab+1","Noxious Fumes+1","PiercingWail","Cloak And Dagger","PiercingWail","Blur","Dash+1","Adrenaline","Tools of the Trade","Dagger Spray+1","Leg Sweep","Noxious Fumes+1","Backstab+1","Bane+1","Dash+1","Unload+1","Sucker Punch+1","Crippling Poison","Bane+1"],"special_seed":0,"relics":["Ring of the Serpent","Sundial","Molten Egg 2","Potion Belt","Bag of Marbles","Orichalcum","Incense Burner","Blood Vial"],"potions_floor_usage":[18,25,30],"damage_taken":[{"damage":0.0,"enemies":"Jaw Worm","floor":1.0,"turns":5.0},{"damage":0.0,"enemies":"2 Louse","floor":4.0,"turns":3.0},{"damage":0.0,"enemies":"Cultist","floor":5.0,"turns":4.0},{"damage":5.0,"enemies":"Blue Slaver","floor":7.0,"turns":4.0},{"damage":46.0,"enemies":"Gremlin Nob","floor":8.0,"turns":6.0},{"damage":7.0,"enemies":"Gremlin Gang","floor":13.0,"turns":5.0},{"damage":0.0,"enemies":"Large Slime","floor":14.0,"turns":6.0},{"damage":15.0,"enemies":"Slime Boss","floor":16.0,"turns":12.0},{"damage":0,"enemies":"3 Byrds","floor":18,"turns":5},{"damage":5,"enemies":"Shell Parasite","floor":22,"turns":6},{"damage":14,"enemies":"Book of Stabbing","floor":25,"turns":6},{"damage":5,"enemies":"Snecko","floor":28,"turns":4},{"damage":18,"enemies":"Gremlin Leader","floor":29,"turns":6},{"damage":0,"enemies":"Snake Plant","floor":30,"turns":1},{"damage":10,"enemies":"Sentry and Sphere","floor":31,"turns":5},{"damage":62,"enemies":"Collector","floor":33,"turns":7}],"seed_played":"3319288705447007236","potions_obtained":[{"floor":4.0,"key":"Weak Potion"},{"floor":8.0,"key":"SpeedPotion"},{"floor":13.0,"key":"Strength Potion"},{"floor":14.0,"key":"Energy Potion"},{"floor":18,"key":"Ancient Potion"},{"floor":22,"key":"Fire Potion"},{"floor":29,"key":"Swift Potion"}],"is_trial":false,"path_per_floor":["M","?","$","M","M","R","M","E","T","R","?","T","M","M","R","B",null,"M","$","?","$","M","R","$","E","T","?","M","E","M","M","R"],"character_chosen":"THE_SILENT","items_purchased":["Noxious Fumes","Bag of Marbles","Leg Sweep","Backstab+1","Dash+1"],"campfire_rested":3,"item_purchase_floors":[3,19,19,21,24],"current_hp_per_floor":[77,62,62,62,62,62,57,11,11,34,34,34,27,27,50,35,77,77,77,77,77,72,72,72,58,58,58,53,35,37,29,52,0],"gold":172,"neow_bonus":"TEN_PERCENT_HP_BONUS","is_prod":false,"is_daily":false,"chose_seed":false,"campfire_upgraded":2,"win_rate":0,"timestamp":1531329350,"path_taken":["M","?","$","M","M","R","M","E","T","R","?","?","M","?","R","BOSS","M","$","?","$","M","R","$","E","T","?","?","E","?","M","R","BOSS"],"build_version":"2018-07-10","purchased_purges":1,"victory":false,"max_hp_per_floor":[77,77,77,77,77,77,77,77,77,77,77,77,77,77,77,77,77,77,77,77,77,77,77,77,77,77,77,77,77,77,77,77,77],"card_choices":[{"not_picked":["PiercingWail","Quick Slash"],"picked":"Backstab","floor":1.0},{"not_picked":["Caltrops","Escape Plan"],"picked":"PiercingWail","floor":4.0},{"not_picked":["Poisoned Stab","Bullet Time"],"picked":"Cloak And Dagger","floor":5.0},{"not_picked":["Setup","Predator"],"picked":"PiercingWail","floor":7.0},{"not_picked":["Choke","Bane"],"picked":"Blur","floor":8.0},{"not_picked":["Sucker Punch+1","PiercingWail"],"picked":"Dash+1","floor":13.0},{"not_picked":["Infinite Blades","Underhanded Strike+1"],"picked":"Adrenaline","floor":14.0},{"not_picked":["Bullet Time","Storm of Steel"],"picked":"Tools of the Trade","floor":16.0},{"not_picked":["Poisoned Stab+1","Outmaneuver"],"picked":"Dagger Spray+1","floor":18},{"not_picked":["Slice+1","Prepared+1"],"picked":"Bane+1","floor":22},{"not_picked":["Blur+1","Cloak And Dagger"],"picked":"Unload+1","floor":25},{"not_picked":["Riddle With Holes+1","Deflect+1"],"picked":"Sucker Punch+1","floor":28},{"not_picked":["Prepared","Sucker Punch+1"],"picked":"Crippling Poison","floor":29},{"not_picked":["Expertise+1","Escape Plan"],"picked":"Bane+1","floor":30},{"not_picked":["Poisoned Stab+1","Outmaneuver+1","Sucker Punch+1"],"picked":"SKIP","floor":31}],"player_experience":251862,"relics_obtained":[{"floor":8.0,"key":"Sundial"},{"floor":9.0,"key":"Molten Egg 2"},{"floor":12.0,"key":"Potion Belt"},{"floor":25,"key":"Orichalcum"},{"floor":26,"key":"Incense Burner"},{"floor":29,"key":"Blood Vial"}],"event_choices":[{"event_name":"Shining Light","player_choice":"Entered Light","floor":2.0,"damage_taken":0.0},{"event_name":"Living Wall","player_choice":"Grow","floor":11.0,"damage_taken":0.0},{"event_name":"Duplicator","player_choice":"One dupe","floor":20,"damage_taken":0},{"event_name":"Ghosts","player_choice":"Ignored","floor":27,"damage_taken":0}],"boss_relics":[{"not_picked":["Lizard Tail","Velvet Choker"],"picked":"Ring of the Serpent"}],"items_purged_floors":[19],"is_endless":false,"potions_floor_spawned":[4,8,13,14,18,22,29],"killed_by":"Collector","ascension_level":2}