{"gold_per_floor":[111,61,61,61,71,71,86,98,123,142,159,193,193,37,37,132,132,118,43,60,73,73,73,106,118,130,175,112,134,165,194,206,316,328,358,387,399,411,434,446,486,498,578,590,632,4,19,35,35,35],"floor_reached":51,"playtime":2700,"items_purged":["Regret","PrismaMod:IllyaCommonDefend"],"score":799,"play_id":"b5e6872f-9a59-4e71-ad97-c4244ba0180d","local_time":"20190731145646","is_ascension_mode":false,"campfire_choices":[{"data":"PrismaMod:IllyaGrail","floor":6,"key":"SMITH"},{"data":"PrismaMod:IllyaCarnivalAttack","floor":13,"key":"SMITH"},{"data":"PrismaMod:IllyaPoisonTippedWeapons","floor":15,"key":"SMITH"},{"data":"Bite","floor":23,"key":"SMITH"},{"data":"Bite","floor":25,"key":"SMITH"},{"data":"PrismaMod:IllyaCarnivalAttack","floor":32,"key":"SMITH"},{"data":"PrismaMod:IllyaGrail","floor":40,"key":"SMITH"},{"data":"Bite","floor":42,"key":"SMITH"},{"data":"PrismaMod:IllyaCarnivalDefend","floor":44,"key":"SMITH"},{"floor":49,"key":"DIG"}],"neow_cost":"NONE","seed_source_timestamp":599395083042253,"circlet_count":0,"master_deck":["PrismaMod:IllyaCommonDefend","PrismaMod:IllyaCommonDefend","PrismaMod:IllyaCommonDefend","PrismaMod:IllyaUncommonAttack","PrismaMod:IllyaUncommonDefend","PrismaMod:IllyaGrail+1","PrismaMod:IllyaCommandSeal","PrismaMod:IllyaCarnivalAttack+1","PrismaMod:IllyaDevil","PrismaMod:IllyaPoisonTippedWeapons+1","PrismaMod:IllyaInstallRuler","PrismaMod:IllyaInstallLancer","Bite+1","Bite+1","Bite+1","Bite","Bite","PrismaMod:IllyaBerserCAR","PrismaMod:IllyaGrail+1","PrismaMod:IllyaCarnivalAttack+1","PrismaMod:IllyaCarnivalDefend+1","PrismaMod:IllyaCommonEvoke+1","PrismaMod:IllyaCommandSeal+1"],"relics":["PrismaMod:PrismaRuby","Strawberry","Happy Flower","Thread and Needle","Black Star","Orichalcum","MawBank","Incense Burner","Potion Belt","Pocketwatch","Coffee Dripper","Blood Vial","Anchor","Prayer Wheel","Blue Candle","Shovel","Molten Egg 2","Toxic Egg 2","Ginger","Bronze Scales"],"potions_floor_usage":[11,12,24,48,50,50,50],"damage_taken":[{"damage":4,"enemies":"Small Slimes","floor":1,"turns":4},{"damage":2,"enemies":"2 Louse","floor":5,"turns":4},{"damage":9,"enemies":"Jaw Worm","floor":7,"turns":4},{"damage":3,"enemies":"Large Slime","floor":8,"turns":5},{"damage":2,"enemies":"Looter","floor":10,"turns":3},{"damage":9,"enemies":"Blue Slaver","floor":11,"turns":3},{"damage":2,"enemies":"Gremlin Nob","floor":12,"turns":3},{"damage":26,"enemies":"The Guardian","floor":16,"turns":10},{"damage":11,"enemies":"2 Thieves","floor":18,"turns":4},{"damage":1,"enemies":"Spheric Guardian","floor":20,"turns":5},{"damage":8,"enemies":"Centurion and Healer","floor":21,"turns":6},{"damage":11,"enemies":"Slavers","floor":24,"turns":8},{"damage":20,"enemies":"Book of Stabbing","floor":27,"turns":5},{"damage":7,"enemies":"Sentry and Sphere","floor":29,"turns":6},{"damage":0,"enemies":"Snake Plant","floor":30,"turns":4},{"damage":0,"enemies":"Snecko","floor":31,"turns":4},{"damage":33,"enemies":"Collector","floor":33,"turns":9},{"damage":0,"enemies":"Orb Walker","floor":35,"turns":2},{"damage":30,"enemies":"3 Darklings","floor":36,"turns":5},{"damage":2,"enemies":"Maw","floor":39,"turns":6},{"damage":29,"enemies":"Giant Head","floor":41,"turns":7},{"damage":23,"enemies":"Nemesis","floor":45,"turns":9},{"damage":0,"enemies":"Spire Growth","floor":47,"turns":4},{"damage":9,"enemies":"Writhing Mass","floor":48,"turns":5},{"damage":19,"enemies":"Awakened One","floor":50,"turns":13}],"seed_played":"9019745456595449956","potions_obtained":[{"floor":7,"key":"GamblersBrew"},{"floor":8,"key":"SteroidPotion"},{"floor":11,"key":"Fruit Juice"},{"floor":20,"key":"SpeedPotion"},{"floor":21,"key":"SkillPotion"},{"floor":24,"key":"EssenceOfSteel"},{"floor":30,"key":"Strength Potion"},{"floor":33,"key":"PowerPotion"}],"is_trial":false,"path_per_floor":["M","?","?","?","M","R","M","M","T","M","M","E","R","$","R","B",null,"M","$","M","M","?","R","E","R","T","E","?","M","M","M","R","B",null,"M","M","?","?","M","R","E","R","T","R","E","$","M","M","R","B",null],"character_chosen":"ILLYA","items_purchased":["PrismaMod:IllyaInstallRuler","Toxic Egg 2","Ginger"],"campfire_rested":0,"item_purchase_floors":[14,46,46],"current_hp_per_floor":[78,78,71,78,76,76,72,74,74,77,78,81,81,81,81,60,94,83,83,87,84,65,65,65,65,65,61,61,65,65,65,65,52,65,65,48,48,48,65,65,40,40,40,40,61,61,65,65,65,65],"gold":35,"neow_bonus":"TEN_PERCENT_HP_BONUS","is_prod":false,"is_daily":false,"chose_seed":false,"campfire_upgraded":9,"win_rate":0.0,"timestamp":1564552606,"path_taken":["M","?","?","?","M","R","M","M","T","M","M","E","R","?","R","BOSS","M","$","M","M","?","R","E","R","T","E","?","M","M","M","R","BOSS","M","M","?","?","?","R","E","R","T","R","E","$","M","M","R","BOSS"],"build_version":"2019-07-17","purchased_purges":2,"victory":true,"max_hp_per_floor":[82,82,82,89,89,89,89,89,89,89,94,94,94,94,94,94,94,94,94,94,94,65,65,65,65,65,65,65,65,65,65,65,65,65,65,65,65,65,65,65,65,65,65,65,65,65,65,65,65,65],"card_choices":[{"not_picked":["PrismaMod:IllyaGrailKun","PrismaMod:IllyaUncommonDefend"],"picked":"PrismaMod:IllyaGrail","floor":1},{"not_picked":["PrismaMod:IllyaMultiEvoke","PrismaMod:IllyaUpgradeOrbs"],"picked":"PrismaMod:IllyaCommandSeal","floor":5},{"not_picked":["PrismaMod:IllyaBlindPoisonToss","PrismaMod:IllyaMultiEvoke"],"picked":"PrismaMod:IllyaCarnivalAttack","floor":7},{"not_picked":["PrismaMod:IllyaTestament","PrismaMod:IllyaCarnivalDefend"],"picked":"PrismaMod:IllyaDevil","floor":8},{"not_picked":["PrismaMod:IllyaMaid","PrismaMod:IllyaZwei","PrismaMod:IllyaSaphire"],"picked":"SKIP","floor":10},{"not_picked":["PrismaMod:IllyaTestament","PrismaMod:IllyaUncommonAttack"],"picked":"PrismaMod:IllyaPoisonTippedWeapons","floor":11},{"not_picked":["PrismaMod:IllyaUpgradeOrbs","PrismaMod:IllyaEvokeAll","PrismaMod:IllyaCarnivalOrbs"],"picked":"SKIP","floor":12},{"not_picked":["PrismaMod:IllyaInstallRider","PrismaMod:IllyaInstallMoonCancer"],"picked":"PrismaMod:IllyaInstallLancer","floor":16},{"not_picked":["PrismaMod:IllyaPoisoningPhantasm","PrismaMod:IllyaSaphire","PrismaMod:IllyaBride"],"picked":"SKIP","floor":18},{"not_picked":["PrismaMod:IllyaSaphire","PrismaMod:IllyaDualEvoke+1","PrismaMod:IllyaUpgradeOrbs"],"picked":"SKIP","floor":20},{"not_picked":["PrismaMod:IllyaGun+1","PrismaMod:IllyaGrailKun"],"picked":"PrismaMod:IllyaUncommonEvoke+1","floor":21},{"not_picked":["PrismaMod:IllyaStunPoison","PrismaMod:IllyaReinForce+1"],"picked":"PrismaMod:IllyaBerserCAR","floor":24},{"not_picked":["PrismaMod:IllyaEvokeAll","PrismaMod:IllyaRussianRoulette","PrismaMod:IllyaAOECommonAttack"],"picked":"SKIP","floor":27},{"not_picked":["PrismaMod:IllyaSaphire","PrismaMod:IllyaBride+1"],"picked":"PrismaMod:IllyaGrail","floor":29},{"not_picked":["PrismaMod:IllyaPoisonBomb","PrismaMod:IllyaRubysPotion"],"picked":"PrismaMod:IllyaCarnivalAttack","floor":30},{"not_picked":["PrismaMod:IllyaCommandSeal","PrismaMod:IllyaGrailKun","PrismaMod:IllyaRapidFire"],"picked":"SKIP","floor":31},{"not_picked":["PrismaMod:IllyaPoisonTippedWeapons+1","PrismaMod:IllyaMaid+1","PrismaMod:IllyaRapidFire"],"picked":"SKIP","floor":35},{"not_picked":["PrismaMod:IllyaUpgradeOrbs+1","PrismaMod:IllyaHassanGift+1","PrismaMod:IllyaAOECommonAttack+1"],"picked":"SKIP","floor":36},{"not_picked":["PrismaMod:IllyaGrailKun","PrismaMod:IllyaInstallBerserker","PrismaMod:IllyaUberChannel+1"],"picked":"SKIP","floor":39},{"not_picked":["PrismaMod:IllyaInstallLancer","PrismaMod:IllyaFriendMaker+1"],"picked":"PrismaMod:IllyaCarnivalDefend","floor":41},{"not_picked":["PrismaMod:IllyaBerserCAR","PrismaMod:IllyaCommonEvoke","PrismaMod:IllyaRubysPotion+1"],"picked":"SKIP","floor":45},{"not_picked":["PrismaMod:IllyaSaphire+1","PrismaMod:IllyaInstallAssassin"],"picked":"PrismaMod:IllyaCommonEvoke+1","floor":47},{"not_picked":["PrismaMod:IllyaPoisoningPhantasm+1","PrismaMod:IllyaUncommonDefend+1"],"picked":"PrismaMod:IllyaCommandSeal+1","floor":47},{"not_picked":["PrismaMod:IllyaSaphire+1","PrismaMod:IllyaBoysLove+1","PrismaMod:IllyaHassanGift+1"],"picked":"SKIP","floor":48},{"not_picked":["PrismaMod:IllyaBlindPoisonToss+1","PrismaMod:IllyaPoisoningPhantasm+1","PrismaMod:IllyaGrailKun+1"],"picked":"SKIP","floor":48}],"player_experience":114468,"relics_obtained":[{"floor":9,"key":"Happy Flower"},{"floor":12,"key":"Thread and Needle"},{"floor":24,"key":"Orichalcum"},{"floor":24,"key":"MawBank"},{"floor":26,"key":"Incense Burner"},{"floor":27,"key":"Potion Belt"},{"floor":27,"key":"Pocketwatch"},{"floor":41,"key":"Anchor"},{"floor":41,"key":"Prayer Wheel"},{"floor":43,"key":"Blue Candle"},{"floor":45,"key":"Shovel"},{"floor":45,"key":"Molten Egg 2"},{"floor":49,"key":"Bronze Scales"}],"event_choices":[{"cards_removed":["PrismaMod:IllyaCommonAttack"],"damage_healed":0,"gold_gain":0,"player_choice":"Card Removal","damage_taken":0,"max_hp_gain":0,"max_hp_loss":0,"event_name":"The Cleric","floor":2,"gold_loss":50},{"cards_removed":["PrismaMod:IllyaCommonAttack"],"damage_healed":0,"gold_gain":0,"player_choice":"Card Removal","damage_taken":7,"max_hp_gain":0,"max_hp_loss":0,"event_name":"Golden Wing","floor":3,"gold_loss":0},{"damage_healed":0,"gold_gain":0,"player_choice":"Box","damage_taken":0,"relics_obtained":["Strawberry"],"max_hp_gain":0,"max_hp_loss":0,"event_name":"Big Fish","floor":4,"gold_loss":0,"cards_obtained":["Regret"]},{"damage_healed":0,"gold_gain":0,"player_choice":"Became a vampire","damage_taken":0,"max_hp_gain":0,"max_hp_loss":29,"event_name":"Vampires","floor":22,"gold_loss":0,"cards_obtained":["Bite","Bite","Bite","Bite","Bite"]},{"cards_removed":["PrismaMod:IllyaCommonDefend"],"damage_healed":0,"gold_gain":0,"player_choice":"Gave Gold","damage_taken":0,"max_hp_gain":0,"max_hp_loss":0,"event_name":"Beggar","floor":28,"gold_loss":75},{"damage_healed":0,"gold_gain":0,"player_choice":"Ignored","damage_taken":0,"max_hp_gain":0,"max_hp_loss":0,"event_name":"Tomb of Lord Red Mask","floor":37,"gold_loss":0},{"cards_removed":["PrismaMod:IllyaUncommonEvoke"],"damage_healed":0,"gold_gain":0,"player_choice":"Gave Card","damage_taken":0,"relics_obtained":["Blood Vial"],"max_hp_gain":0,"max_hp_loss":0,"event_name":"WeMeetAgain","floor":38,"gold_loss":0}],"is_beta":false,"boss_relics":[{"not_picked":["Ectoplasm","Astrolabe"],"picked":"Black Star"},{"not_picked":["Snecko Eye","Cursed Key"],"picked":"Coffee Dripper"}],"items_purged_floors":[19,46],"is_endless":false,"potions_floor_spawned":[7,8,11,20,21,24,30,33,35,36],"ascension_level":0}