{"gold_per_floor":[116,44,119,136,136,171,171,197,197,207,225,225,36,63,63,136,136,156,71,84,84,99,99,99],"floor_reached":24,"playtime":737,"items_purged":[],"score":357,"play_id":"5ecb0a04-50dc-4808-b487-9371efe45bdb","local_time":"20180709132816","is_ascension_mode":true,"campfire_choices":[{"data":"Neutralize","floor":7,"key":"SMITH"},{"floor":12,"key":"REST"},{"data":"Noxious Fumes","floor":15,"key":"SMITH"},{"floor":23,"key":"REST"}],"neow_cost":"NONE","seed_source_timestamp":115377275030760,"circlet_count":0,"master_deck":["Defend_G","Defend_G","Defend_G","Defend_G","Defend_G","Strike_G","Strike_G","Strike_G","Strike_G","Strike_G","Survivor","Neutralize+1","AscendersBane","PiercingWail","Noxious Fumes+1","Endless Agony","Dagger Throw","Infinite Blades+1","Terror","All Out Attack","Caltrops+1","Dagger Throw","Night Terror","Cloak And Dagger","Cloak And Dagger","Bane","Writhe","Crippling Poison"],"relics":["Busted Crown","Matryoshka","Happy Flower","Bag of Marbles","Frozen Egg 2","Odd Mushroom","Orrery","Ginger","Strawberry"],"potions_floor_usage":[6,18,22],"damage_taken":[{"damage":5,"enemies":"Jaw Worm","floor":1,"turns":5},{"damage":0,"enemies":"2 Louse","floor":4,"turns":3},{"damage":11,"enemies":"3 Sentries","floor":6,"turns":7},{"damage":14,"enemies":"Lagavulin","floor":8,"turns":9},{"damage":1,"enemies":"Small Slimes","floor":10,"turns":3},{"damage":3,"enemies":"Exordium Wildlife","floor":11,"turns":3},{"damage":4,"floor":14,"turns":2},{"damage":32,"enemies":"Hexaghost","floor":16,"turns":8},{"damage":14,"enemies":"2 Thieves","floor":18,"turns":5},{"damage":16,"enemies":"Shell Parasite","floor":20,"turns":5},{"damage":2,"enemies":"Snecko","floor":22,"turns":5},{"damage":39,"enemies":"Slavers","floor":24,"turns":4}],"seed_played":"7819685271945066778","potions_obtained":[{"floor":4,"key":"Fire Potion"},{"floor":10,"key":"GhostInAJar"},{"floor":16,"key":"SneckoOil"}],"is_trial":false,"path_per_floor":["M","$","?","M","?","E","R","E","T","M","M","R","$","?","R","B",null,"M","?","M","?","M","R"],"character_chosen":"THE_SILENT","items_purchased":["Noxious Fumes","Terror","All Out Attack","Caltrops+1"],"campfire_rested":2,"item_purchase_floors":[2,13,13,13],"current_hp_per_floor":[54,54,43,43,48,37,37,23,23,22,19,40,40,36,36,4,54,40,40,24,31,29,52,13],"gold":99,"neow_bonus":"BOSS_RELIC","is_prod":false,"is_daily":false,"chose_seed":false,"campfire_upgraded":2,"win_rate":0,"timestamp":1531168096,"path_taken":["M","$","?","M","?","E","R","E","T","?","M","R","?","?","R","BOSS","M","?","M","?","M","R","E"],"build_version":"2018-07-05","purchased_purges":0,"victory":false,"max_hp_per_floor":[66,66,66,66,71,71,71,71,71,71,71,71,71,71,71,71,71,71,71,71,78,78,78,78],"card_choices":[{"not_picked":[],"picked":"PiercingWail","floor":1},{"not_picked":[],"picked":"Endless Agony","floor":4},{"not_picked":["Prepared"],"picked":"SKIP","floor":6},{"not_picked":["Doppelganger"],"picked":"SKIP","floor":8},{"not_picked":[],"picked":"Dagger Throw","floor":10},{"not_picked":[],"picked":"Infinite Blades+1","floor":11},{"not_picked":[],"picked":"Dagger Throw","floor":14},{"not_picked":[],"picked":"Night Terror","floor":16},{"not_picked":[],"picked":"Cloak And Dagger","floor":17},{"not_picked":[],"picked":"Cloak And Dagger","floor":17},{"not_picked":[],"picked":"Bane","floor":17},{"not_picked":["Flying Knee"],"picked":"SKIP","floor":18},{"not_picked":["Poisoned Stab+1"],"picked":"SKIP","floor":20},{"not_picked":[],"picked":"Crippling Poison","floor":22}],"player_experience":550202,"relics_obtained":[{"floor":6,"key":"Matryoshka"},{"floor":8,"key":"Happy Flower"},{"floor":9,"key":"Bag of Marbles"},{"floor":9,"key":"Frozen Egg 2"},{"floor":14,"key":"Odd Mushroom"}],"event_choices":[{"event_name":"World of Goop","player_choice":"Gather Gold","floor":3,"damage_taken":0},{"event_name":"Big Fish","player_choice":"Donut","floor":5,"damage_taken":0},{"event_name":"Mushrooms","player_choice":"Fought Mushrooms","floor":14,"damage_taken":0},{"event_name":"Addict","player_choice":"Obtained Relic","floor":19,"damage_taken":0},{"event_name":"The Mausoleum","player_choice":"Yes","floor":21,"damage_taken":0}],"boss_relics":[{"not_picked":["Velvet Choker","Eternal Feather"],"picked":"Orrery"}],"items_purged_floors":[],"is_endless":false,"potions_floor_spawned":[4,10,16],"killed_by":"Slavers","ascension_level":15}