{"gold_per_floor":[219,219,233,233,183,217,217,243,243,243,319,331,361,371,371,476,476,496,441,454,454,134,134,84,84,84,84,84,119,169,201,201,303,303,317,385,385,385,385,385,419,194,194,66,66,83,83,93,93,93],"floor_reached":51,"playtime":2013,"items_purged":["Defend_B","Coolheaded","Electrodynamics","Sunder+1"],"score":932,"play_id":"5e66b60e-f48d-401a-81a5-bf4929a5402d","local_time":"20190810182545","is_ascension_mode":true,"campfire_choices":[{"data":"Zap","floor":7,"key":"SMITH"},{"data":"Strike_B","floor":10,"key":"PURGE"},{"data":"Blizzard","floor":15,"key":"PURGE"},{"data":"Strike_B","floor":23,"key":"PURGE"},{"data":"Defend_B","floor":25,"key":"PURGE"},{"data":"Strike_B","floor":32,"key":"PURGE"},{"data":"Gash","floor":40,"key":"SMITH"},{"floor":45,"key":"REST"},{"floor":49,"key":"REST"}],"neow_cost":"NONE","seed_source_timestamp":18162677388100,"circlet_count":0,"master_deck":["Defend_B+1","Zap+1","Hologram+1","Gash+1","Coolheaded+1"],"relics":["Cracked Core","Sundial","Peace Pipe","Centennial Puzzle","Meat on the Bone","Smiling Mask","Inserter","Tiny Chest","Membership Card","Bag of Preparation","Bottled Lightning","Happy Flower","Juzu Bracelet","Mercury Hourglass","Empty Cage","Letter Opener","Mummified Hand","Oddly Smooth Stone","Ice Cream","Darkstone Periapt","Vajra"],"potions_floor_usage":[14,31,33,41,48],"damage_taken":[{"damage":0,"enemies":"Small Slimes","floor":1,"turns":3},{"damage":0,"enemies":"2 Louse","floor":3,"turns":1},{"damage":14,"enemies":"Gremlin Nob","floor":6,"turns":4},{"damage":14,"enemies":"3 Sentries","floor":8,"turns":5},{"damage":3,"enemies":"Jaw Worm","floor":12,"turns":2},{"damage":17,"enemies":"Gremlin Nob","floor":13,"turns":4},{"damage":0,"enemies":"Exordium Thugs","floor":14,"turns":4},{"damage":15,"enemies":"The Guardian","floor":16,"turns":9},{"damage":2,"enemies":"Chosen","floor":18,"turns":3},{"damage":21,"enemies":"2 Thieves","floor":20,"turns":3},{"damage":26,"enemies":"Book of Stabbing","floor":29,"turns":4},{"damage":15,"enemies":"Slavers","floor":31,"turns":2},{"damage":40,"enemies":"Automaton","floor":33,"turns":7},{"damage":3,"enemies":"Orb Walker","floor":35,"turns":3},{"damage":49,"enemies":"Nemesis","floor":41,"turns":5},{"damage":0,"enemies":"3 Shapes","floor":46,"turns":3},{"damage":33,"enemies":"Maw","floor":48,"turns":6},{"damage":6,"enemies":"Awakened One","floor":50,"turns":6}],"seed_played":"-9048666621704239055","potions_obtained":[{"floor":1,"key":"FairyPotion"},{"floor":8,"key":"FearPotion"},{"floor":14,"key":"Block Potion"},{"floor":18,"key":"Swift Potion"},{"floor":35,"key":"SteroidPotion"},{"floor":41,"key":"FairyPotion"}],"is_trial":false,"path_per_floor":["M","?","M","?","?","E","R","E","T","R","T","M","E","M","R","B",null,"M","?","M","?","$","R","$","R","T","T","?","E","?","E","R","B",null,"M","T","?","?","?","R","E","$","T","$","R","M","?","M","R","B",null],"character_chosen":"DEFECT","items_purchased":["Membership Card","Bag of Preparation","Ice Cream","SteroidPotion","Vajra"],"campfire_rested":2,"item_purchase_floors":[22,22,42,42,44],"current_hp_per_floor":[75,60,60,60,60,46,46,32,32,32,32,41,43,50,50,54,75,75,75,61,61,61,61,61,61,61,61,61,47,47,44,44,16,75,72,72,72,72,72,72,35,35,35,35,57,57,57,36,58,52],"gold":93,"neow_bonus":"HUNDRED_GOLD","is_prod":false,"is_daily":false,"chose_seed":false,"campfire_upgraded":2,"win_rate":0,"timestamp":1565429145,"path_taken":["M","?","M","?","?","E","R","E","T","R","?","?","E","M","R","BOSS","M","?","M","?","?","R","$","R","T","?","?","E","?","E","R","BOSS","M","?","?","?","?","R","E","?","T","$","R","M","?","M","R","BOSS"],"build_version":"2019-07-17","purchased_purges":4,"victory":true,"max_hp_per_floor":[75,75,75,75,75,75,75,75,75,75,75,75,75,75,75,75,75,75,75,75,75,75,75,75,75,75,75,75,75,75,75,75,75,75,75,75,75,75,75,75,75,75,75,75,75,75,75,75,75,75],"card_choices":[{"not_picked":["Hello World","Chill"],"picked":"Sunder","floor":1},{"not_picked":["Sweeping Beam","Hello World"],"picked":"Coolheaded","floor":3},{"not_picked":["Gash","Turbo"],"picked":"Blizzard","floor":6},{"not_picked":["Steam","Hyperbeam"],"picked":"Self Repair","floor":8},{"not_picked":["Force Field","Rip and Tear","Go for the Eyes"],"picked":"SKIP","floor":12},{"not_picked":["White Noise","Redo","Steam"],"picked":"SKIP","floor":13},{"not_picked":["Steam","Doom and Gloom","Cold Snap"],"picked":"SKIP","floor":14},{"not_picked":["Reboot","Buffer"],"picked":"Electrodynamics","floor":16},{"not_picked":["Sunder","Redo","Ball Lightning"],"picked":"SKIP","floor":18},{"not_picked":["Blizzard+1","Redo"],"picked":"Hologram+1","floor":20},{"not_picked":["Conserve Battery+1","Leap"],"picked":"Gash","floor":29},{"not_picked":["Double Energy","Heatsinks"],"picked":"Hologram+1","floor":31},{"not_picked":["Coolheaded","Barrage+1","Compile Driver"],"picked":"SKIP","floor":35},{"not_picked":["Reprogram","Machine Learning","Melter+1"],"picked":"SKIP","floor":41},{"not_picked":["Steam","Ball Lightning","Coolheaded+1"],"picked":"SKIP","floor":46},{"not_picked":["Fusion","Consume+1"],"picked":"Coolheaded+1","floor":48}],"player_experience":120295,"relics_obtained":[{"floor":6,"key":"Sundial"},{"floor":8,"key":"Peace Pipe"},{"floor":9,"key":"Centennial Puzzle"},{"floor":11,"key":"Meat on the Bone"},{"floor":13,"key":"Smiling Mask"},{"floor":26,"key":"Bottled Lightning"},{"floor":27,"key":"Happy Flower"},{"floor":29,"key":"Juzu Bracelet"},{"floor":31,"key":"Mercury Hourglass"},{"floor":36,"key":"Letter Opener"},{"floor":38,"key":"Mummified Hand"},{"floor":41,"key":"Oddly Smooth Stone"},{"floor":43,"key":"Darkstone Periapt"}],"event_choices":[{"damage_healed":0,"gold_gain":0,"player_choice":"Entered Light","damage_taken":15,"max_hp_gain":0,"max_hp_loss":0,"event_name":"Shining Light","floor":2,"gold_loss":0,"cards_upgraded":["Sunder","Defend_B"]},{"damage_healed":0,"gold_gain":0,"cards_transformed":["Strike_B"],"player_choice":"Change","damage_taken":0,"max_hp_gain":0,"max_hp_loss":0,"event_name":"Living Wall","floor":4,"gold_loss":0,"cards_obtained":["Turbo"]},{"cards_removed":["Defend_B"],"damage_healed":0,"gold_gain":0,"player_choice":"Card Removal","damage_taken":0,"max_hp_gain":0,"max_hp_loss":0,"event_name":"The Cleric","floor":5,"gold_loss":50},{"damage_healed":0,"gold_gain":0,"player_choice":"Obtained Relic","damage_taken":0,"relics_obtained":["Tiny Chest"],"max_hp_gain":0,"max_hp_loss":0,"event_name":"Addict","floor":19,"gold_loss":85},{"damage_healed":0,"gold_gain":0,"player_choice":"Ignored","damage_taken":0,"max_hp_gain":0,"max_hp_loss":0,"event_name":"The Mausoleum","floor":21,"gold_loss":0},{"cards_removed":["Self Repair"],"damage_healed":0,"gold_gain":0,"player_choice":"Elegance","damage_taken":0,"max_hp_gain":0,"max_hp_loss":0,"event_name":"Back to Basics","floor":28,"gold_loss":0},{"damage_healed":0,"gold_gain":100,"player_choice":"Bet on Murderer","damage_taken":0,"max_hp_gain":0,"max_hp_loss":0,"event_name":"The Joust","floor":30,"gold_loss":50},{"damage_healed":0,"gold_gain":0,"player_choice":"Memory 1","damage_taken":0,"max_hp_gain":0,"max_hp_loss":0,"event_name":"SensoryStone","floor":37,"gold_loss":0},{"damage_healed":0,"gold_gain":0,"player_choice":"Relic","damage_taken":0,"max_hp_gain":0,"max_hp_loss":0,"event_name":"Wheel of Change","floor":38,"gold_loss":0},{"damage_healed":0,"gold_gain":0,"player_choice":"Leave","damage_taken":0,"max_hp_gain":0,"max_hp_loss":0,"event_name":"FaceTrader","floor":39,"gold_loss":0},{"cards_removed":["Hologram"],"damage_healed":0,"gold_gain":0,"player_choice":"Removed Skill","damage_taken":0,"max_hp_gain":0,"max_hp_loss":0,"event_name":"Falling","floor":47,"gold_loss":0}],"is_beta":false,"boss_relics":[{"not_picked":["Fusion Hammer","Tiny House"],"picked":"Inserter"},{"not_picked":["Pandora\u0027s Box","Coffee Dripper"],"picked":"Empty Cage"}],"items_purged_floors":[22,24,42,44],"is_endless":false,"potions_floor_spawned":[1,8,14,18,20,35,41,46],"ascension_level":1}