{"gold_per_floor":[119,137,7,7,19,19,50,50,107,138,163,189,189,189,189,282,282,300,300,314,62,32,76,76,0,0,0,35,47,30,30],"floor_reached":31,"playtime":1048,"items_purged":["Strike_B"],"score":570,"play_id":"e10cb974-562c-4e45-a0ed-bc6e9513b3b7","local_time":"20190801172803","is_ascension_mode":true,"campfire_choices":[{"data":"Zap","floor":6.0,"key":"SMITH"},{"data":"Doom and Gloom","floor":8.0,"key":"SMITH"},{"data":"Fusion","floor":13.0,"key":"SMITH"},{"data":"Hologram","floor":15.0,"key":"SMITH"},{"floor":24.0,"key":"REST"},{"data":"Chill","floor":27.0,"key":"SMITH"},{"floor":29.0,"key":"REST"}],"neow_cost":"NONE","seed_source_timestamp":0,"circlet_count":0,"master_deck":["AscendersBane","Defend_B","Zap+1","Dualcast","Ball Lightning","Doom and Gloom+1","Hologram+1","Streamline","Leap+1","Hello World+1","Fusion+1","Echo Form+1","White Noise+1","Beam Cell+1","Consume+1","Hello World+1","Chill+1","Creative AI+1","Stack+1","Hello World+1","Steam","Coolheaded","Fusion+1","Conserve Battery"],"special_seed":0,"relics":["Cracked Core","NeowsBlessing","Bronze Scales","Tiny Chest","Frozen Egg 2","Juzu Bracelet","Omamori","Golden Idol","Astrolabe","DollysMirror","War Paint","Gambling Chip","MawBank"],"potions_floor_usage":[31],"damage_taken":[{"damage":0.0,"enemies":"Jaw Worm","floor":1.0,"turns":1.0},{"damage":0.0,"enemies":"Cultist","floor":2.0,"turns":1.0},{"damage":0.0,"enemies":"2 Louse","floor":5.0,"turns":1.0},{"damage":11.0,"enemies":"Gremlin Nob","floor":7.0,"turns":3.0},{"damage":16.0,"enemies":"3 Sentries","floor":10.0,"turns":6.0},{"damage":8.0,"enemies":"Gremlin Nob","floor":12.0,"turns":3.0},{"damage":14.0,"enemies":"The Guardian","floor":16.0,"turns":10.0},{"damage":3.0,"enemies":"3 Byrds","floor":18.0,"turns":2.0},{"damage":9.0,"enemies":"Chosen","floor":20.0,"turns":5.0},{"damage":27.0,"enemies":"Gremlin Leader","floor":23.0,"turns":7.0},{"damage":25.0,"enemies":"Book of Stabbing","floor":28.0,"turns":7.0},{"damage":35,"enemies":"Shelled Parasite and Fungi","floor":31,"turns":3}],"seed_played":"2121835977925448615","potions_obtained":[{"floor":2.0,"key":"EssenceOfSteel"},{"floor":5.0,"key":"LiquidBronze"},{"floor":10.0,"key":"FocusPotion"},{"floor":22.0,"key":"GamblersBrew"},{"floor":22.0,"key":"GamblersBrew"},{"floor":23.0,"key":"FairyPotion"}],"is_trial":false,"path_per_floor":["M","M","$","?","M","R","E","R","T","E","T","E","R","?","R","B",null,"M","?","M","$","?","E","R","?","T","R","E","R","$","M"],"character_chosen":"DEFECT","items_purchased":["Hologram","DollysMirror","Steam","Conserve Battery"],"campfire_rested":2,"item_purchase_floors":[3,21,21,30],"current_hp_per_floor":[64,64,64,57,57,57,46,46,46,30,30,22,22,22,22,8,50,47,47,38,38,38,11,30,30,30,30,5,24,24,0],"gold":30,"neow_bonus":"THREE_ENEMY_KILL","is_prod":false,"is_daily":false,"chose_seed":false,"campfire_upgraded":5,"win_rate":0,"timestamp":1564705683,"path_taken":["M","M","$","?","M","R","E","R","T","E","?","E","R","?","R","BOSS","M","?","M","$","?","E","R","?","T","R","E","R","$","M"],"build_version":"2019-07-18","purchased_purges":1,"victory":false,"max_hp_per_floor":[71,71,71,71,71,71,71,71,71,71,71,71,71,64,64,64,64,64,64,64,64,64,64,64,64,64,64,64,64,64,64],"card_choices":[{"not_picked":["Cold Snap","Static Discharge"],"picked":"Ball Lightning","floor":1.0},{"not_picked":["Streamline","Turbo"],"picked":"Doom and Gloom","floor":2.0},{"not_picked":["Hologram","Turbo"],"picked":"Streamline","floor":5.0},{"not_picked":["Barrage","Doom and Gloom"],"picked":"Leap","floor":7.0},{"not_picked":["Ball Lightning","All For One"],"picked":"Hello World","floor":10.0},{"not_picked":["Barrage","Steam"],"picked":"Fusion","floor":12.0},{"not_picked":["Core Surge","Reboot"],"picked":"Echo Form+1","floor":16.0},{"not_picked":["Storm+1","Hologram"],"picked":"Hello World+1","floor":18.0},{"not_picked":["Auto Shields","Hologram"],"picked":"Stack","floor":20.0},{"not_picked":["Conserve Battery","Cold Snap"],"picked":"Coolheaded","floor":23.0},{"not_picked":["Go for the Eyes","Beam Cell"],"picked":"Fusion+1","floor":28.0}],"player_experience":1379736,"relics_obtained":[{"floor":7.0,"key":"Bronze Scales"},{"floor":9.0,"key":"Tiny Chest"},{"floor":10.0,"key":"Frozen Egg 2"},{"floor":11.0,"key":"Juzu Bracelet"},{"floor":12.0,"key":"Omamori"},{"floor":23.0,"key":"War Paint"},{"floor":26.0,"key":"Gambling Chip"},{"floor":28.0,"key":"MawBank"}],"event_choices":[{"cards_removed":["Strike_B"],"damage_healed":0.0,"max_hp_gain":0.0,"max_hp_loss":0.0,"gold_gain":0.0,"event_name":"Golden Wing","player_choice":"Card Removal","floor":4.0,"gold_loss":0.0,"damage_taken":7.0},{"damage_healed":0.0,"max_hp_gain":0.0,"max_hp_loss":7.0,"gold_gain":0.0,"event_name":"Golden Idol","player_choice":"Lose Max HP","floor":14.0,"gold_loss":0.0,"damage_taken":0.0,"relics_obtained":["Golden Idol"]},{"damage_healed":0.0,"max_hp_gain":0.0,"max_hp_loss":0.0,"gold_gain":0.0,"cards_transformed":["Defend_B","Defend_B"],"event_name":"Drug Dealer","player_choice":"Became Test Subject","floor":19.0,"gold_loss":0.0,"damage_taken":0.0,"cards_obtained":["Chill","Creative AI"]},{"damage_healed":0.0,"max_hp_gain":0.0,"max_hp_loss":0.0,"gold_gain":0.0,"event_name":"The Woman in Blue","player_choice":"Bought 2 Potions","floor":22.0,"gold_loss":0.0,"damage_taken":0.0},{"damage_healed":0.0,"max_hp_gain":0.0,"max_hp_loss":0.0,"gold_gain":0.0,"event_name":"Masked Bandits","player_choice":"Paid Fearfully","floor":25.0,"gold_loss":76.0,"damage_taken":0.0}],"is_beta":true,"boss_relics":[{"not_picked":["Runic Pyramid","Pandora\u0027s Box"],"picked":"Astrolabe"}],"items_purged_floors":[3],"is_endless":false,"potions_floor_spawned":[2,5,10,23,28],"killed_by":"Shelled Parasite and Fungi","ascension_level":20}