{"gold_per_floor":[110,110,128,148,71,71,105,125,171,189,205,205,205,224,224,323,323,338,348,348,358,369,402,402,416,442,442,71,88,99,117,117,217,217,227,274,274,288,143,143,169,169,169,180,199,217,217],"floor_reached":47,"playtime":4303,"items_purged":[],"score":535,"play_id":"b94f8714-ff7a-42fd-bccb-1e43286cfa46","local_time":"20190704160401","is_ascension_mode":false,"campfire_choices":[{"data":"Uppercut","floor":6.0,"key":"SMITH"},{"data":"Perfected Strike","floor":12.0,"key":"SMITH"},{"floor":15.0,"key":"REST"},{"floor":24.0,"key":"REST"},{"floor":27.0,"key":"REST"},{"floor":32.0,"key":"REST"},{"data":"Juggernaut","floor":40.0,"key":"SMITH"},{"floor":42,"key":"REST"}],"neow_cost":"NONE","seed_source_timestamp":0,"circlet_count":0,"master_deck":["Strike_R+1","Strike_R","Strike_R","Strike_R","Strike_R","Defend_R","Defend_R","Defend_R+1","Defend_R","Bash","Purity+1","Uppercut+1","Iron Wave","Flex","Shrug It Off","Perfected Strike+1","Battle Trance","Armaments","Iron Wave","Carnage","Headbutt","Fiend Fire","Clothesline+1","Rampage","Blood for Blood+1","Armaments+1","Blood for Blood","Twin Strike+1","Metallicize","Juggernaut+1","Searing Blow+1","Iron Wave","Metallicize+1","Burning Pact+1","Shrug It Off","Seeing Red+1"],"special_seed":0,"relics":["Burning Blood","Mercury Hourglass","War Paint","Oddly Smooth Stone","Velvet Choker","WingedGreaves","Pen Nib","Matryoshka","Eternal Feather","Champion Belt","Whetstone","StoneCalendar","Ancient Tea Set","Darkstone Periapt"],"potions_floor_usage":[45,45,46],"damage_taken":[{"damage":10.0,"enemies":"Small Slimes","floor":1.0,"turns":5.0},{"damage":5.0,"enemies":"2 Louse","floor":3.0,"turns":2.0},{"damage":3.0,"enemies":"Jaw Worm","floor":4.0,"turns":3.0},{"damage":21.0,"enemies":"3 Sentries","floor":7.0,"turns":6.0},{"damage":7.0,"enemies":"Looter","floor":8.0,"turns":2.0},{"damage":7.0,"enemies":"Red Slaver","floor":10.0,"turns":3.0},{"damage":3.0,"enemies":"Blue Slaver","floor":11.0,"turns":3.0},{"damage":1.0,"enemies":"Lots of Slimes","floor":14.0,"turns":4.0},{"damage":79.0,"enemies":"Hexaghost","floor":16.0,"turns":12.0},{"damage":5.0,"enemies":"3 Byrds","floor":18.0,"turns":5.0},{"damage":10.0,"enemies":"2 Thieves","floor":19.0,"turns":4.0},{"damage":24.0,"enemies":"3 Cultists","floor":21.0,"turns":5.0},{"damage":16.0,"enemies":"Shelled Parasite and Fungi","floor":22.0,"turns":5.0},{"damage":24.0,"enemies":"Slavers","floor":23.0,"turns":4.0},{"damage":8.0,"enemies":"Centurion and Healer","floor":25.0,"turns":5.0},{"damage":3.0,"enemies":"3 Cultists","floor":29.0,"turns":5.0},{"damage":4.0,"enemies":"Chosen and Byrds","floor":30.0,"turns":4.0},{"damage":16.0,"enemies":"Shelled Parasite and Fungi","floor":31.0,"turns":4.0},{"damage":72.0,"enemies":"Champ","floor":33.0,"turns":12.0},{"damage":6.0,"enemies":"Orb Walker","floor":35.0,"turns":4.0},{"damage":49.0,"enemies":"2 Orb Walkers","floor":36.0,"turns":6.0},{"damage":10.0,"enemies":"3 Shapes","floor":38.0,"turns":3.0},{"damage":68.0,"enemies":"Giant Head","floor":41.0,"turns":9.0},{"damage":32,"enemies":"Jaw Worm Horde","floor":44,"turns":4},{"damage":30,"enemies":"Maw","floor":45,"turns":7},{"damage":12,"enemies":"Spire Growth","floor":46,"turns":5},{"damage":20,"enemies":"Reptomancer","floor":47,"turns":3}],"seed_played":"8051432584884200785","potions_obtained":[{"floor":8.0,"key":"SneckoOil"},{"floor":10.0,"key":"Ancient Potion"},{"floor":11.0,"key":"Ancient Potion"},{"floor":14.0,"key":"EssenceOfSteel"},{"floor":16.0,"key":"Weak Potion"},{"floor":19.0,"key":"Block Potion"},{"floor":21.0,"key":"SteroidPotion"},{"floor":29.0,"key":"BloodPotion"},{"floor":30.0,"key":"FearPotion"},{"floor":33.0,"key":"FearPotion"},{"floor":36.0,"key":"Fruit Juice"},{"floor":41.0,"key":"Ancient Potion"},{"floor":45,"key":"Swift Potion"}],"is_trial":false,"path_per_floor":["M","?","M","M","$","R","E","M","T","M","M","R","?","M","R","B",null,"M","M","?","M","M","E","R","M","T","R","$","M","M","M","R","B",null,"M","?","?","M","$","R","E","R","T","M","M","M","E"],"character_chosen":"IRONCLAD","items_purchased":["Shrug It Off","Perfected Strike","Regen Potion","Matryoshka","Blood for Blood","Whetstone"],"campfire_rested":5,"item_purchase_floors":[5,5,28,28,28,39],"current_hp_per_floor":[76,69,70,73,73,73,58,57,57,56,59,59,64,69,85,12,85,85,81,65,47,37,19,46,44,44,71,71,74,76,66,90,37,90,90,52,52,48,48,66,27,73,73,47,23,17,0],"gold":217,"neow_bonus":"RANDOM_COLORLESS","is_prod":false,"is_daily":false,"chose_seed":false,"campfire_upgraded":3,"win_rate":0.0,"timestamp":1562223841,"path_taken":["M","?","M","M","$","R","E","M","T","M","M","R","?","M","R","BOSS","M","M","?","M","M","E","R","M","T","R","$","M","M","M","R","BOSS","M","?","?","M","$","R","E","R","T","M","M","M","E"],"build_version":"2019-07-01","purchased_purges":0,"victory":false,"max_hp_per_floor":[80,80,80,80,80,80,80,80,80,80,80,80,85,85,85,85,85,85,85,90,90,90,90,90,90,90,90,90,90,90,90,90,90,90,90,95,95,95,95,95,95,95,95,95,95,95,95],"card_choices":[{"not_picked":["True Grit","Headbutt"],"picked":"Uppercut","floor":1.0},{"not_picked":["Combust","Clash"],"picked":"Iron Wave","floor":3.0},{"not_picked":["Dropkick","Twin Strike"],"picked":"Flex","floor":4.0},{"not_picked":["Inflame","Pummel"],"picked":"Battle Trance","floor":7.0},{"not_picked":["Warcry","Iron Wave"],"picked":"Armaments","floor":8.0},{"not_picked":["Dual Wield","Pummel"],"picked":"Iron Wave","floor":10.0},{"not_picked":["Body Slam","Thunderclap"],"picked":"Carnage","floor":11.0},{"not_picked":["Feel No Pain","Demon Form"],"picked":"Headbutt","floor":14.0},{"not_picked":["Offering","Feed"],"picked":"Fiend Fire","floor":16.0},{"not_picked":["Anger","Thunderclap"],"picked":"Clothesline","floor":18.0},{"not_picked":["Clash","Combust"],"picked":"Rampage","floor":19.0},{"not_picked":["Thunderclap","Body Slam+1"],"picked":"Blood for Blood+1","floor":21.0},{"not_picked":["Shrug It Off+1","Sever Soul+1"],"picked":"Armaments+1","floor":22.0},{"not_picked":["Flex","Warcry"],"picked":"Searing Blow","floor":23.0},{"not_picked":["Clothesline","Clash","Power Through"],"picked":"SKIP","floor":25.0},{"not_picked":["Feed","True Grit"],"picked":"Twin Strike+1","floor":29.0},{"not_picked":["Dual Wield","Headbutt","Feed"],"picked":"SKIP","floor":30.0},{"not_picked":["Corruption","Body Slam+1"],"picked":"Metallicize","floor":31.0},{"not_picked":["Dark Embrace","Fiend Fire"],"picked":"Juggernaut","floor":33.0},{"not_picked":["Combust","True Grit+1","Pommel Strike"],"picked":"SKIP","floor":35.0},{"not_picked":["Pummel+1","Warcry"],"picked":"Searing Blow+1","floor":36.0},{"not_picked":["Headbutt","Iron Wave"],"picked":"Metallicize+1","floor":38.0},{"not_picked":["Thunderclap+1","Feed"],"picked":"Burning Pact+1","floor":41.0},{"not_picked":["Body Slam","Perfected Strike"],"picked":"Shrug It Off","floor":44},{"not_picked":["Blood for Blood","Shrug It Off+1"],"picked":"Seeing Red+1","floor":45},{"not_picked":["Clash+1","Sword Boomerang","Thunderclap"],"picked":"SKIP","floor":46}],"player_experience":1577,"relics_obtained":[{"floor":7.0,"key":"War Paint"},{"floor":9.0,"key":"Oddly Smooth Stone"},{"floor":23.0,"key":"WingedGreaves"},{"floor":26.0,"key":"Pen Nib"},{"floor":36.0,"key":"Champion Belt"},{"floor":41.0,"key":"StoneCalendar"},{"floor":43,"key":"Ancient Tea Set"},{"floor":43,"key":"Darkstone Periapt"}],"event_choices":[{"damage_healed":0.0,"max_hp_gain":0.0,"max_hp_loss":0.0,"gold_gain":0.0,"event_name":"Scrap Ooze","player_choice":"Success","floor":2.0,"gold_loss":0.0,"damage_taken":7.0,"relics_obtained":["Mercury Hourglass"]},{"damage_healed":0.0,"max_hp_gain":5.0,"max_hp_loss":0.0,"gold_gain":0.0,"event_name":"Big Fish","player_choice":"Donut","floor":13.0,"gold_loss":0.0,"damage_taken":0.0},{"damage_healed":0.0,"max_hp_gain":5.0,"max_hp_loss":0.0,"gold_gain":0.0,"event_name":"Forgotten Altar","player_choice":"Shed Blood","floor":20.0,"gold_loss":0.0,"damage_taken":21.0},{"damage_healed":0.0,"max_hp_gain":0.0,"max_hp_loss":0.0,"gold_gain":0.0,"event_name":"Mysterious Sphere","player_choice":"Fight","floor":36.0,"gold_loss":0.0,"damage_taken":0.0},{"cards_removed":["Searing Blow"],"damage_healed":0.0,"max_hp_gain":0.0,"max_hp_loss":0.0,"gold_gain":0.0,"event_name":"NoteForYourself","player_choice":"Took Card","floor":37.0,"gold_loss":0.0,"damage_taken":0.0,"cards_obtained":["Iron Wave"]}],"is_beta":false,"boss_relics":[{"not_picked":["White Beast Statue","Coffee Dripper"],"picked":"Velvet Choker"},{"not_picked":["Fusion Hammer","Runic Cube"],"picked":"Eternal Feather"}],"items_purged_floors":[],"is_endless":false,"potions_floor_spawned":[8,10,11,14,16,19,21,29,30,31,33,36,41,45],"killed_by":"Reptomancer","ascension_level":0}