{"gold_per_floor":[115,115,115,134,65,65,98,98,149,149,159,194,209,223,223,299,299,315,345,345,345,360,360,376,376,427,446,45,60,85,105,105,105],"floor_reached":33,"playtime":1108,"items_purged":[],"score":579,"play_id":"98e03005-59f5-443f-ac4c-e98d47fdc42e","local_time":"20180709231906","is_ascension_mode":true,"campfire_choices":[{"data":"Neutralize","floor":6.0,"key":"SMITH"},{"data":"Cloak And Dagger","floor":8.0,"key":"SMITH"},{"data":"Bouncing Flask","floor":10.0,"key":"SMITH"},{"data":"Cloak And Dagger","floor":15.0,"key":"SMITH"},{"floor":23,"key":"REST"},{"data":"Footwork","floor":25,"key":"SMITH"},{"data":"Cloak And Dagger","floor":32,"key":"SMITH"}],"neow_cost":"","seed_source_timestamp":150400719914811,"circlet_count":0,"master_deck":["Defend_G","Defend_G","Defend_G","Defend_G","Defend_G","Survivor","Neutralize+1","AscendersBane","Bouncing Flask+1","Cloak And Dagger+1","Dagger Throw","Dagger Spray","Backflip","Quick Slash","Cloak And Dagger+1","Footwork+1","All Out Attack","Adrenaline","Eviscerate+1","Deadly Poison","Bite","Bite","Bite","Bite","Bite","Cloak And Dagger+1","Cloak And Dagger","Cloak And Dagger+1","Riddle With Holes"],"special_seed":0,"relics":["Ring of the Snake","Incense Burner","FaceOfCleric","Centennial Puzzle","Bag of Marbles","Shuriken","Snecko Eye","Red Mask","Orichalcum","Kunai","Snake Skull","Regal Pillow"],"potions_floor_usage":[19,33,33],"damage_taken":[{"damage":0.0,"enemies":"Jaw Worm","floor":1.0,"turns":6.0},{"damage":0.0,"enemies":"Cultist","floor":4.0,"turns":3.0},{"damage":14.0,"enemies":"3 Sentries","floor":7.0,"turns":8.0},{"damage":0.0,"enemies":"Small Slimes","floor":11.0,"turns":1.0},{"damage":10.0,"enemies":"Lagavulin","floor":12.0,"turns":5.0},{"damage":0.0,"enemies":"2 Fungi Beasts","floor":13.0,"turns":3.0},{"damage":0.0,"enemies":"Gremlin Gang","floor":14.0,"turns":3.0},{"damage":1.0,"enemies":"Slime Boss","floor":16.0,"turns":8.0},{"damage":3,"enemies":"Spheric Guardian","floor":18,"turns":3},{"damage":48,"floor":19,"turns":5},{"damage":0,"enemies":"Chosen","floor":22,"turns":3},{"damage":0,"enemies":"Centurion and Healer","floor":24,"turns":4},{"damage":0,"enemies":"Chosen and Byrds","floor":27,"turns":4},{"damage":13,"enemies":"Snake Plant","floor":29,"turns":3},{"damage":0,"enemies":"Slavers","floor":30,"turns":4},{"damage":0,"enemies":"3 Cultists","floor":31,"turns":3},{"damage":80,"enemies":"Champ","floor":33,"turns":6}],"seed_played":"6702917345587178279","potions_obtained":[{"floor":1.0,"key":"Regen Potion"},{"floor":3.0,"key":"EssenceOfSteel"},{"floor":3.0,"key":"GhostInAJar"},{"floor":27,"key":"SkillPotion"}],"is_trial":false,"path_per_floor":["M","?","?","M","$","R","E","R","T","R","M","E","M","M","R","B",null,"M","?","?","?","M","R","M","R","T","M","$","M","E","M","R"],"character_chosen":"THE_SILENT","items_purchased":["Dagger Throw","Dagger Spray","Kunai","Snake Skull"],"campfire_rested":1,"item_purchase_floors":[],"current_hp_per_floor":[59,59,59,60,60,60,47,47,47,47,48,39,40,41,41,41,61,59,12,12,12,17,31,42,42,42,51,51,43,52,54,54,0],"gold":105,"neow_bonus":"","is_prod":false,"is_daily":false,"chose_seed":false,"campfire_upgraded":6,"win_rate":0,"timestamp":1531203546,"path_taken":["M","?","?","M","?","R","E","R","T","R","M","E","M","?","R","BOSS","M","?","?","?","M","R","M","R","T","M","$","M","E","M","R","BOSS"],"build_version":"2018-07-05","purchased_purges":0,"victory":false,"max_hp_per_floor":[60,60,60,61,61,61,62,62,62,62,63,64,65,66,66,67,67,68,69,69,48,49,49,50,50,50,51,51,52,53,54,54,54],"card_choices":[{"not_picked":["Backstab","Riddle With Holes"],"picked":"Bouncing Flask","floor":1.0},{"not_picked":["Skewer","Predator"],"picked":"Cloak And Dagger","floor":4.0},{"not_picked":["Dodge and Roll","Sucker Punch"],"picked":"Backflip","floor":7.0},{"not_picked":["Poisoned Stab","Slice"],"picked":"Quick Slash","floor":11.0},{"not_picked":["All Out Attack","Masterful Stab"],"picked":"Cloak And Dagger","floor":12.0},{"not_picked":["Setup","Concentrate"],"picked":"Footwork","floor":13.0},{"not_picked":["Bouncing Flask","Prepared"],"picked":"All Out Attack","floor":14.0},{"not_picked":["Grand Finale","Glass Knife"],"picked":"Adrenaline","floor":16.0},{"not_picked":["Distraction","Flying Knee"],"picked":"Eviscerate+1","floor":18},{"not_picked":["Bane","Blur"],"picked":"Deadly Poison","floor":19},{"not_picked":["Outmaneuver","Flechettes","Concentrate"],"picked":"SKIP","floor":22},{"not_picked":["Slice","Finisher"],"picked":"Cloak And Dagger","floor":24},{"not_picked":["Prepared","Poisoned Stab"],"picked":"Cloak And Dagger","floor":27},{"not_picked":["Grand Finale","Blade Dance+1"],"picked":"Cloak And Dagger+1","floor":29},{"not_picked":["Acrobatics","Bane"],"picked":"Riddle With Holes","floor":30},{"not_picked":["Backstab","Setup","Acrobatics"],"picked":"SKIP","floor":31}],"player_experience":561099,"relics_obtained":[{"floor":7.0,"key":"Centennial Puzzle"},{"floor":9.0,"key":"Bag of Marbles"},{"floor":12.0,"key":"Shuriken"},{"floor":19,"key":"Red Mask"},{"floor":26,"key":"Orichalcum"},{"floor":30,"key":"Regal Pillow"}],"event_choices":[{"event_name":"FaceTrader","player_choice":"Trade","floor":2.0,"damage_taken":0.0},{"event_name":"The Lab","player_choice":"Got Potions","floor":3.0,"damage_taken":0.0},{"event_name":"Masked Bandits","player_choice":"Fought over 315 gold","floor":19,"damage_taken":0},{"event_name":"The Mausoleum","player_choice":"No","floor":20,"damage_taken":0},{"event_name":"Vampires","player_choice":"Became a vampire","floor":21,"damage_taken":0}],"boss_relics":[{"not_picked":["Busted Crown","Pandora\u0027s Box"],"picked":"Snecko Eye"}],"items_purged_floors":[],"is_endless":false,"potions_floor_spawned":[1,11,16,18,27,31],"killed_by":"Champ","ascension_level":15}