{"path_per_floor":["M","M","M","M","M","E","R","M","T","M","R","M","E","?","R","B",null,"M","M","$","?","?","R","E","R","T","M","R","M","?","M","R"],"character_chosen":"DEFECT","items_purchased":["Bottled Flame"],"gold_per_floor":[109,127,138,153,163,198,198,214,214,232,232,244,275,275,275,376,676,696,714,391,391,391,391,420,420,420,439,439,454,454,465,465,465],"floor_reached":33,"campfire_rested":4,"playtime":1903,"item_purchase_floors":[20],"current_hp_per_floor":[73,72,69,64,64,57,57,57,57,50,50,45,35,35,57,57,75,37,24,24,24,8,30,5,27,27,27,49,49,49,46,46,0],"items_purged":["Strike_B"],"gold":465,"score":356,"play_id":"bd32896e-f3c5-4ce3-90c1-573b00275f5a","local_time":"20180615104310","is_prod":false,"is_daily":false,"chose_seed":false,"is_ascension_mode":false,"campfire_upgraded":3,"win_rate":0,"timestamp":1529073790,"campfire_choices":[{"data":"Fusion","floor":7,"key":"SMITH"},{"data":"Beam Cell","floor":11,"key":"SMITH"},{"floor":15,"key":"REST"},{"floor":23,"key":"REST"},{"floor":25,"key":"REST"},{"floor":28,"key":"REST"},{"data":"Machine Learning","floor":32,"key":"SMITH"}],"path_taken":["M","M","M","M","M","E","R","M","T","M","R","M","E","?","R","BOSS","M","M","$","?","?","R","E","R","T","M","R","?","?","M","R","BOSS"],"build_version":"2018-06-14v2","seed_source_timestamp":133712400986895,"purchased_purges":1,"victory":false,"master_deck":["Defend_B","Defend_B","Defend_B","Defend_B","Zap","Dualcast","Undo","Gash+1","Beam Cell+1","Sweeping Beam","Fusion+1","White Noise","Compile Driver+1","Ball Lightning+1","Sweeping Beam+1","Conserve Battery","Go for the Eyes+1","Good Instincts","Tempest","Machine Learning+1","Writhe","Clumsy","Chill+1","Stack+1","Double Energy+1","Go for the Eyes+1","Ball Lightning+1","Bite+1","Bite+1","Bite+1","Bite+1","Bite+1","BootSequence+1"],"max_hp_per_floor":[75,75,75,75,75,75,75,75,75,75,75,75,75,75,75,75,75,75,75,75,75,75,75,75,75,75,75,75,75,52,52,52,52],"special_seed":17697,"relics":["Cracked Core","Molten Egg 2","Calipers","Whetstone","Calling Bell","Ancient Tea Set","Toxic Egg 2","Old Coin","Bottled Flame","Bottled Lightning","Meat on the Bone"],"card_choices":[{"not_picked":["Hologram","Leap"],"picked":"Undo","floor":0},{"not_picked":["Melter","Redo"],"picked":"Gash","floor":1},{"not_picked":["Ball Lightning","Undo"],"picked":"Beam Cell","floor":2},{"not_picked":["Storm","Rebound"],"picked":"Sweeping Beam","floor":3},{"not_picked":["Hologram","Blizzard"],"picked":"Fusion","floor":4},{"not_picked":["Heatsinks","Blizzard"],"picked":"White Noise","floor":5},{"not_picked":["Rip and Tear","Conserve Battery"],"picked":"Compile Driver","floor":6},{"not_picked":["Redo","Compile Driver+1"],"picked":"Ball Lightning+1","floor":8},{"not_picked":["Conserve Battery","Reboot"],"picked":"Sweeping Beam+1","floor":10},{"not_picked":["Blizzard+1","Turbo"],"picked":"Conserve Battery","floor":12},{"not_picked":["Coolheaded","Sweeping Beam+1"],"picked":"Go for the Eyes+1","floor":13},{"not_picked":["Thunder Strike+1","Buffer"],"picked":"Machine Learning","floor":16},{"not_picked":["Steam Power+1","Reprogram+1"],"picked":"Chill+1","floor":18},{"not_picked":["Coolheaded+1","Rebound+1"],"picked":"Stack+1","floor":19},{"not_picked":["Turbo+1","Redo+1"],"picked":"Double Energy+1","floor":24},{"not_picked":["Coolheaded+1","Recycle+1"],"picked":"Go for the Eyes+1","floor":27},{"not_picked":["Compile Driver+1","Tempest+1"],"picked":"Ball Lightning+1","floor":29},{"not_picked":["Storm","Barrage+1"],"picked":"BootSequence+1","floor":31}],"player_experience":103217,"potions_floor_usage":[5,6,12,19,27,33],"damage_taken":[{"damage":2,"enemies":"Jaw Worm","floor":1,"turns":3},{"damage":1,"enemies":"Cultist","floor":2,"turns":3},{"damage":3,"enemies":"2 Louse","floor":3,"turns":3},{"damage":5,"enemies":"Lots of Slimes","floor":4,"turns":2},{"damage":0,"enemies":"Gremlin Gang","floor":5,"turns":1},{"damage":14,"enemies":"Lagavulin","floor":6,"turns":5},{"damage":0,"enemies":"2 Fungi Beasts","floor":8,"turns":3},{"damage":7,"enemies":"Blue Slaver","floor":10,"turns":3},{"damage":12,"enemies":"Large Slime","floor":12,"turns":3},{"damage":10,"enemies":"3 Sentries","floor":13,"turns":6},{"damage":0,"enemies":"Slime Boss","floor":16,"turns":5},{"damage":38,"enemies":"2 Thieves","floor":18,"turns":4},{"damage":20,"enemies":"Chosen","floor":19,"turns":6},{"damage":25,"enemies":"Book of Stabbing","floor":24,"turns":5},{"damage":19,"enemies":"Centurion and Healer","floor":27,"turns":6},{"damage":0,"enemies":"Cultist and Chosen","floor":29,"turns":6},{"damage":12,"enemies":"3 Cultists","floor":31,"turns":5},{"damage":68,"enemies":"Automaton","floor":33,"turns":6}],"relics_obtained":[{"floor":6,"key":"Molten Egg 2"},{"floor":9,"key":"Calipers"},{"floor":13,"key":"Whetstone"},{"floor":17,"key":"Ancient Tea Set"},{"floor":17,"key":"Toxic Egg 2"},{"floor":17,"key":"Old Coin"},{"floor":24,"key":"Bottled Lightning"},{"floor":26,"key":"Meat on the Bone"}],"event_choices":[{"event_name":"Match and Keep!","player_choice":"2 cards matched","floor":14,"damage_taken":0},{"event_name":"Purifier","player_choice":"One Purge","floor":21,"damage_taken":0},{"event_name":"Cursed Tome","player_choice":"Obtained Book","floor":22,"damage_taken":0},{"event_name":"Vampires","player_choice":"Became a vampire","floor":30,"damage_taken":0}],"boss_relics":[{"not_picked":["Black Star","Snecko Eye"],"picked":"Calling Bell"}],"items_purged_floors":[20],"is_endless":false,"potions_floor_spawned":[1,2,3,8,13,16,24,29],"seed_played":"6140713812801492721","killed_by":"Automaton","ascension_level":0,"potions_obtained":[{"floor":1,"key":"Explosive Potion"},{"floor":2,"key":"FocusPotion"},{"floor":3,"key":"SkillPotion"},{"floor":8,"key":"Weak Potion"},{"floor":13,"key":"Energy Potion"},{"floor":16,"key":"Swift Potion"},{"floor":24,"key":"SmokeBomb"},{"floor":29,"key":"SpeedPotion"}],"is_trial":false}