{"gold_per_floor":[119,28,103,28,28,28,58,69,94,111,142,142,11,22,22,22],"floor_reached":16,"playtime":456,"items_purged":[],"score":266,"play_id":"001a3acd-d2d1-4906-acf7-f450c117961a","local_time":"20190103134745","is_ascension_mode":true,"campfire_choices":[{"data":"Neutralize","floor":6,"key":"SMITH"},{"data":"Footwork","floor":12,"key":"SMITH"},{"data":"Noxious Fumes","floor":15,"key":"SMITH"}],"neow_cost":"NONE","seed_source_timestamp":41024932304876,"circlet_count":0,"master_deck":["AscendersBane","Defend_G","Defend_G","Defend_G","Defend_G","Strike_G","Strike_G","Strike_G","Strike_G","Strike_G","Survivor","Neutralize+1","Footwork+1","Leg Sweep","Dodge and Roll","Leg Sweep","Cloak And Dagger","Riddle With Holes","Dash","Footwork","All Out Attack","Noxious Fumes+1"],"relics":["Ring of the Snake","NeowsBlessing","Incense Burner","Bag of Preparation","Smiling Mask"],"potions_floor_usage":[14,16],"damage_taken":[{"damage":0,"enemies":"Small Slimes","floor":1,"turns":1},{"damage":0,"enemies":"3 Sentries","floor":7,"turns":1},{"damage":0,"enemies":"Jaw Worm","floor":8,"turns":1},{"damage":0,"enemies":"Cultist","floor":10,"turns":6},{"damage":38,"enemies":"Gremlin Nob","floor":11,"turns":6},{"damage":2,"enemies":"Large Slime","floor":14,"turns":9},{"damage":0,"enemies":"Hexaghost","floor":16,"turns":11}],"seed_played":"3319394857740332934","potions_obtained":[{"floor":10,"key":"Swift Potion"},{"floor":11,"key":"SkillPotion"},{"floor":14,"key":"SpeedPotion"}],"is_trial":false,"path_per_floor":["M","$","?","?","$","R","E","M","T","M","E","R","$","M","R","B"],"character_chosen":"THE_SILENT","items_purchased":["Leg Sweep","Dodge and Roll","Footwork","All Out Attack"],"campfire_rested":0,"item_purchase_floors":[2,2,13,13],"current_hp_per_floor":[59,59,48,48,48,48,48,48,48,48,10,10,10,8,8,8],"gold":22,"neow_bonus":"THREE_ENEMY_KILL","is_prod":false,"is_daily":false,"chose_seed":false,"campfire_upgraded":3,"win_rate":0,"timestamp":1546552065,"path_taken":["M","$","?","?","?","R","E","M","T","M","E","R","$","M","R","BOSS"],"build_version":"2019-01-02","purchased_purges":0,"victory":false,"max_hp_per_floor":[66,66,66,66,66,66,66,66,66,66,66,66,66,66,66,66],"card_choices":[{"not_picked":["Quick Slash","Acrobatics"],"picked":"Footwork","floor":1},{"not_picked":["Skewer","Dagger Spray"],"picked":"Leg Sweep","floor":7},{"not_picked":["Backflip","PiercingWail"],"picked":"Cloak And Dagger","floor":8},{"not_picked":["Backflip","Quick Slash"],"picked":"Riddle With Holes","floor":10},{"not_picked":["Envenom","Underhanded Strike"],"picked":"Dash","floor":11},{"not_picked":["Dagger Throw","Blade Dance"],"picked":"Noxious Fumes","floor":14}],"player_experience":998560,"relics_obtained":[{"floor":7,"key":"Incense Burner"},{"floor":9,"key":"Bag of Preparation"},{"floor":11,"key":"Smiling Mask"}],"event_choices":[{"damage_healed":0,"gold_gain":75,"player_choice":"Gather Gold","damage_taken":11,"max_hp_gain":0,"max_hp_loss":0,"event_name":"World of Goop","floor":3,"gold_loss":0},{"cards_removed":["Defend_G"],"damage_healed":0,"gold_gain":0,"player_choice":"Card Removal","damage_taken":0,"max_hp_gain":0,"max_hp_loss":0,"event_name":"The Cleric","floor":4,"gold_loss":75}],"is_beta":true,"boss_relics":[],"items_purged_floors":[],"is_endless":false,"potions_floor_spawned":[10,11,14],"killed_by":"Hexaghost","ascension_level":20}