{"gold_per_floor":[115,7,7,22,36,36,36,70,96,108,148,160],"floor_reached":12,"playtime":208,"items_purged":[],"score":172,"play_id":"2a882f42-9b91-42d9-8015-7010d4c42fd1","local_time":"20190131005136","is_ascension_mode":true,"campfire_choices":[{"data":"Sunder","floor":6,"key":"SMITH"}],"neow_cost":"NONE","seed_source_timestamp":2906217536978,"circlet_count":0,"master_deck":["AscendersBane","Strike_B","Strike_B","Strike_B","Strike_B","Defend_B","Defend_B","Defend_B","Defend_B","Zap","Dualcast","Coolheaded","Leap","Go for the Eyes","Stack","Sunder+1","Glacier","Rebound"],"relics":["Cracked Core","NeowsBlessing","Lantern","MawBank","Cables"],"potions_floor_usage":[11],"damage_taken":[{"damage":0,"enemies":"Cultist","floor":1,"turns":1},{"damage":0,"enemies":"Small Slimes","floor":4,"turns":1},{"damage":0,"enemies":"Jaw Worm","floor":5,"turns":1},{"damage":16,"enemies":"3 Sentries","floor":8,"turns":8},{"damage":36,"enemies":"Gremlin Nob","floor":11,"turns":6},{"damage":0,"enemies":"3 Louse","floor":12,"turns":1}],"seed_played":"8708175485692865326","potions_obtained":[{"floor":5,"key":"SkillPotion"},{"floor":11,"key":"Ancient Potion"}],"is_trial":false,"path_per_floor":["M","$","?","M","M","R","$","E","T","?","E","M"],"character_chosen":"DEFECT","items_purchased":["Leap","Go for the Eyes"],"campfire_rested":0,"item_purchase_floors":[2,2],"current_hp_per_floor":[64,64,69,69,69,69,69,53,53,53,17,17],"gold":160,"neow_bonus":"THREE_ENEMY_KILL","is_prod":false,"is_daily":false,"chose_seed":false,"campfire_upgraded":1,"win_rate":0,"timestamp":1548924696,"path_taken":["M","?","?","M","M","R","?","E","T","?","E","?"],"build_version":"2019-01-23","purchased_purges":0,"victory":false,"max_hp_per_floor":[71,71,76,76,76,76,76,76,76,76,76,76],"card_choices":[{"not_picked":["Redo","Tempest"],"picked":"Coolheaded","floor":1},{"not_picked":["Recycle","Skim"],"picked":"Stack","floor":4},{"not_picked":["Genetic Algorithm","Chaos"],"picked":"Sunder","floor":5},{"not_picked":["Gash","Cold Snap"],"picked":"Glacier","floor":8},{"not_picked":["Coolheaded","Reprogram"],"picked":"Rebound","floor":11}],"player_experience":1071498,"relics_obtained":[{"floor":8,"key":"Lantern"},{"floor":9,"key":"MawBank"},{"floor":11,"key":"Cables"}],"event_choices":[{"damage_healed":0,"gold_gain":0,"player_choice":"Donut","damage_taken":0,"max_hp_gain":5,"max_hp_loss":0,"event_name":"Big Fish","floor":3,"gold_loss":0},{"damage_healed":0,"gold_gain":0,"player_choice":"Ignored","damage_taken":0,"max_hp_gain":0,"max_hp_loss":0,"event_name":"Liars Game","floor":10,"gold_loss":0}],"is_beta":true,"boss_relics":[],"items_purged_floors":[],"is_endless":false,"potions_floor_spawned":[5,11],"killed_by":"3 Louse","ascension_level":20}