{"path_per_floor":["M","?","M","$","M","E","M","R","T","E","R","M","R","$","R","B",null,"M","$","M","?","M","R","M","R","T","M","R","E","R","M","R"],"character_chosen":"THE_SILENT","items_purchased":["Malaise"],"gold_per_floor":[112,112,131,56,75,103,113,113,136,196,196,212,212,43,43,147,147,161,36,25,0,17,17,27,27,27,46,46,75,75,90,90,90],"floor_reached":33,"campfire_rested":4,"playtime":4704,"current_hp_per_floor":[70,70,70,70,70,41,41,41,41,30,30,30,30,30,51,20,70,67,67,57,57,45,45,22,43,43,11,32,20,20,12,33,0],"items_purged":["Strike_G","Strike_G","Defend_G"],"gold":90,"score":305,"play_id":"b954a0e0-785a-4663-884f-fc64060f13ce","local_time":"20180512231351","is_prod":false,"is_daily":false,"chose_seed":false,"is_ascension_mode":true,"campfire_upgraded":5,"timestamp":1526159631,"path_taken":["M","?","?","$","M","E","M","R","T","E","R","M","R","$","R","BOSS","M","$","M","?","M","R","?","R","T","M","R","E","R","?","R","BOSS"],"build_version":"2018-05-10","seed_source_timestamp":0,"purchased_purges":3,"victory":false,"master_deck":["Defend_G","Defend_G","Defend_G","Strike_G","Strike_G","Strike_G","Survivor","Neutralize+1","Flying Knee+1","Skewer+1","Flying Knee+1","Dagger Throw+1","Acrobatics","Malaise","Tactician+1","Terror","Dagger Spray","PiercingWail","Deflect+1","Dodge and Roll+1","Slice+1"],"max_hp_per_floor":[70,70,70,70,70,70,70,70,70,70,70,70,70,70,70,70,70,70,70,70,70,70,70,70,70,70,70,70,70,70,70,70,70],"relics":["Ring of the Snake","NeowsBlessing","Whetstone","Anchor","Tiny Chest","Lizard Tail","Question Card","Toxic Egg 2"],"card_choices":[{"not_picked":["Outmaneuver","Infinite Blades"],"picked":"Flying Knee","floor":3.0},{"not_picked":["Deflect","Crippling Poison"],"picked":"Skewer","floor":6.0},{"not_picked":["Poisoned Stab","Dodge and Roll"],"picked":"Flying Knee","floor":7.0},{"not_picked":["Flechettes","Quick Slash"],"picked":"Dagger Throw","floor":10.0},{"not_picked":["Deadly Poison","Escape Plan"],"picked":"Acrobatics","floor":12.0},{"not_picked":["Phantasmal Killer","Night Terror"],"picked":"Tactician","floor":16},{"not_picked":["Dodge and Roll","Deadly Poison"],"picked":"Terror","floor":18},{"not_picked":["Malaise","Bane"],"picked":"Dagger Spray","floor":20},{"not_picked":["Acrobatics","Blur"],"picked":"PiercingWail","floor":24},{"not_picked":["Poisoned Stab","Terror","Prepared"],"picked":"Deflect","floor":27},{"not_picked":["Footwork","Masterful Stab","Predator"],"picked":"Dodge and Roll","floor":29},{"not_picked":["Envenom","Acrobatics","Malaise"],"picked":"Slice","floor":31}],"player_experience":140019,"potions_floor_usage":[16,16,27,29,33],"damage_taken":[{"damage":0.0,"enemies":"2 Louse","floor":1.0,"turns":1.0},{"damage":0.0,"enemies":"Cultist","floor":3.0,"turns":1.0},{"damage":0.0,"enemies":"Jaw Worm","floor":5.0,"turns":1.0},{"damage":29.0,"enemies":"Gremlin Nob","floor":6.0,"turns":6.0},{"damage":0.0,"enemies":"3 Louse","floor":7.0,"turns":3.0},{"damage":11.0,"enemies":"Lagavulin","floor":10.0,"turns":4.0},{"damage":0.0,"enemies":"Blue Slaver","floor":12.0,"turns":3.0},{"damage":31,"enemies":"Slime Boss","floor":16,"turns":10},{"damage":3,"enemies":"Chosen","floor":18,"turns":6},{"damage":10,"enemies":"2 Thieves","floor":20,"turns":4},{"damage":12,"enemies":"Centurion and Healer","floor":22,"turns":7},{"damage":23,"enemies":"Slaver and Parasite","floor":24,"turns":6},{"damage":32,"enemies":"Sentry and Sphere","floor":27,"turns":9},{"damage":27,"enemies":"Slavers","floor":29,"turns":8},{"damage":8,"enemies":"Snecko","floor":31,"turns":6},{"damage":91,"enemies":"Collector","floor":33,"turns":11}],"event_choices":[{"event_name":"Purifier","player_choice":"One Purge","floor":2.0,"damage_taken":0.0},{"event_name":"Masked Bandits","player_choice":"Paid Bandits 25 gold","floor":21,"damage_taken":0}],"boss_relics":[{"not_picked":["Snecko Eye","Velvet Choker"],"picked":"Lizard Tail"}],"potions_floor_spawned":[3,6,10,12,24,27,31],"seed_played":"-530035514119083491","killed_by":"Collector","ascension_level":2,"is_trial":false}