{"gold_per_floor":[119,130,130,73,84,114,114,133,210,210,220,220,254,271,271,271],"floor_reached":16,"playtime":649,"items_purged":[],"score":224,"play_id":"9e830da4-e42a-493e-bbd6-b5c38346ef1e","local_time":"20190314173849","is_ascension_mode":true,"campfire_choices":[{"data":"True Grit","floor":7,"key":"SMITH"},{"data":"Armaments","floor":12,"key":"SMITH"},{"data":"Warcry","floor":15,"key":"SMITH"}],"neow_cost":"NONE","seed_source_timestamp":651611490267,"circlet_count":0,"master_deck":["AscendersBane","Strike_R","Strike_R","Strike_R","Strike_R","Defend_R","Defend_R","Defend_R","Defend_R","Bash","Headbutt","Cleave","Clash","Shrug It Off","True Grit+1","Shrug It Off","Thunderclap","Armaments+1","Warcry+1","Shockwave"],"relics":["Burning Blood","NeowsBlessing","Paper Frog","Tiny Chest","Omamori"],"potions_floor_usage":[8,16,16],"damage_taken":[{"damage":0,"enemies":"Small Slimes","floor":1,"turns":1},{"damage":0,"enemies":"Cultist","floor":2,"turns":1},{"damage":0,"enemies":"2 Louse","floor":5,"turns":1},{"damage":29,"enemies":"Gremlin Nob","floor":6,"turns":4},{"damage":24,"enemies":"Exordium Wildlife","floor":8,"turns":6},{"damage":6,"enemies":"Exordium Thugs","floor":11,"turns":4},{"damage":10,"enemies":"3 Sentries","floor":13,"turns":7},{"damage":18,"enemies":"Gremlin Gang","floor":14,"turns":4},{"damage":63,"enemies":"Hexaghost","floor":16,"turns":13}],"seed_played":"-7504241943345194244","potions_obtained":[{"floor":5,"key":"Regen Potion"},{"floor":6,"key":"Energy Potion"},{"floor":13,"key":"Regen Potion"}],"is_trial":false,"path_per_floor":["M","M","?","$","M","E","R","M","T","?","M","R","E","M","R","B"],"character_chosen":"IRONCLAD","items_purchased":["Shrug It Off"],"campfire_rested":0,"item_purchase_floors":[4],"current_hp_per_floor":[74,75,75,75,75,52,52,34,34,34,34,34,30,18,18,0],"gold":271,"neow_bonus":"THREE_ENEMY_KILL","is_prod":false,"is_daily":false,"chose_seed":false,"campfire_upgraded":3,"win_rate":0,"timestamp":1552610329,"path_taken":["M","M","?","?","?","E","R","M","T","?","M","R","E","M","R","BOSS"],"build_version":"2019-02-06","purchased_purges":0,"victory":false,"max_hp_per_floor":[75,75,75,75,75,75,75,75,75,75,75,75,75,75,75,75],"card_choices":[{"not_picked":["Havoc","Pummel"],"picked":"Headbutt","floor":1},{"not_picked":["Sword Boomerang","Heavy Blade"],"picked":"Cleave","floor":2},{"not_picked":["Twin Strike","Dropkick"],"picked":"True Grit","floor":5},{"not_picked":["Twin Strike","Perfected Strike"],"picked":"Shrug It Off","floor":6},{"not_picked":["Flex","Pommel Strike"],"picked":"Thunderclap","floor":8},{"not_picked":["Burning Pact","Flame Barrier"],"picked":"Armaments","floor":11},{"not_picked":["Twin Strike","Double Tap"],"picked":"Warcry","floor":13},{"not_picked":["Warcry","Blood for Blood"],"picked":"Shockwave","floor":14}],"player_experience":1292484,"relics_obtained":[{"floor":6,"key":"Paper Frog"},{"floor":9,"key":"Tiny Chest"},{"floor":13,"key":"Omamori"}],"event_choices":[{"damage_healed":0,"gold_gain":0,"player_choice":"1 cards matched","damage_taken":0,"max_hp_gain":0,"max_hp_loss":0,"event_name":"Match and Keep!","floor":3,"gold_loss":0,"cards_obtained":["Clash"]},{"cards_removed":["Strike_R"],"damage_healed":0,"gold_gain":0,"player_choice":"Offered Basic","damage_taken":0,"max_hp_gain":0,"max_hp_loss":0,"event_name":"Bonfire Elementals","floor":10,"gold_loss":0}],"is_beta":true,"boss_relics":[],"items_purged_floors":[],"is_endless":false,"potions_floor_spawned":[5,6,13],"killed_by":"Hexaghost","ascension_level":20}