{"gold_per_floor":[113,15,15,28,28,28,64,85,108,152,173,98,98,112,112,208,208,229,243,243,243],"floor_reached":21,"playtime":730,"items_purged":[],"score":428,"play_id":"29d7e07f-356c-419d-b20a-20b4a780a2f1","local_time":"20190313191925","is_ascension_mode":true,"campfire_choices":[{"data":"Neutralize","floor":6,"key":"SMITH"},{"data":"Well Laid Plans","floor":15,"key":"SMITH"}],"neow_cost":"NONE","seed_source_timestamp":17216243961779,"circlet_count":0,"master_deck":["AscendersBane","Defend_G","Defend_G","Defend_G","Defend_G","Defend_G","Strike_G","Strike_G","Strike_G","Survivor+1","Neutralize+1","Predator","Discovery+1","Flying Knee","Infinite Blades","All Out Attack","Well Laid Plans+1","Night Terror","Dash","Backflip","Discovery+1"],"relics":["Ring of the Snake","NeowsBlessing","Golden Idol","War Paint","Bag of Preparation","Gremlin Horn","Coffee Dripper"],"potions_floor_usage":[10,16],"damage_taken":[{"damage":0,"enemies":"Cultist","floor":1,"turns":1},{"damage":0,"enemies":"Jaw Worm","floor":4,"turns":1},{"damage":0,"enemies":"Lagavulin","floor":7,"turns":1},{"damage":0,"enemies":"2 Louse","floor":8,"turns":2},{"damage":10,"enemies":"3 Sentries","floor":10,"turns":4},{"damage":2,"enemies":"Blue Slaver","floor":11,"turns":2},{"damage":0,"enemies":"Lots of Slimes","floor":14,"turns":1},{"damage":5,"enemies":"The Guardian","floor":16,"turns":12},{"damage":16,"enemies":"Spheric Guardian","floor":18,"turns":5},{"damage":14,"enemies":"Chosen","floor":19,"turns":5},{"damage":22,"enemies":"Centurion and Healer","floor":21,"turns":9}],"seed_played":"-6503661602509821813","potions_obtained":[{"floor":4,"key":"PowerPotion"},{"floor":7,"key":"LiquidBronze"},{"floor":11,"key":"SpeedPotion"},{"floor":16,"key":"Strength Potion"}],"is_trial":false,"path_per_floor":["M","$","?","M","?","R","E","M","T","E","M","?","?","M","R","B",null,"M","M","?","M"],"character_chosen":"THE_SILENT","items_purchased":["Discovery"],"campfire_rested":0,"item_purchase_floors":[2],"current_hp_per_floor":[59,59,59,59,59,59,59,59,59,49,47,47,47,47,47,42,56,40,26,26,4],"gold":243,"neow_bonus":"THREE_ENEMY_KILL","is_prod":false,"is_daily":false,"chose_seed":false,"campfire_upgraded":2,"win_rate":0,"timestamp":1552529965,"path_taken":["M","$","?","M","?","R","E","?","T","E","M","?","?","M","R","BOSS","M","M","?","?"],"build_version":"2019-02-06","purchased_purges":0,"victory":false,"max_hp_per_floor":[66,66,60,60,60,60,60,60,60,60,60,60,60,60,60,60,60,60,60,60,60],"card_choices":[{"not_picked":["Deflect","Blur"],"picked":"Predator","floor":1},{"not_picked":["Concentrate","Dodge and Roll"],"picked":"Flying Knee","floor":4},{"not_picked":["Expertise","Acrobatics","Slice"],"picked":"SKIP","floor":7},{"not_picked":["Expertise","Acrobatics","Slice"],"picked":"SKIP","floor":7},{"not_picked":["Envenom","Deflect"],"picked":"Infinite Blades","floor":8},{"not_picked":["Caltrops","PiercingWail"],"picked":"All Out Attack","floor":11},{"not_picked":["Blade Dance","Riddle With Holes"],"picked":"Well Laid Plans","floor":14},{"not_picked":["Envenom","Adrenaline"],"picked":"Night Terror","floor":16},{"not_picked":["Bane","Predator"],"picked":"Dash","floor":18},{"not_picked":["Underhanded Strike+1","Acrobatics"],"picked":"Backflip","floor":19}],"player_experience":1281779,"relics_obtained":[{"floor":7,"key":"War Paint"},{"floor":9,"key":"Bag of Preparation"},{"floor":10,"key":"Gremlin Horn"}],"event_choices":[{"damage_healed":0,"gold_gain":0,"player_choice":"Lose Max HP","damage_taken":0,"relics_obtained":["Golden Idol"],"max_hp_gain":0,"max_hp_loss":6,"event_name":"Golden Idol","floor":3,"gold_loss":0},{"cards_removed":["Strike_G"],"damage_healed":0,"gold_gain":0,"player_choice":"Offered Basic","damage_taken":0,"max_hp_gain":0,"max_hp_loss":0,"event_name":"Bonfire Elementals","floor":5,"gold_loss":0},{"cards_removed":["Strike_G"],"damage_healed":0,"gold_gain":0,"player_choice":"Card Removal","damage_taken":0,"max_hp_gain":0,"max_hp_loss":0,"event_name":"The Cleric","floor":12,"gold_loss":75},{"damage_healed":0,"gold_gain":0,"player_choice":"Ignored","damage_taken":0,"max_hp_gain":0,"max_hp_loss":0,"event_name":"Liars Game","floor":13,"gold_loss":0},{"damage_healed":0,"gold_gain":0,"player_choice":"Copied","damage_taken":0,"max_hp_gain":0,"max_hp_loss":0,"event_name":"Duplicator","floor":20,"gold_loss":0,"cards_obtained":["Discovery"]}],"is_beta":true,"boss_relics":[{"not_picked":["Busted Crown","Eternal Feather"],"picked":"Coffee Dripper"}],"items_purged_floors":[],"is_endless":false,"potions_floor_spawned":[4,7,11,16],"killed_by":"Centurion and Healer","ascension_level":20}