{"gold_per_floor":[110,25,25,36,49,49,77,77,77,142,142,167,2,2,2,79,79,55,55,55,69,69,69,69],"floor_reached":24,"playtime":951,"items_purged":[],"score":450,"play_id":"7bff79ba-939a-4952-93f8-303d81ab6369","local_time":"20190219192613","is_ascension_mode":true,"campfire_choices":[{"data":"Consume","floor":6,"key":"SMITH"},{"data":"Lockon","floor":8,"key":"SMITH"},{"data":"Defragment","floor":11,"key":"SMITH"},{"data":"Zap","floor":15,"key":"SMITH"},{"data":"Capacitor","floor":23,"key":"SMITH"}],"neow_cost":"NONE","seed_source_timestamp":5359560543393,"circlet_count":0,"master_deck":["AscendersBane","Zap+1","Dualcast","Turbo","Doom and Gloom+1","Defragment+1","Lockon+1","Capacitor+1","Barrage+1","Reboot","Consume+1","Capacitor","Coolheaded","Cold Snap","Leap","Consume+1","Leap","Coolheaded","BootSequence","Leap","Self Repair","Seek","Chill","Shame","Hologram"],"relics":["Pandora\u0027s Box","Gremlin Horn","Whetstone","Blue Candle","Mercury Hourglass","Philosopher\u0027s Stone","Vajra"],"potions_floor_usage":[7,12,18],"damage_taken":[{"damage":10,"enemies":"Small Slimes","floor":1,"turns":3},{"damage":8,"enemies":"Jaw Worm","floor":4,"turns":4},{"damage":11,"enemies":"2 Louse","floor":5,"turns":5},{"damage":11,"enemies":"Gremlin Nob","floor":7,"turns":5},{"damage":16,"enemies":"Lagavulin Event","floor":10,"turns":7},{"damage":0,"enemies":"3 Sentries","floor":12,"turns":6},{"damage":5,"enemies":"Hexaghost","floor":16,"turns":10},{"damage":6,"enemies":"2 Thieves","floor":18,"turns":4},{"damage":1,"enemies":"3 Byrds","floor":21,"turns":5},{"damage":43,"enemies":"Book of Stabbing","floor":24,"turns":7}],"seed_played":"9216853815203263962","potions_obtained":[{"floor":1,"key":"PowerPotion"},{"floor":10,"key":"PowerPotion"},{"floor":12,"key":"AttackPotion"}],"is_trial":false,"path_per_floor":["M","$","?","M","M","R","E","R","T","?","R","E","$","?","R","B",null,"M","?","?","M","?","R","E"],"character_chosen":"DEFECT","items_purchased":["Coolheaded","Cold Snap","BootSequence","Leap","Self Repair"],"campfire_rested":0,"item_purchase_floors":[2,2,13,13,13],"current_hp_per_floor":[54,54,54,46,35,35,24,24,24,8,8,8,8,8,8,10,56,57,57,57,63,43,43,0],"gold":69,"neow_bonus":"BOSS_RELIC","is_prod":false,"is_daily":false,"chose_seed":false,"campfire_upgraded":5,"win_rate":0,"timestamp":1550633173,"path_taken":["M","$","?","M","M","R","E","R","T","?","R","E","$","?","R","BOSS","M","?","?","M","?","R","E"],"build_version":"2019-02-06","purchased_purges":0,"victory":false,"max_hp_per_floor":[71,71,71,71,71,71,71,71,71,71,71,71,71,71,71,71,71,71,71,71,71,76,76,76],"card_choices":[{"not_picked":["Steam Power","Static Discharge"],"picked":"Capacitor","floor":1},{"not_picked":["Hologram","Beam Cell"],"picked":"Leap","floor":4},{"not_picked":["Leap","Gash"],"picked":"Consume","floor":5},{"not_picked":["Static Discharge","Thunder Strike"],"picked":"Leap","floor":7},{"not_picked":["Steam","Compile Driver"],"picked":"Coolheaded","floor":10},{"not_picked":["Hyperbeam","Machine Learning"],"picked":"Seek","floor":16},{"not_picked":["Gash","Beam Cell"],"picked":"Chill","floor":18},{"not_picked":["Heatsinks","Cold Snap"],"picked":"Hologram","floor":21}],"player_experience":1180590,"relics_obtained":[{"floor":7,"key":"Gremlin Horn"},{"floor":9,"key":"Whetstone"},{"floor":12,"key":"Mercury Hourglass"}],"event_choices":[{"damage_healed":0,"gold_gain":0,"player_choice":"Ignored","damage_taken":0,"max_hp_gain":0,"max_hp_loss":0,"event_name":"Liars Game","floor":3,"gold_loss":0},{"damage_healed":0,"gold_gain":0,"player_choice":"Searched \u00272\u0027 times","damage_taken":0,"relics_obtained":["Blue Candle"],"max_hp_gain":0,"max_hp_loss":0,"event_name":"Dead Adventurer","floor":10,"gold_loss":0},{"damage_healed":0,"gold_gain":0,"player_choice":"Grow","damage_taken":0,"max_hp_gain":0,"max_hp_loss":0,"event_name":"Living Wall","floor":14,"gold_loss":0,"cards_upgraded":["Consume"]},{"damage_healed":0,"gold_gain":0,"player_choice":"Stole Relic","damage_taken":0,"relics_obtained":["Vajra"],"max_hp_gain":0,"max_hp_loss":0,"event_name":"Addict","floor":19,"gold_loss":0,"cards_obtained":["Shame"]},{"damage_healed":0,"gold_gain":0,"player_choice":"Ignored","damage_taken":0,"max_hp_gain":0,"max_hp_loss":0,"event_name":"Vampires","floor":20,"gold_loss":0},{"damage_healed":0,"gold_gain":0,"player_choice":"Shed Blood","damage_taken":25,"max_hp_gain":5,"max_hp_loss":0,"event_name":"Forgotten Altar","floor":22,"gold_loss":0}],"is_beta":true,"boss_relics":[{"not_picked":["Snecko Eye","Empty Cage"],"picked":"Philosopher\u0027s Stone"}],"items_purged_floors":[],"is_endless":false,"potions_floor_spawned":[1,10,12],"killed_by":"Book of Stabbing","ascension_level":20}