{"gold_per_floor":[116,42,58,71,89,89,122,102,153,182,193,223,16,29,29,105,105,123,134,134,134,152,187,187,217,217,88,105,105,105,105,105,182,182,192,31,50,68,68,68,0,0,0,24,24,39,52,101,101,101,101],"floor_reached":52,"playtime":2295,"items_purged":["Strike_R"],"score":1795,"play_id":"afd0e2a4-183c-4bfc-b2a3-93d62d0013fb","local_time":"20190110135642","is_ascension_mode":true,"campfire_choices":[{"floor":6.0,"key":"RECALL"},{"floor":15.0,"key":"REST"},{"floor":24.0,"key":"REST"},{"floor":30.0,"key":"REST"},{"data":"1","floor":32.0,"key":"LIFT"},{"floor":40,"key":"REST"},{"data":"2","floor":45,"key":"LIFT"},{"floor":49,"key":"REST"}],"neow_cost":"NONE","seed_source_timestamp":555033993605282,"circlet_count":0,"master_deck":["AscendersBane","Strike_R","Strike_R","Strike_R","Strike_R","Defend_R","Defend_R","Defend_R","Defend_R","Bash","Armaments","Carnage","Pommel Strike","Thunderclap","Dual Wield","Flame Barrier","Rampage","Ghostly Armor","Battle Trance","Apotheosis+1","Immolate","Clothesline","Power Through","Evolve","Flame Barrier","Metallicize","True Grit","Power Through","Demon Form","Sword Boomerang","Limit Break","Shrug It Off","Shrug It Off","Body Slam","Entrench"],"special_seed":0,"relics":["Fusion Hammer","Question Card","Bronze Scales","Happy Flower","Juzu Bracelet","Sozu","Blood Vial","Mercury Hourglass","Girya","FossilizedHelix","Lizard Tail","Red Mask","Bottled Lightning","Pen Nib","Pocketwatch"],"potions_floor_usage":[],"damage_taken":[{"damage":1.0,"enemies":"2 Louse","floor":1.0,"turns":3.0},{"damage":0.0,"enemies":"Cultist","floor":3.0,"turns":2.0},{"damage":7.0,"enemies":"Small Slimes","floor":4.0,"turns":3.0},{"damage":7.0,"enemies":"Exordium Wildlife","floor":5.0,"turns":3.0},{"damage":27.0,"enemies":"Lagavulin","floor":7.0,"turns":6.0},{"damage":6.0,"enemies":"Gremlin Nob","floor":10.0,"turns":3.0},{"damage":0.0,"enemies":"Large Slime","floor":11.0,"turns":4.0},{"damage":3.0,"enemies":"Lagavulin","floor":12.0,"turns":4.0},{"damage":0.0,"enemies":"Looter","floor":14.0,"turns":2.0},{"damage":2.0,"enemies":"Slime Boss","floor":16.0,"turns":6.0},{"damage":5.0,"enemies":"Shell Parasite","floor":18.0,"turns":4.0},{"damage":3.0,"enemies":"Spheric Guardian","floor":19.0,"turns":3.0},{"damage":0.0,"enemies":"Centurion and Healer","floor":22.0,"turns":4.0},{"damage":42.0,"enemies":"Book of Stabbing","floor":23.0,"turns":4.0},{"damage":7.0,"enemies":"Slavers","floor":25.0,"turns":2.0},{"damage":0.0,"enemies":"Snecko","floor":28.0,"turns":4.0},{"damage":42.0,"enemies":"Champ","floor":33.0,"turns":16.0},{"damage":1.0,"enemies":"Orb Walker","floor":35.0,"turns":5.0},{"damage":11.0,"enemies":"3 Darklings","floor":37.0,"turns":5.0},{"damage":20,"enemies":"Writhing Mass","floor":38,"turns":8},{"damage":0,"enemies":"Maw","floor":46,"turns":7},{"damage":0,"enemies":"Spire Growth","floor":47,"turns":4},{"damage":12,"enemies":"2 Orb Walkers","floor":48,"turns":3},{"damage":50,"enemies":"Time Eater","floor":50,"turns":14},{"damage":39,"enemies":"Awakened One","floor":51,"turns":14}],"seed_played":"400623486773779969","potions_obtained":[{"floor":3.0,"key":"PowerPotion"},{"floor":7.0,"key":"Strength Potion"},{"floor":8.0,"key":"Weak Potion"},{"floor":11.0,"key":"Poison Potion"},{"floor":12.0,"key":"Explosive Potion"},{"floor":14.0,"key":"Swift Potion"},{"floor":16.0,"key":"Explosive Potion"}],"is_trial":false,"path_per_floor":["M","$","M","M","M","R","E","?","T","E","M","E","$","M","R","B",null,"M","M","?","?","M","E","R","E","T","$","M","?","R","T","R","B",null,"M","$","M","M","?","R","?","$","T","T","R","M","M","?","R","B","B",null],"character_chosen":"IRONCLAD","items_purchased":["Carnage","Apotheosis","True Grit","Limit Break"],"campfire_rested":5,"item_purchase_floors":[2,13,27,36],"current_hp_per_floor":[67,67,67,60,53,53,26,26,26,20,20,17,17,17,39,37,66,61,58,58,58,58,16,38,33,33,33,35,35,57,57,57,17,61,62,62,53,35,35,56,56,56,56,56,56,58,60,50,71,21,35],"gold":101,"neow_bonus":"BOSS_RELIC","is_prod":false,"is_daily":false,"chose_seed":false,"campfire_upgraded":0,"win_rate":0,"timestamp":1547157402,"path_taken":["M","$","M","M","M","R","E","?","T","E","?","E","$","M","R","BOSS","M","M","?","?","M","E","R","E","T","$","M","?","R","?","R","BOSS","M","$","M","M","?","R","?","$","T","?","R","M","M","?","R","BOSS","BOSS"],"build_version":"2019-01-09","purchased_purges":1,"victory":true,"max_hp_per_floor":[75,75,75,75,75,75,75,75,75,75,75,75,75,75,75,75,75,75,75,75,75,75,75,75,75,75,75,75,75,75,75,75,75,75,75,75,75,75,71,71,71,71,71,71,71,71,71,71,71,71,71],"card_choices":[{"not_picked":["Havoc","Warcry"],"picked":"Armaments","floor":1.0},{"not_picked":["Twin Strike","Heavy Blade"],"picked":"Pommel Strike","floor":3.0},{"not_picked":["Bloodletting","Rupture"],"picked":"Thunderclap","floor":4.0},{"not_picked":["Warcry","Havoc"],"picked":"Dual Wield","floor":5.0},{"not_picked":["Searing Blow","Sword Boomerang"],"picked":"Flame Barrier","floor":7.0},{"not_picked":["Fire Breathing","Sword Boomerang","Thunderclap"],"picked":"Rampage","floor":10.0},{"not_picked":["Sword Boomerang","Reaper","Carnage"],"picked":"Ghostly Armor","floor":11.0},{"not_picked":["Reaper","Shrug It Off","Corruption"],"picked":"Battle Trance","floor":12.0},{"not_picked":["Juggernaut","Dark Embrace","Berserk"],"picked":"Immolate","floor":16.0},{"not_picked":["Dropkick","Havoc","Searing Blow"],"picked":"Clothesline","floor":19.0},{"not_picked":["Armaments","Dual Wield","Havoc"],"picked":"Evolve","floor":22.0},{"not_picked":["Pummel","Wild Strike","Cleave"],"picked":"Flame Barrier","floor":23.0},{"not_picked":["Heavy Blade","Flex","Clash"],"picked":"Metallicize","floor":25.0},{"not_picked":["Iron Wave","Heavy Blade+1","Burning Pact"],"picked":"Power Through","floor":28.0},{"not_picked":["Feed","Bludgeon","Immolate"],"picked":"Demon Form","floor":33.0},{"not_picked":["Thunderclap","Headbutt","Reckless Charge"],"picked":"Sword Boomerang","floor":35.0},{"not_picked":["Cleave","Second Wind","Rampage+1"],"picked":"Shrug It Off","floor":38},{"not_picked":["Armaments","Cleave","Dropkick"],"picked":"Shrug It Off","floor":46},{"not_picked":["Rage","Bludgeon","True Grit+1"],"picked":"Body Slam","floor":47},{"not_picked":["Clothesline","Hemokinesis","Armaments+1"],"picked":"Entrench","floor":48}],"player_experience":1008229,"relics_obtained":[{"floor":7.0,"key":"Question Card"},{"floor":9.0,"key":"Bronze Scales"},{"floor":10.0,"key":"Happy Flower"},{"floor":12.0,"key":"Juzu Bracelet"},{"floor":23.0,"key":"Blood Vial"},{"floor":25.0,"key":"Mercury Hourglass"},{"floor":26.0,"key":"Girya"},{"floor":31.0,"key":"FossilizedHelix"},{"floor":43,"key":"Bottled Lightning"},{"floor":44,"key":"Pen Nib"},{"floor":48,"key":"Pocketwatch"}],"event_choices":[{"damage_healed":0.0,"max_hp_gain":0.0,"max_hp_loss":0.0,"gold_gain":0.0,"event_name":"The Woman in Blue","player_choice":"Bought 1 Potion","floor":8.0,"gold_loss":0.0,"damage_taken":0.0},{"damage_healed":0.0,"max_hp_gain":0.0,"max_hp_loss":0.0,"gold_gain":0.0,"event_name":"Upgrade Shrine","player_choice":"Upgraded","floor":20.0,"gold_loss":0.0,"damage_taken":0.0,"cards_upgraded":["Apotheosis"]},{"damage_healed":0.0,"max_hp_gain":0.0,"max_hp_loss":0.0,"gold_gain":0.0,"event_name":"The Library","player_choice":"Read","floor":21.0,"gold_loss":0.0,"damage_taken":0.0,"cards_obtained":["Power Through"]},{"damage_healed":0.0,"max_hp_gain":0.0,"max_hp_loss":0.0,"gold_gain":0.0,"event_name":"The Mausoleum","player_choice":"Ignored","floor":29.0,"gold_loss":0.0,"damage_taken":0.0},{"damage_healed":0,"gold_gain":0,"player_choice":"Max HP","damage_taken":0,"max_hp_gain":0,"max_hp_loss":4,"event_name":"Winding Halls","floor":39,"gold_loss":0},{"damage_healed":0,"gold_gain":0,"player_choice":"Paid","damage_taken":0,"relics_obtained":["Red Mask"],"max_hp_gain":0,"max_hp_loss":0,"event_name":"Tomb of Lord Red Mask","floor":41,"gold_loss":68},{"damage_healed":0,"gold_gain":0,"player_choice":"Fight","damage_taken":0,"max_hp_gain":0,"max_hp_loss":0,"event_name":"Mysterious Sphere","floor":48,"gold_loss":0}],"is_beta":true,"boss_relics":[{"not_picked":["Orrery","Runic Cube"],"picked":"Sozu"},{"not_picked":["Runic Dome","Philosopher\u0027s Stone"],"picked":"Lizard Tail"}],"items_purged_floors":[27],"is_endless":false,"potions_floor_spawned":[3,7,11,12,14,16,19,22,25,28,38,47,48],"ascension_level":20}