{"gold_per_floor":[113,5,24,24,24,57,57,73,98,173,207,307,307,327,327,417,417,440,490,405,430,445,445,47,81,81,81,100,100,124,168,168,261,261,277,610,258,268,268,268,298,298,348,368,368,100,100,117,117,117,117],"floor_reached":52,"playtime":1846,"items_purged":[],"score":1952,"play_id":"9c11e9a9-40d2-4c02-a0eb-65009976e3a2","local_time":"20190329015529","is_ascension_mode":true,"campfire_choices":[{"data":"Bash","floor":7.0,"key":"SMITH"},{"data":"Demon Form","floor":13.0,"key":"SMITH"},{"data":"Disarm","floor":15.0,"key":"SMITH"},{"data":"Armaments","floor":23.0,"key":"SMITH"},{"floor":29.0,"key":"REST"},{"data":"Feel No Pain","floor":32.0,"key":"SMITH"},{"data":"Apotheosis","floor":40.0,"key":"SMITH"},{"data":"Disarm","floor":42,"key":"SMITH"},{"data":"Disarm","floor":45,"key":"SMITH"},{"data":"Disarm","floor":49,"key":"SMITH"}],"neow_cost":"NONE","seed_source_timestamp":44392271663179,"circlet_count":0,"master_deck":["AscendersBane","Strike_R","Strike_R","Strike_R","Strike_R","Strike_R","Defend_R","Defend_R","Defend_R","Defend_R","Bash+1","Iron Wave","Disarm+1","Clash","Anger","Demon Form+1","Twin Strike","Disarm+1","Reaper","Flex","Armaments+1","Shockwave","Shrug It Off+1","Feel No Pain+1","Anger","Disarm+1","Reaper","Havoc+1","Apotheosis+1","Heavy Blade","Disarm+1","Shrug It Off","Dark Shackles","Good Instincts"],"special_seed":0,"relics":["Burning Blood","NeowsBlessing","Vajra","Strawberry","Pen Nib","Runic Pyramid","Art of War","Magic Flower","Omamori","Dream Catcher","CultistMask","Turnip","Velvet Choker","PreservedInsect","Potion Belt","Centennial Puzzle","Strange Spoon"],"potions_floor_usage":[50,51,51],"damage_taken":[{"damage":0.0,"enemies":"Jaw Worm","floor":1.0,"turns":1.0},{"damage":0.0,"enemies":"2 Louse","floor":3.0,"turns":1.0},{"damage":0.0,"enemies":"Lagavulin","floor":6.0,"turns":1.0},{"damage":0.0,"enemies":"Cultist","floor":8.0,"turns":2.0},{"damage":35.0,"enemies":"3 Sentries","floor":11.0,"turns":6.0},{"damage":9.0,"enemies":"Looter","floor":14.0,"turns":3.0},{"damage":10.0,"enemies":"The Guardian","floor":16.0,"turns":8.0},{"damage":32.0,"enemies":"Shell Parasite","floor":18.0,"turns":9.0},{"damage":8.0,"enemies":"3 Byrds","floor":21.0,"turns":3.0},{"damage":32.0,"enemies":"Sentry and Sphere","floor":22.0,"turns":5.0},{"damage":56.0,"enemies":"Book of Stabbing","floor":25.0,"turns":5.0},{"damage":32.0,"enemies":"Cultist and Chosen","floor":28.0,"turns":9.0},{"damage":19.0,"enemies":"Centurion and Healer","floor":30.0,"turns":7.0},{"damage":57.0,"enemies":"Gremlin Leader","floor":31.0,"turns":6.0},{"damage":82.0,"enemies":"Collector","floor":33.0,"turns":11.0},{"damage":32.0,"enemies":"3 Darklings","floor":35.0,"turns":5.0},{"damage":33.0,"enemies":"3 Shapes","floor":38.0,"turns":5.0},{"damage":26,"enemies":"Giant Head","floor":41,"turns":5},{"damage":26,"enemies":"Maw","floor":44,"turns":9},{"damage":15,"enemies":"Writhing Mass","floor":48,"turns":6},{"damage":42,"enemies":"Awakened One","floor":50,"turns":11},{"damage":69,"enemies":"Donu and Deca","floor":51,"turns":11}],"seed_played":"-512572286333172395","potions_obtained":[{"floor":1.0,"key":"SteroidPotion"},{"floor":11.0,"key":"Strength Potion"},{"floor":14.0,"key":"LiquidBronze"},{"floor":22.0,"key":"BloodPotion"},{"floor":28.0,"key":"BloodPotion"},{"floor":30.0,"key":"BloodPotion"},{"floor":33.0,"key":"Swift Potion"},{"floor":38.0,"key":"Strength Potion"},{"floor":41,"key":"Explosive Potion"},{"floor":48,"key":"Regen Potion"}],"is_trial":false,"path_per_floor":["M","$","M","?","$","E","R","M","T","?","E","?","R","M","R","B",null,"M","?","?","M","M","R","$","E","T","?","M","R","M","E","R","B",null,"M","?","$","M","?","R","E","R","T","M","R","$","?","M","R","B","B",null],"character_chosen":"IRONCLAD","items_purchased":["Disarm","Clash","Magic Flower","Shockwave","Apotheosis","PreservedInsect","Shrug It Off","Strange Spoon"],"campfire_rested":1,"item_purchase_floors":[2,2,24,24,37,37,46,46],"current_hp_per_floor":[74,74,75,68,68,68,68,68,75,64,35,35,35,32,32,28,63,55,55,55,53,42,42,42,38,38,38,23,45,75,69,69,75,75,75,75,75,75,75,75,75,75,75,75,75,75,65,75,75,75,75],"gold":117,"neow_bonus":"THREE_ENEMY_KILL","is_prod":false,"is_daily":false,"chose_seed":false,"campfire_upgraded":9,"win_rate":0,"timestamp":1553849729,"path_taken":["M","$","M","?","$","E","R","M","T","?","E","?","R","M","R","BOSS","M","?","?","M","M","R","?","E","T","?","M","R","?","E","R","BOSS","M","?","$","M","?","R","E","R","T","M","R","$","?","M","R","BOSS","BOSS"],"build_version":"2019-03-15","purchased_purges":0,"victory":true,"max_hp_per_floor":[75,75,75,68,68,68,68,68,75,75,75,75,75,75,75,75,75,75,75,75,75,75,75,75,75,75,75,75,75,75,75,75,75,75,75,75,75,75,75,75,75,75,75,75,75,75,75,75,75,75,75],"card_choices":[{"not_picked":["Sentinel","Havoc"],"picked":"Iron Wave","floor":1.0},{"not_picked":["Clothesline","Warcry"],"picked":"Anger","floor":3.0},{"not_picked":["Perfected Strike","Clothesline"],"picked":"Demon Form","floor":6.0},{"not_picked":["Cleave","Warcry"],"picked":"Twin Strike","floor":11.0},{"not_picked":["Pummel","Whirlwind"],"picked":"Disarm","floor":14.0},{"not_picked":["Barricade","Dark Embrace"],"picked":"Reaper","floor":16.0},{"not_picked":["Sword Boomerang","Dual Wield"],"picked":"Flex","floor":18.0},{"not_picked":["Sword Boomerang","Impervious"],"picked":"Armaments","floor":21.0},{"not_picked":["Dropkick","Pommel Strike","Havoc"],"picked":"SKIP","floor":22.0},{"not_picked":["Sentinel+1","Sword Boomerang","Feel No Pain+1"],"picked":"SKIP","floor":25.0},{"not_picked":["Shockwave","Entrench"],"picked":"Shrug It Off+1","floor":28.0},{"not_picked":["Body Slam","Warcry"],"picked":"Feel No Pain","floor":29.0},{"not_picked":["Twin Strike+1","Body Slam"],"picked":"Anger","floor":30.0},{"not_picked":["Reckless Charge","Bludgeon"],"picked":"Disarm","floor":31.0},{"not_picked":["Limit Break","Brutality"],"picked":"Reaper","floor":33.0},{"not_picked":["Body Slam","Burning Pact"],"picked":"Havoc+1","floor":35.0},{"not_picked":["Wild Strike","Perfected Strike","Heavy Blade"],"picked":"SKIP","floor":38.0},{"not_picked":["Wild Strike","Perfected Strike"],"picked":"Heavy Blade","floor":38.0},{"not_picked":["Body Slam","Spot Weakness","Clash"],"picked":"SKIP","floor":41},{"not_picked":["Battle Trance","Perfected Strike"],"picked":"Disarm","floor":44},{"not_picked":["Thinking Ahead","Master of Strategy"],"picked":"Dark Shackles","floor":47},{"not_picked":["Jack Of All Trades","Panacea"],"picked":"Good Instincts","floor":47},{"not_picked":["Perfected Strike","Warcry","Fire Breathing+1"],"picked":"SKIP","floor":48}],"player_experience":1381834,"relics_obtained":[{"floor":6.0,"key":"Vajra"},{"floor":9.0,"key":"Strawberry"},{"floor":11.0,"key":"Pen Nib"},{"floor":25.0,"key":"Omamori"},{"floor":26.0,"key":"Dream Catcher"},{"floor":31.0,"key":"Turnip"},{"floor":41,"key":"Potion Belt"},{"floor":43,"key":"Centennial Puzzle"}],"event_choices":[{"damage_healed":0.0,"max_hp_gain":0.0,"max_hp_loss":7.0,"gold_gain":0.0,"event_name":"Golden Idol","player_choice":"Lose Max HP","floor":4.0,"gold_loss":0.0,"damage_taken":0.0,"relics_obtained":["Golden Idol"]},{"damage_healed":0.0,"max_hp_gain":0.0,"max_hp_loss":0.0,"gold_gain":75.0,"event_name":"World of Goop","player_choice":"Gather Gold","floor":10.0,"gold_loss":0.0,"damage_taken":11.0},{"damage_healed":0.0,"max_hp_gain":0.0,"max_hp_loss":0.0,"gold_gain":100.0,"event_name":"Wheel of Change","player_choice":"Gold","floor":12.0,"gold_loss":0.0,"damage_taken":0.0},{"damage_healed":0.0,"max_hp_gain":0.0,"max_hp_loss":0.0,"gold_gain":50.0,"event_name":"Nest","player_choice":"Stole From Cult","floor":19.0,"gold_loss":0.0,"damage_taken":0.0},{"damage_healed":0.0,"max_hp_gain":0.0,"max_hp_loss":0.0,"gold_gain":0.0,"event_name":"Addict","player_choice":"Obtained Relic","floor":20.0,"gold_loss":85.0,"damage_taken":0.0,"relics_obtained":["Art of War"]},{"damage_healed":0.0,"max_hp_gain":0.0,"max_hp_loss":0.0,"gold_gain":0.0,"event_name":"FaceTrader","player_choice":"Trade","floor":27.0,"gold_loss":0.0,"damage_taken":0.0,"relics_obtained":["CultistMask"]},{"damage_healed":0.0,"max_hp_gain":0.0,"max_hp_loss":0.0,"gold_gain":333.0,"event_name":"The Moai Head","player_choice":"Gave Idol","floor":36.0,"relics_lost":["Golden Idol"],"gold_loss":0.0,"damage_taken":0.0},{"damage_healed":0.0,"max_hp_gain":0.0,"max_hp_loss":0.0,"gold_gain":0.0,"event_name":"Mysterious Sphere","player_choice":"Ignored","floor":39.0,"gold_loss":0.0,"damage_taken":0.0},{"damage_healed":0,"gold_gain":0,"player_choice":"Memory 3","damage_taken":10,"max_hp_gain":0,"max_hp_loss":0,"event_name":"SensoryStone","floor":47,"gold_loss":0}],"is_beta":true,"boss_relics":[{"not_picked":["Eternal Feather","Black Blood"],"picked":"Runic Pyramid"},{"not_picked":["Lizard Tail","Astrolabe"],"picked":"Velvet Choker"}],"items_purged_floors":[],"is_endless":false,"potions_floor_spawned":[1,11,14,22,28,30,33,38,41,48],"ascension_level":20}