{"gold_per_floor":[117,133,152,26,42,42,74,90,90,90,100,100,127,127,127,223,223,240,240,259,35,55,87,87,102,182,200,214,214,229,229],"floor_reached":31,"playtime":2938,"items_purged":["Strike_G"],"score":326,"play_id":"e4067545-8fb3-4737-b73c-ac567c67d807","local_time":"20180711140507","is_ascension_mode":true,"campfire_choices":[{"data":"Neutralize","floor":6,"key":"SMITH"},{"data":"Dagger Spray","floor":10,"key":"SMITH"},{"floor":15,"key":"REST"},{"floor":24,"key":"REST"}],"neow_cost":"NONE","seed_source_timestamp":2391229795025338,"circlet_count":0,"master_deck":["Defend_G+1","Defend_G+1","Defend_G+1","Defend_G+1","Defend_G+1","Strike_G+1","Strike_G+1","Strike_G+1","Strike_G+1","Survivor","Neutralize+1","Well Laid Plans","Cloak And Dagger","Flying Knee","Dagger Spray+1","Backflip+1","Corpse Explosion","A Thousand Cuts","PiercingWail","Deflect","Footwork","Cloak And Dagger+1","Choke","Escape Plan+1","Cloak And Dagger","Prepared"],"relics":["Ring of the Snake","Strawberry","Question Card","Kunai","Philosopher\u0027s Stone","Anchor","The Courier","Matryoshka"],"potions_floor_usage":[7,7,8,13,16,20,22,23,27],"damage_taken":[{"damage":0,"enemies":"2 Louse","floor":1,"turns":4},{"damage":5,"enemies":"Cultist","floor":2,"turns":4},{"damage":2,"enemies":"Jaw Worm","floor":3,"turns":5},{"damage":4,"enemies":"Large Slime","floor":5,"turns":7},{"damage":16,"enemies":"Gremlin Nob","floor":7,"turns":4},{"damage":0,"enemies":"Red Slaver","floor":8,"turns":5},{"damage":5,"enemies":"2 Fungi Beasts","floor":11,"turns":4},{"damage":2,"enemies":"3 Sentries","floor":13,"turns":6},{"damage":33,"enemies":"Slime Boss","floor":16,"turns":11},{"damage":29,"enemies":"Spheric Guardian","floor":18,"turns":6},{"damage":0,"enemies":"Chosen","floor":20,"turns":5},{"damage":19,"enemies":"Sentry and Sphere","floor":22,"turns":4},{"damage":1,"enemies":"Gremlin Leader","floor":23,"turns":7},{"damage":19,"enemies":"Snake Plant","floor":25,"turns":7},{"damage":0,"enemies":"Cultist and Chosen","floor":27,"turns":8},{"damage":18,"enemies":"Chosen and Byrds","floor":28,"turns":8},{"damage":11,"enemies":"Sentry and Sphere","floor":30,"turns":6},{"damage":12,"enemies":"Snake Plant","floor":31,"turns":5}],"seed_played":"-4930846320554027207","potions_obtained":[{"floor":1,"key":"GamblersBrew"},{"floor":2,"key":"Block Potion"},{"floor":7,"key":"PowerPotion"},{"floor":12,"key":"Poison Potion"},{"floor":12,"key":"Ancient Potion"},{"floor":20,"key":"FearPotion"},{"floor":22,"key":"Block Potion"},{"floor":25,"key":"Dexterity Potion"},{"floor":30,"key":"Ancient Potion"}],"is_trial":false,"path_per_floor":["M","M","M","$","M","R","E","M","T","R","M","?","E","?","R","B",null,"M","?","M","$","M","E","R","M","T","M","M","?","M"],"character_chosen":"THE_SILENT","items_purchased":["Flying Knee","Footwork","Anchor"],"campfire_rested":2,"item_purchase_floors":[4,21,21],"current_hp_per_floor":[70,65,63,63,59,59,50,50,50,50,45,45,43,43,66,33,77,48,48,48,48,29,28,51,32,32,32,14,14,3,0],"gold":229,"neow_bonus":"THREE_SMALL_POTIONS","is_prod":false,"is_daily":false,"chose_seed":false,"campfire_upgraded":2,"win_rate":0,"timestamp":1531332307,"path_taken":["M","M","M","$","M","R","E","M","T","R","M","?","E","?","R","BOSS","M","?","M","?","M","E","R","M","T","M","M","?","?","M"],"build_version":"2018-07-10","purchased_purges":1,"victory":false,"max_hp_per_floor":[70,70,70,70,70,70,77,77,77,77,77,77,77,77,77,77,77,77,77,77,77,77,77,77,77,77,77,77,77,77,77],"card_choices":[{"not_picked":["Blade Dance","Bane"],"picked":"Well Laid Plans","floor":1},{"not_picked":["Well Laid Plans","Slice"],"picked":"Cloak And Dagger","floor":2},{"not_picked":["Deflect","Accuracy","Acrobatics"],"picked":"SKIP","floor":3},{"not_picked":["Bane","Deadly Poison","Riddle With Holes"],"picked":"SKIP","floor":5},{"not_picked":["Prepared","Expertise","Flying Knee"],"picked":"SKIP","floor":7},{"not_picked":["Prepared","Reflex"],"picked":"Dagger Spray","floor":8},{"not_picked":["Deflect","Quick Slash","Cloak And Dagger"],"picked":"Backflip","floor":11},{"not_picked":["Bane","Bullet Time","Grand Finale"],"picked":"Corpse Explosion","floor":13},{"not_picked":["Adrenaline","Tools of the Trade","Night Terror"],"picked":"A Thousand Cuts","floor":16},{"not_picked":["Dagger Throw+1","Deflect+1","Dagger Spray"],"picked":"PiercingWail","floor":18},{"not_picked":["Bane","Deadly Poison","Dagger Throw+1"],"picked":"Deflect","floor":20},{"not_picked":["Crippling Poison","Acrobatics+1","Phantasmal Killer"],"picked":"Cloak And Dagger+1","floor":22},{"not_picked":["Infinite Blades","Flying Knee","Dagger Spray"],"picked":"Choke","floor":23},{"not_picked":["Flying Knee","Expertise","Dagger Spray"],"picked":"Escape Plan+1","floor":25},{"not_picked":["Catalyst","Quick Slash+1","Bullet Time"],"picked":"Cloak And Dagger","floor":27},{"not_picked":["Bane+1","Quick Slash+1","Outmaneuver"],"picked":"Prepared","floor":28},{"not_picked":["Well Laid Plans","Outmaneuver+1","Accuracy","Poisoned Stab+1"],"picked":"SKIP","floor":30}],"player_experience":254228,"relics_obtained":[{"floor":7,"key":"Strawberry"},{"floor":9,"key":"Question Card"},{"floor":13,"key":"Kunai"},{"floor":23,"key":"The Courier"},{"floor":26,"key":"Matryoshka"}],"event_choices":[{"event_name":"The Lab","player_choice":"Got Potions","floor":12,"damage_taken":0},{"event_name":"Accursed Blacksmith","player_choice":"Forge","floor":14,"damage_taken":0},{"event_name":"Back to Basics","player_choice":"Simplicity","floor":19,"damage_taken":0},{"event_name":"Vampires","player_choice":"Ignored","floor":29,"damage_taken":0}],"boss_relics":[{"not_picked":["Snecko Eye","Black Star"],"picked":"Philosopher\u0027s Stone"}],"items_purged_floors":[4],"is_endless":false,"potions_floor_spawned":[1,2,7,20,22,25,30],"killed_by":"Snake Plant","ascension_level":2}