{"gold_per_floor":[117,128,69,69,86,86,113,113,113,129,154,154,154,127,127,206,206,224,62,62,62,89,89,123,134,134,48,48,148,166,182,182,182],"floor_reached":33,"playtime":2097,"items_purged":[],"score":491,"play_id":"71357862-5c89-41da-9bff-e8be6081c243","local_time":"20190712185935","is_ascension_mode":true,"campfire_choices":[{"data":"Neutralize","floor":6,"key":"SMITH"},{"data":"Dodge and Roll","floor":8,"key":"SMITH"},{"data":"Burst","floor":12,"key":"SMITH"},{"floor":15,"key":"REST"},{"data":"A Thousand Cuts","floor":23,"key":"SMITH"},{"floor":28,"key":"REST"},{"floor":32,"key":"REST"}],"neow_cost":"NONE","seed_source_timestamp":220404522604955,"circlet_count":0,"master_deck":["AscendersBane","Strike_G","Strike_G+1","Strike_G","Strike_G","Defend_G+1","Defend_G","Defend_G","Defend_G+1","Defend_G+1","Survivor+1","Neutralize+1","Bouncing Flask","Backstab","Poisoned Stab+1","PiercingWail","Dodge and Roll+1","Blade Dance+1","Burst+1","Footwork","A Thousand Cuts+1","Slice+1","Writhe","Accuracy","Leg Sweep","Bouncing Flask"],"relics":["Ring of the Snake","Mango","Ornamental Fan","Bag of Preparation","Busted Crown","War Paint","MutagenicStrength","Dodecahedron","Whetstone","Darkstone Periapt","Potion Belt","StoneCalendar","Frozen Egg 2"],"potions_floor_usage":[7,11,18,24,24,33,33],"damage_taken":[{"damage":1,"enemies":"Small Slimes","floor":1,"turns":4},{"damage":0,"enemies":"Cultist","floor":2,"turns":3},{"damage":0,"enemies":"2 Louse","floor":5,"turns":2},{"damage":14,"enemies":"Lagavulin","floor":7,"turns":6},{"damage":3,"enemies":"Blue Slaver","floor":10,"turns":3},{"damage":1,"enemies":"Gremlin Nob","floor":11,"turns":3},{"damage":3,"enemies":"Exordium Thugs","floor":14,"turns":5},{"damage":47,"enemies":"Slime Boss","floor":16,"turns":19},{"damage":7,"enemies":"Chosen","floor":18,"turns":5},{"damage":26,"enemies":"Slavers","floor":24,"turns":7},{"damage":4,"enemies":"2 Thieves","floor":25,"turns":4},{"damage":9,"enemies":"Colosseum Slavers","floor":29,"turns":4},{"damage":26,"enemies":"Colosseum Nobs","floor":29,"turns":5},{"damage":7,"enemies":"Snecko","floor":30,"turns":5},{"damage":0,"enemies":"3 Cultists","floor":31,"turns":5},{"damage":34,"enemies":"Automaton","floor":33,"turns":10}],"seed_played":"-8067143922372944641","potions_obtained":[{"floor":5,"key":"EssenceOfSteel"},{"floor":10,"key":"Fire Potion"},{"floor":11,"key":"SpeedPotion"},{"floor":16,"key":"Block Potion"},{"floor":18,"key":"Fire Potion"},{"floor":30,"key":"Swift Potion"},{"floor":31,"key":"Poison Potion"}],"is_trial":false,"path_per_floor":["M","M","$","?","M","R","E","R","T","M","E","R","?","M","R","B",null,"M","$","?","?","T","R","E","M","T","$","R","?","M","M","R","B"],"character_chosen":"THE_SILENT","items_purchased":["Poisoned Stab","War Paint","Accuracy"],"campfire_rested":3,"item_purchase_floors":[3,19,27],"current_hp_per_floor":[58,58,58,38,38,38,38,38,38,35,34,34,34,31,55,8,62,55,55,55,55,55,55,29,25,25,25,49,14,7,7,31,0],"gold":182,"neow_bonus":"REMOVE_CARD","is_prod":false,"is_daily":false,"chose_seed":false,"campfire_upgraded":4,"win_rate":0,"timestamp":1562975975,"path_taken":["M","M","$","?","M","R","E","R","T","M","E","R","?","M","R","BOSS","M","?","?","?","?","R","E","?","T","?","R","?","M","M","R","BOSS"],"build_version":"2019-07-05","purchased_purges":0,"victory":false,"max_hp_per_floor":[66,66,66,66,66,66,80,80,80,80,80,80,80,80,80,80,80,80,80,80,80,80,80,80,80,80,80,80,80,80,80,80,80],"card_choices":[{"not_picked":["Quick Slash","Underhanded Strike"],"picked":"Bouncing Flask","floor":1},{"not_picked":["Distraction","Concentrate"],"picked":"Backstab","floor":2},{"not_picked":["Escape Plan","Dagger Throw"],"picked":"PiercingWail","floor":5},{"not_picked":["Masterful Stab","Sucker Punch"],"picked":"Dodge and Roll","floor":7},{"not_picked":["Infinite Blades","Deflect"],"picked":"Blade Dance","floor":10},{"not_picked":["PiercingWail","Dash"],"picked":"Burst","floor":11},{"not_picked":["Slice","Outmaneuver"],"picked":"Footwork","floor":14},{"not_picked":["Venomology","Grand Finale"],"picked":"A Thousand Cuts","floor":16},{"not_picked":[],"picked":"Slice+1","floor":18},{"not_picked":["Eviscerate"],"picked":"SKIP","floor":24},{"not_picked":["Riddle With Holes"],"picked":"SKIP","floor":25},{"not_picked":[],"picked":"Leg Sweep","floor":30},{"not_picked":[],"picked":"Bouncing Flask","floor":31}],"player_experience":852236,"relics_obtained":[{"floor":7,"key":"Mango"},{"floor":9,"key":"Ornamental Fan"},{"floor":11,"key":"Bag of Preparation"},{"floor":22,"key":"Whetstone"},{"floor":24,"key":"Darkstone Periapt"},{"floor":26,"key":"Potion Belt"},{"floor":29,"key":"StoneCalendar"},{"floor":29,"key":"Frozen Egg 2"}],"event_choices":[{"damage_healed":0,"gold_gain":0,"player_choice":"Entered Light","damage_taken":20,"max_hp_gain":0,"max_hp_loss":0,"event_name":"Shining Light","floor":4,"gold_loss":0,"cards_upgraded":["Defend_G","Defend_G"]},{"damage_healed":0,"gold_gain":0,"player_choice":"Forge","damage_taken":0,"max_hp_gain":0,"max_hp_loss":0,"event_name":"Accursed Blacksmith","floor":13,"gold_loss":0,"cards_upgraded":["Blade Dance"]},{"damage_healed":0,"gold_gain":0,"player_choice":"Inject Mutagens","damage_taken":0,"relics_obtained":["MutagenicStrength"],"max_hp_gain":0,"max_hp_loss":0,"event_name":"Drug Dealer","floor":20,"gold_loss":0},{"damage_healed":0,"gold_gain":0,"player_choice":"Opened","damage_taken":0,"relics_obtained":["Dodecahedron"],"max_hp_gain":0,"max_hp_loss":0,"event_name":"The Mausoleum","floor":21,"gold_loss":0,"cards_obtained":["Writhe"]},{"damage_healed":0,"gold_gain":0,"player_choice":"Fight","damage_taken":0,"max_hp_gain":0,"max_hp_loss":0,"event_name":"Colosseum","floor":29,"gold_loss":0},{"damage_healed":0,"gold_gain":0,"player_choice":"Fought Nobs","damage_taken":0,"max_hp_gain":0,"max_hp_loss":0,"event_name":"Colosseum","floor":29,"gold_loss":0}],"is_beta":false,"boss_relics":[{"not_picked":["Ectoplasm","Eternal Feather"],"picked":"Busted Crown"}],"items_purged_floors":[],"is_endless":false,"potions_floor_spawned":[5,10,11,16,18,30,31],"killed_by":"Automaton","ascension_level":16}