{"path_per_floor":["M","M","?","M","$","E","?","M","T","?","R","$","E","M","R","B",null,"M","?","?","M","?","E","?","R","T","R","$","?","E"],"character_chosen":"DEFECT","items_purchased":["Doom and Gloom","Defragment","Rainbow","Lockon"],"gold_per_floor":[112,126,126,145,7,35,65,79,151,101,101,26,61,80,80,181,181,201,201,201,217,217,250,250,250,250,250,10,10,35,35],"floor_reached":31,"campfire_rested":3,"playtime":1991,"item_purchase_floors":[5,5,28,28],"current_hp_per_floor":[75,75,68,68,68,55,51,48,48,48,70,70,68,63,63,31,75,63,63,63,61,61,26,26,48,48,70,70,60,20,0],"items_purged":["Defend_B"],"gold":35,"score":279,"play_id":"de9060fd-45d6-4622-95d9-359da62b2c7c","local_time":"20180605121839","is_prod":false,"is_daily":false,"chose_seed":false,"is_ascension_mode":false,"campfire_upgraded":1,"win_rate":0,"timestamp":1528215519,"campfire_choices":[{"floor":11,"key":"REST"},{"data":"Rainbow","floor":15,"key":"SMITH"},{"floor":25,"key":"REST"},{"floor":27,"key":"REST"}],"path_taken":["M","M","?","?","$","E","?","M","T","?","R","$","E","M","R","BOSS","M","?","?","M","?","E","?","R","T","R","$","?","E","M"],"build_version":"2018-05-31","seed_source_timestamp":7018748033690,"purchased_purges":1,"victory":false,"master_deck":["Strike_B+1","Strike_B+1","Zap","Dualcast","Blizzard","Rip and Tear","Chaos","Doom and Gloom","Defragment","Glacier","Beam Cell","Sweeping Beam","Rainbow+1","Redo","Fission","Self Repair+1","Meteor Strike+1","Doom and Gloom+1","Chill","Loop","Redo","Rainbow","Lockon","Necronomicurse","Rebound"],"max_hp_per_floor":[75,75,75,75,75,75,75,75,75,75,75,75,75,75,75,75,75,75,75,75,75,75,75,75,75,75,75,75,81,88,88],"relics":["Cracked Core","Gambling Chip","Odd Mushroom","Ornamental Fan","Whetstone","Astrolabe","Nloth\u0027s Gift","Gremlin Horn","Darkstone Periapt","Necronomicon","Strawberry"],"card_choices":[{"not_picked":["Aggregate","Turbo"],"picked":"Blizzard","floor":1},{"not_picked":["Steam","Heatsinks"],"picked":"Rip and Tear","floor":2},{"not_picked":["Undo","Conserve Battery"],"picked":"Chaos","floor":4},{"not_picked":["Sweeping Beam","Storm"],"picked":"Glacier","floor":6},{"not_picked":["Gash","Steam"],"picked":"Beam Cell","floor":7},{"not_picked":["Stack","Thunder Strike"],"picked":"Sweeping Beam","floor":8},{"not_picked":["Beam Cell","Hello World"],"picked":"Rainbow","floor":13},{"not_picked":["Beam Cell","Aggregate"],"picked":"Redo","floor":14},{"not_picked":["Creative AI","Seek"],"picked":"Fission","floor":16},{"not_picked":["Coolheaded+1","Turbo+1"],"picked":"Chill","floor":18},{"not_picked":["Stack","Redo+1"],"picked":"Loop","floor":21},{"not_picked":["Amplify","Ball Lightning"],"picked":"Redo","floor":23},{"not_picked":["Compile Driver","Multi-Cast"],"picked":"Rebound","floor":30}],"player_experience":50969,"potions_floor_usage":[6,8,18,23],"damage_taken":[{"damage":0,"enemies":"Jaw Worm","floor":1,"turns":1},{"damage":0,"enemies":"Small Slimes","floor":2,"turns":1},{"damage":0,"enemies":"2 Louse","floor":4,"turns":1},{"damage":13,"enemies":"3 Sentries","floor":6,"turns":7},{"damage":4,"enemies":"The Mushroom Lair","floor":7,"turns":4},{"damage":15,"enemies":"Gremlin Gang","floor":8,"turns":4},{"damage":2,"enemies":"Lagavulin","floor":13,"turns":7},{"damage":5,"enemies":"3 Louse","floor":14,"turns":2},{"damage":32,"enemies":"The Guardian","floor":16,"turns":8},{"damage":22,"enemies":"Chosen","floor":18,"turns":6},{"damage":12,"enemies":"Spheric Guardian","floor":21,"turns":5},{"damage":45,"enemies":"Gremlin Leader","floor":23,"turns":8},{"damage":57,"enemies":"Slavers","floor":30,"turns":6},{"damage":30,"enemies":"Snecko","floor":31,"turns":3}],"relics_obtained":[{"floor":6,"key":"Gambling Chip"},{"floor":7,"key":"Odd Mushroom"},{"floor":9,"key":"Ornamental Fan"},{"floor":13,"key":"Whetstone"},{"floor":23,"key":"Gremlin Horn"},{"floor":26,"key":"Darkstone Periapt"},{"floor":29,"key":"Necronomicon"},{"floor":30,"key":"Strawberry"}],"event_choices":[{"event_name":"Golden Wing","player_choice":"Card Removal","floor":3,"damage_taken":0},{"event_name":"Mushrooms","player_choice":"Fought Mushrooms","floor":7,"damage_taken":0},{"event_name":"The Cleric","player_choice":"Card Removal","floor":10,"damage_taken":0},{"event_name":"Vampires","player_choice":"Ignored","floor":19,"damage_taken":0},{"event_name":"N\u0027loth","player_choice":"Traded a NeowsBlessing","floor":20,"damage_taken":0},{"event_name":"Beggar","player_choice":"Ignored","floor":22,"damage_taken":0},{"event_name":"Ghosts","player_choice":"Ignored","floor":24,"damage_taken":0},{"event_name":"Cursed Tome","player_choice":"Obtained Book","floor":29,"damage_taken":0}],"boss_relics":[{"not_picked":["Lizard Tail","Eternal Feather"],"picked":"Astrolabe"}],"items_purged_floors":[12],"potions_floor_spawned":[1,7,13,16,21,30],"seed_played":"5450591590548683524","killed_by":"Snecko","ascension_level":0,"potions_obtained":[{"floor":1,"key":"PowerPotion"},{"floor":7,"key":"Regen Potion"},{"floor":13,"key":"SpeedPotion"},{"floor":16,"key":"Weak Potion"},{"floor":21,"key":"Energy Potion"},{"floor":30,"key":"SpeedPotion"}],"is_trial":false}