{"gold_per_floor":[218,218,65,83,102,137,137,137,161,161,180,255,271,306,306,410,410,429,429,94,113,113,141,141,160,183,183,197,23,23,35,35,131,131,145,145,145,165,179,196,196,214,214,228,228,238,238,253,253,253],"floor_reached":51,"playtime":4026,"items_purged":["Strike_B","Strike_B+1"],"score":656,"play_id":"0b6a268c-bb01-4c29-9c0c-cf918e262853","local_time":"20180826224420","is_ascension_mode":false,"campfire_choices":[{"data":"Defragment","floor":7,"key":"SMITH"},{"floor":10,"key":"REST"},{"data":"Dualcast","floor":15,"key":"SMITH"},{"floor":24,"key":"REST"},{"data":"Echo Form","floor":27,"key":"SMITH"},{"data":"Blizzard","floor":30,"key":"SMITH"},{"data":"Loop","floor":32,"key":"SMITH"},{"floor":45,"key":"DIG"},{"floor":47,"key":"DIG"},{"floor":49,"key":"REST"}],"neow_cost":"NONE","seed_source_timestamp":806966239188188,"circlet_count":0,"master_deck":["Strike_B+1","Strike_B+1","Defend_B+1","Defend_B+1","Defend_B+1","Defend_B+1","Zap+1","Dualcast+1","Cold Snap","Loop+1","Defragment+1","Cold Snap","Auto Shields+1","Echo Form+1","Coolheaded+1","Leap+1","Reinforced Body+1","Blizzard+1","Coolheaded+1","Biased Cognition","Amplify+1","Cold Snap","Defragment+1","Cold Snap+1","Darkness+1","BootSequence+1","Compile Driver"],"relics":["Cracked Core","Oddly Smooth Stone","Ancient Tea Set","Bag of Marbles","Dream Catcher","Sozu","Toxic Egg 2","War Paint","Pen Nib","Inserter","Shovel","Mercury Hourglass","Mummified Hand","Vajra"],"potions_floor_usage":[6,16,23,50],"damage_taken":[{"damage":2,"enemies":"2 Louse","floor":1,"turns":2},{"damage":0,"enemies":"Cultist","floor":4,"turns":3},{"damage":0,"enemies":"Small Slimes","floor":5,"turns":3},{"damage":19,"enemies":"Gremlin Nob","floor":6,"turns":5},{"damage":8,"enemies":"Looter","floor":11,"turns":2},{"damage":4,"enemies":"Exordium Thugs","floor":13,"turns":5},{"damage":10,"enemies":"Lagavulin","floor":14,"turns":6},{"damage":24,"enemies":"Hexaghost","floor":16,"turns":11},{"damage":12,"enemies":"Shell Parasite","floor":18,"turns":6},{"damage":14,"enemies":"Spheric Guardian","floor":21,"turns":4},{"damage":4,"enemies":"Book of Stabbing","floor":23,"turns":7},{"damage":4,"enemies":"3 Cultists","floor":25,"turns":7},{"damage":0,"enemies":"Snake Plant","floor":28,"turns":5},{"damage":0,"enemies":"Sentry and Sphere","floor":31,"turns":6},{"damage":33,"enemies":"Collector","floor":33,"turns":10},{"damage":11,"enemies":"3 Shapes","floor":35,"turns":4},{"damage":20,"enemies":"Mind Bloom Boss Battle","floor":36,"turns":8},{"damage":0,"enemies":"3 Darklings","floor":38,"turns":6},{"damage":7,"enemies":"Flame Bruiser 2 Orb","floor":39,"turns":9},{"damage":10,"enemies":"4 Shapes","floor":40,"turns":6},{"damage":0,"enemies":"Spire Growth","floor":42,"turns":6},{"damage":0,"enemies":"Transient","floor":44,"turns":5},{"damage":1,"enemies":"Sphere and 2 Shapes","floor":46,"turns":5},{"damage":15,"enemies":"Jaw Worm Horde","floor":48,"turns":6},{"damage":17,"enemies":"Awakened One","floor":50,"turns":10}],"seed_played":"-1935836454606917919","potions_obtained":[{"floor":1,"key":"AttackPotion"},{"floor":5,"key":"Strength Potion"},{"floor":13,"key":"Strength Potion"},{"floor":16,"key":"EssenceOfSteel"}],"is_trial":false,"path_per_floor":["M","?","$","M","M","E","R","?","T","R","M","?","M","E","R","B",null,"M","?","$","M","?","E","R","M","T","R","M","$","R","M","R","B",null,"M","?","?","M","M","M","?","M","T","M","R","M","R","M","R","B"],"character_chosen":"DEFECT","items_purchased":["Oddly Smooth Stone","Toxic Egg 2","Biased Cognition"],"campfire_rested":3,"item_purchase_floors":[3,20,29],"current_hp_per_floor":[73,73,73,73,73,54,54,54,54,75,67,56,52,42,42,18,75,63,63,63,49,49,45,67,63,63,63,63,63,63,63,63,30,75,64,44,44,44,37,27,66,66,66,66,66,65,65,50,66,49],"gold":253,"neow_bonus":"HUNDRED_GOLD","is_prod":false,"is_daily":false,"chose_seed":false,"campfire_upgraded":5,"win_rate":0,"timestamp":1535337860,"path_taken":["M","?","$","M","?","E","R","?","T","R","M","?","M","E","R","BOSS","M","?","$","M","?","E","R","?","T","R","?","$","R","M","R","BOSS","M","?","?","M","M","M","?","M","T","M","R","M","R","M","R","BOSS"],"build_version":"2018-08-23v2","purchased_purges":2,"victory":true,"max_hp_per_floor":[75,75,75,75,75,75,75,75,75,75,75,75,75,75,75,75,75,75,75,75,75,75,75,75,75,75,75,75,75,75,75,75,75,75,75,75,75,75,75,75,66,66,66,66,66,66,66,66,66,66],"card_choices":[{"not_picked":["FTL","Double Energy"],"picked":"Cold Snap","floor":1},{"not_picked":["Redo","Static Discharge"],"picked":"Loop","floor":4},{"not_picked":["Ball Lightning","Conserve Battery"],"picked":"Defragment","floor":5},{"not_picked":["Double Energy","Gash"],"picked":"Cold Snap","floor":6},{"not_picked":["Recycle","Streamline"],"picked":"Auto Shields","floor":11},{"not_picked":["Sweeping Beam","Double Energy","Beam Cell"],"picked":"SKIP","floor":13},{"not_picked":["Sweeping Beam","Force Field","Double Energy"],"picked":"SKIP","floor":14},{"not_picked":["Hyperbeam","All For One"],"picked":"Echo Form","floor":16},{"not_picked":["Rebound","Melter"],"picked":"Coolheaded","floor":18},{"not_picked":["Turbo+1","Beam Cell"],"picked":"Leap+1","floor":21},{"not_picked":["Heatsinks","Gash"],"picked":"Reinforced Body+1","floor":23},{"not_picked":["Conserve Battery+1","Steam+1"],"picked":"Blizzard","floor":24},{"not_picked":["Gash","Scrape","Loop"],"picked":"SKIP","floor":25},{"not_picked":["Conserve Battery+1","Leap+1"],"picked":"Coolheaded+1","floor":28},{"not_picked":["Streamline","Force Field+1","Stack+1"],"picked":"SKIP","floor":31},{"not_picked":["Echo Form","Rainbow+1"],"picked":"Amplify+1","floor":33},{"not_picked":["Reprogram+1","Steam+1"],"picked":"Cold Snap","floor":35},{"not_picked":["Go for the Eyes","Redo+1"],"picked":"Defragment+1","floor":36},{"not_picked":["Conserve Battery+1","Gash+1","Streamline"],"picked":"SKIP","floor":38},{"not_picked":["BootSequence+1","Steam+1","Loop+1"],"picked":"SKIP","floor":39},{"not_picked":["Gash+1","Reinforced Body+1","Cold Snap+1"],"picked":"SKIP","floor":40},{"not_picked":["Steam+1","Static Discharge+1"],"picked":"Cold Snap+1","floor":42},{"not_picked":["Tempest+1","Self Repair+1"],"picked":"Darkness+1","floor":44},{"not_picked":["Double Energy+1","Darkness+1","Blizzard"],"picked":"SKIP","floor":46},{"not_picked":["Gash","Leap+1"],"picked":"BootSequence+1","floor":48},{"not_picked":["Amplify+1","Streamline"],"picked":"Compile Driver","floor":49}],"player_experience":342268,"relics_obtained":[{"floor":6,"key":"Ancient Tea Set"},{"floor":9,"key":"Bag of Marbles"},{"floor":14,"key":"Dream Catcher"},{"floor":23,"key":"War Paint"},{"floor":26,"key":"Pen Nib"},{"floor":36,"key":"Shovel"},{"floor":43,"key":"Mercury Hourglass"},{"floor":45,"key":"Mummified Hand"},{"floor":47,"key":"Vajra"}],"event_choices":[{"event_name":"Living Wall","player_choice":"Grow","floor":2,"damage_taken":0},{"event_name":"Liars Game","player_choice":"disagreed","floor":8,"damage_taken":0},{"event_name":"World of Goop","player_choice":"Gather Gold","floor":12,"damage_taken":0},{"event_name":"Ghosts","player_choice":"Ignored","floor":19,"damage_taken":0},{"event_name":"Back to Basics","player_choice":"Simplicity","floor":22,"damage_taken":0},{"event_name":"MindBloom","player_choice":"Fight","floor":36,"damage_taken":0},{"event_name":"FaceTrader","player_choice":"Leave","floor":37,"damage_taken":0},{"event_name":"The Moai Head","player_choice":"Heal","floor":41,"damage_taken":0}],"is_beta":true,"boss_relics":[{"not_picked":["Tiny House","Astrolabe"],"picked":"Sozu"},{"not_picked":["Runic Pyramid","Black Star"],"picked":"Inserter"}],"items_purged_floors":[20,29],"is_endless":false,"potions_floor_spawned":[1,5,13,16,23,25,28,31,33,42,44,46],"ascension_level":0}