{"gold_per_floor":[112,33,33,33,33,61,4,31,58,58,77,95,108,128,128,201,201,213,138,154,154,154,154],"floor_reached":23,"playtime":513,"items_purged":["Strike_B"],"score":598,"play_id":"e2a6a96a-8706-4b3d-a962-5932380f0f42","local_time":"20190309205354","is_ascension_mode":true,"campfire_choices":[{"data":"Hologram","floor":10.0,"key":"SMITH"},{"data":"Hologram","floor":15.0,"key":"SMITH"}],"neow_cost":"NONE","seed_source_timestamp":8675447132213,"circlet_count":0,"master_deck":["AscendersBane","Strike_B","Strike_B","Strike_B","Defend_B","Defend_B","Defend_B","Defend_B","Zap+1","Dualcast","Hello World","Hologram+1","Gash","Consume","Hello World","Hologram+1","FTL","Conserve Battery","All For One","Defragment","Stack"],"special_seed":0,"relics":["Cracked Core","NeowsBlessing","Du-Vu Doll","Anchor","Vajra","Philosopher\u0027s Stone"],"potions_floor_usage":[23],"damage_taken":[{"damage":0.0,"enemies":"2 Louse","floor":1.0,"turns":1.0},{"damage":0.0,"enemies":"Gremlin Nob","floor":6.0,"turns":1.0},{"damage":0.0,"enemies":"Lagavulin","floor":8.0,"turns":1.0},{"damage":0.0,"enemies":"Cultist","floor":11.0,"turns":2.0},{"damage":0.0,"enemies":"Jaw Worm","floor":12.0,"turns":2.0},{"damage":6.0,"enemies":"3 Louse","floor":13.0,"turns":3.0},{"damage":11.0,"enemies":"Looter","floor":14.0,"turns":3.0},{"damage":0.0,"enemies":"The Guardian","floor":16.0,"turns":9.0},{"damage":0.0,"enemies":"Spheric Guardian","floor":18.0,"turns":3.0},{"damage":0.0,"enemies":"Chosen","floor":20.0,"turns":4.0},{"damage":17,"enemies":"Book of Stabbing","floor":23,"turns":5}],"seed_played":"8361728182139109812","potions_obtained":[{"floor":6.0,"key":"GamblersBrew"},{"floor":11.0,"key":"LiquidBronze"},{"floor":13.0,"key":"Block Potion"},{"floor":16.0,"key":"Block Potion"}],"is_trial":false,"path_per_floor":["M","$","?","?","?","E","$","E","T","R","M","M","M","M","R","B",null,"M","$","M","?","?","E"],"character_chosen":"DEFECT","items_purchased":["Hello World","Gash"],"campfire_rested":0,"item_purchase_floors":[2,7],"current_hp_per_floor":[64,64,64,64,64,64,64,64,64,64,64,64,58,47,47,47,65,65,65,65,65,65,48],"gold":154,"neow_bonus":"THREE_ENEMY_KILL","is_prod":false,"is_daily":false,"chose_seed":false,"campfire_upgraded":2,"win_rate":0,"timestamp":1552193634,"path_taken":["M","$","?","?","?","E","$","E","T","R","?","M","M","M","R","BOSS","M","$","M","?","?","E"],"build_version":"2019-02-06","purchased_purges":1,"victory":false,"max_hp_per_floor":[71,71,71,71,71,71,71,71,71,71,71,71,71,71,71,71,71,71,71,71,71,71,71],"card_choices":[{"not_picked":["Reprogram","Streamline"],"picked":"Hologram","floor":6.0},{"not_picked":["Self Repair","Static Discharge"],"picked":"Consume","floor":8.0},{"not_picked":["Aggregate","Barrage"],"picked":"Hello World","floor":11.0},{"not_picked":["Go for the Eyes","Reinforced Body"],"picked":"Hologram","floor":12.0},{"not_picked":["Streamline","Redo"],"picked":"FTL","floor":13.0},{"not_picked":["Aggregate","Reinforced Body"],"picked":"Conserve Battery","floor":14.0},{"not_picked":["Multi-Cast","Fission"],"picked":"All For One","floor":16.0},{"not_picked":["White Noise+1","Force Field+1"],"picked":"Defragment","floor":18.0},{"not_picked":["Redo","Beam Cell"],"picked":"Stack","floor":20.0}],"player_experience":1278986,"relics_obtained":[{"floor":6.0,"key":"Du-Vu Doll"},{"floor":8.0,"key":"Anchor"},{"floor":9.0,"key":"Vajra"}],"event_choices":[{"damage_healed":0.0,"max_hp_gain":0.0,"max_hp_loss":0.0,"gold_gain":0.0,"event_name":"Living Wall","player_choice":"Grow","floor":3.0,"gold_loss":0.0,"damage_taken":0.0,"cards_upgraded":["Zap"]},{"damage_healed":0.0,"max_hp_gain":0.0,"max_hp_loss":0.0,"gold_gain":0.0,"event_name":"The Cleric","player_choice":"Leave","floor":4.0,"gold_loss":0.0,"damage_taken":0.0},{"damage_healed":0.0,"max_hp_gain":0.0,"max_hp_loss":0.0,"gold_gain":0.0,"event_name":"WeMeetAgain","player_choice":"Ignored","floor":5.0,"gold_loss":0.0,"damage_taken":0.0},{"damage_healed":0.0,"max_hp_gain":0.0,"max_hp_loss":0.0,"gold_gain":0.0,"event_name":"Ghosts","player_choice":"Ignored","floor":21.0,"gold_loss":0.0,"damage_taken":0.0},{"damage_healed":0.0,"max_hp_gain":0.0,"max_hp_loss":0.0,"gold_gain":0.0,"event_name":"Vampires","player_choice":"Ignored","floor":22.0,"gold_loss":0.0,"damage_taken":0.0}],"is_beta":true,"boss_relics":[{"not_picked":["Tiny House","Ectoplasm"],"picked":"Philosopher\u0027s Stone"}],"items_purged_floors":[19],"is_endless":false,"potions_floor_spawned":[6,11,12,13,14,16,18],"killed_by":"Book of Stabbing","ascension_level":20}