{"gold_per_floor":[112,124,274,285,10,10,41,41,67,67,94,6,6,24,24,98,98,115,115,115],"floor_reached":20,"playtime":620,"items_purged":["Doubt"],"score":360,"play_id":"6b5dc6b1-9979-4ca4-b029-da20d46cce99","local_time":"20181209214523","is_ascension_mode":true,"campfire_choices":[{"data":"Loop","floor":6,"key":"SMITH"},{"data":"Rainbow","floor":8,"key":"SMITH"},{"floor":10,"key":"REST"},{"data":"Capacitor","floor":15,"key":"SMITH"}],"neow_cost":"NONE","seed_source_timestamp":203635088126005,"circlet_count":0,"master_deck":["AscendersBane","Defend_B","Defend_B","Defend_B","Defend_B","Zap","Dualcast","Doom and Gloom","Cold Snap","Streamline","Melter","Reinforced Body","Loop+1","Rainbow+1","Conserve Battery","Capacitor+1","Electrodynamics","Rainbow","Coolheaded+1","Chaos+1","Doom and Gloom+1","Reinforced Body+1"],"relics":["Philosopher\u0027s Stone","Blood Vial","Bag of Preparation","Pantograph","Astrolabe"],"potions_floor_usage":[14,14,18],"damage_taken":[{"damage":2,"enemies":"Jaw Worm","floor":1,"turns":3},{"damage":0,"enemies":"2 Louse","floor":2,"turns":2},{"damage":10,"enemies":"Small Slimes","floor":4,"turns":3},{"damage":26,"enemies":"Gremlin Nob","floor":7,"turns":4},{"damage":1,"enemies":"Lagavulin","floor":11,"turns":6},{"damage":2,"enemies":"Exordium Wildlife","floor":14,"turns":2},{"damage":63,"enemies":"Hexaghost","floor":16,"turns":11},{"damage":2,"enemies":"Shell Parasite","floor":18,"turns":6},{"damage":31,"enemies":"Colosseum Slavers","floor":20,"turns":5},{"damage":23,"enemies":"Colosseum Nobs","floor":20,"turns":3}],"seed_played":"-4614372202093197476","potions_obtained":[{"floor":1,"key":"Fire Potion"},{"floor":2,"key":"Explosive Potion"},{"floor":14,"key":"EssenceOfSteel"}],"is_trial":false,"path_per_floor":["M","M","?","M","$","R","E","R","T","R","E","$","?","M","R","B",null,"M","?","?"],"character_chosen":"DEFECT","items_purchased":["Melter","Reinforced Body","Loop","Capacitor"],"campfire_rested":1,"item_purchase_floors":[5,5,5,12],"current_hp_per_floor":[62,62,62,52,52,52,26,26,26,47,48,48,53,53,53,13,60,60,60,10],"gold":115,"neow_bonus":"BOSS_RELIC","is_prod":false,"is_daily":false,"chose_seed":false,"campfire_upgraded":3,"win_rate":0,"timestamp":1544420723,"path_taken":["M","M","?","M","$","R","E","R","T","R","E","$","?","M","R","BOSS","M","?","?"],"build_version":"2018-12-06","purchased_purges":1,"victory":false,"max_hp_per_floor":[71,71,71,71,71,71,71,71,71,71,71,71,76,76,76,76,76,76,76,76],"card_choices":[{"not_picked":["Turbo","Gash"],"picked":"Doom and Gloom","floor":1},{"not_picked":["Rebound","Steam"],"picked":"Cold Snap","floor":2},{"not_picked":["FTL","Beam Cell"],"picked":"Streamline","floor":4},{"not_picked":["Barrage","Stack"],"picked":"Rainbow","floor":7},{"not_picked":["Beam Cell","Skim"],"picked":"Conserve Battery","floor":11},{"not_picked":["Loop","Hologram"],"picked":"Electrodynamics","floor":14},{"not_picked":["Amplify","All For One"],"picked":"Rainbow","floor":16},{"not_picked":["Steam","Double Energy"],"picked":"Reinforced Body+1","floor":18}],"player_experience":982238,"relics_obtained":[{"floor":7,"key":"Blood Vial"},{"floor":9,"key":"Bag of Preparation"},{"floor":11,"key":"Pantograph"}],"event_choices":[{"damage_healed":0,"gold_gain":150,"player_choice":"AGREE","damage_taken":0,"max_hp_gain":0,"max_hp_loss":0,"event_name":"Liars Game","floor":3,"gold_loss":0,"cards_obtained":["Doubt"]},{"damage_healed":0,"gold_gain":0,"player_choice":"Donut","damage_taken":0,"max_hp_gain":5,"max_hp_loss":0,"event_name":"Big Fish","floor":13,"gold_loss":0},{"cards_removed":["Strike_B"],"damage_healed":0,"gold_gain":0,"player_choice":"Elegance","damage_taken":0,"max_hp_gain":0,"max_hp_loss":0,"event_name":"Back to Basics","floor":19,"gold_loss":0},{"damage_healed":0,"gold_gain":0,"player_choice":"Fight","damage_taken":0,"max_hp_gain":0,"max_hp_loss":0,"event_name":"Colosseum","floor":20,"gold_loss":0},{"damage_healed":0,"gold_gain":0,"player_choice":"Fought Nobs","damage_taken":0,"max_hp_gain":0,"max_hp_loss":0,"event_name":"Colosseum","floor":20,"gold_loss":0}],"is_beta":true,"boss_relics":[{"not_picked":["Lizard Tail","White Beast Statue"],"picked":"Astrolabe"}],"items_purged_floors":[5],"is_endless":false,"potions_floor_spawned":[1,2,14,20],"killed_by":"Colosseum Nobs","ascension_level":20}