{"path_per_floor":["M","?","M","M","?","E","M","?","T","R","T","E","$","M","R","B",null,"M","M","M","$","M"],"character_chosen":"IRONCLAD","items_purchased":["Bottled Tornado","Apotheosis"],"gold_per_floor":[119,119,130,140,140,176,197,197,197,197,223,266,21,35,35,161,161,186,206,225,24,40,40],"floor_reached":23,"campfire_rested":2,"playtime":2662,"item_purchase_floors":[13,21],"current_hp_per_floor":[80,64,59,55,55,32,31,37,37,62,62,44,44,38,63,26,86,47,33,23,23,21,0],"items_purged":[],"gold":40,"score":203,"play_id":"1cbed75e-d438-40b2-b56a-c49b66052e8d","local_time":"20180531184743","is_prod":false,"is_daily":false,"chose_seed":false,"is_ascension_mode":false,"campfire_upgraded":0,"win_rate":0,"timestamp":1527806863,"campfire_choices":[{"floor":10,"key":"REST"},{"floor":15,"key":"REST"}],"path_taken":["M","?","M","M","?","E","M","?","T","R","?","E","$","M","R","BOSS","M","M","M","$","M","E"],"build_version":"2018-05-24","seed_source_timestamp":33901382860858,"purchased_purges":0,"victory":false,"master_deck":["Strike_R","Strike_R","Strike_R","Strike_R","Strike_R+1","Defend_R","Defend_R","Defend_R+1","Defend_R","Bash","Offering","Inflame","Shrug It Off","Headbutt","Injury","Spot Weakness","Sword Boomerang","Regret","Demon Form","Flex","Impervious","Cleave","Warcry","Cleave","Apotheosis","Headbutt"],"max_hp_per_floor":[80,80,80,80,80,80,80,86,86,86,86,86,86,86,86,86,86,86,86,86,86,86,86],"relics":["Burning Blood","Golden Idol","Darkstone Periapt","Pantograph","Toolbox","Bag of Preparation","Blood Vial","Bottled Tornado","Sozu"],"card_choices":[{"not_picked":["True Grit","Ghostly Armor"],"picked":"Inflame","floor":1},{"not_picked":["Uppercut","Cleave"],"picked":"Shrug It Off","floor":3},{"not_picked":["Shrug It Off","Sword Boomerang"],"picked":"Headbutt","floor":4},{"not_picked":["Rampage","Twin Strike"],"picked":"Spot Weakness","floor":6},{"not_picked":["Corruption","Thunderclap"],"picked":"Sword Boomerang","floor":7},{"not_picked":["Corruption","Perfected Strike"],"picked":"Demon Form","floor":12},{"not_picked":["Corruption","Battle Trance"],"picked":"Flex","floor":14},{"not_picked":["Demon Form","Barricade"],"picked":"Impervious","floor":16},{"not_picked":["Thunderclap","Pommel Strike"],"picked":"Cleave","floor":18},{"not_picked":["Iron Wave","Body Slam"],"picked":"Warcry","floor":19},{"not_picked":["Infernal Blade","Thunderclap"],"picked":"Cleave","floor":20},{"not_picked":["Combust","Searing Blow"],"picked":"Headbutt","floor":22}],"player_experience":14196,"potions_floor_usage":[16,19],"damage_taken":[{"damage":4,"enemies":"Small Slimes","floor":1,"turns":2},{"damage":11,"enemies":"2 Louse","floor":3,"turns":2},{"damage":10,"enemies":"Cultist","floor":4,"turns":3},{"damage":29,"enemies":"3 Sentries","floor":6,"turns":7},{"damage":7,"enemies":"2 Fungi Beasts","floor":7,"turns":3},{"damage":24,"enemies":"Lagavulin","floor":12,"turns":7},{"damage":14,"enemies":"Looter","floor":14,"turns":3},{"damage":66,"enemies":"Hexaghost","floor":16,"turns":5},{"damage":45,"enemies":"2 Thieves","floor":18,"turns":4},{"damage":22,"enemies":"Shell Parasite","floor":19,"turns":5},{"damage":18,"enemies":"Cultist and Chosen","floor":20,"turns":4},{"damage":10,"enemies":"Snake Plant","floor":22,"turns":3},{"damage":26,"enemies":"Gremlin Leader","floor":23,"turns":4}],"relics_obtained":[{"floor":6,"key":"Darkstone Periapt"},{"floor":9,"key":"Toolbox"},{"floor":11,"key":"Bag of Preparation"},{"floor":12,"key":"Blood Vial"}],"event_choices":[{"event_name":"Shining Light","player_choice":"Entered Light","floor":2,"damage_taken":0},{"event_name":"Golden Idol","player_choice":"Take Wound","floor":5,"damage_taken":0},{"event_name":"Big Fish","player_choice":"Box","floor":8,"damage_taken":0}],"boss_relics":[{"not_picked":["Black Star","Runic Pyramid"],"picked":"Sozu"}],"items_purged_floors":[],"potions_floor_spawned":[3,7,12,14,19,20,22],"seed_played":"973719242651565289","killed_by":"Gremlin Leader","ascension_level":0,"potions_obtained":[{"floor":3,"key":"Poison Potion"},{"floor":7,"key":"SteroidPotion"},{"floor":12,"key":"LiquidBronze"},{"floor":14,"key":"Energy Potion"}],"is_trial":false}