{"path_per_floor":["M","M","?","?","M","E","M","M","T","R","$","?","E","M","R","B",null,"M","$","M","M","?","R","M","R","T","R","M","?","R","?","R"],"character_chosen":"DEFECT","items_purchased":["Transmutation","FTL"],"gold_per_floor":[111,131,131,306,321,353,366,385,408,408,121,189,224,237,237,333,333,347,211,227,242,342,342,359,359,359,359,372,372,372,372,372,372],"floor_reached":33,"campfire_rested":5,"playtime":2371,"item_purchase_floors":[11,19],"current_hp_per_floor":[70,70,70,70,58,36,26,26,33,57,57,57,39,30,54,29,82,58,58,45,16,16,40,21,45,45,69,73,73,73,73,73,0],"items_purged":["Doubt","Regret"],"gold":372,"score":257,"play_id":"87c5a994-0014-4f7a-b371-3ab7d36d82bc","local_time":"20180607104616","is_prod":false,"is_daily":false,"chose_seed":false,"is_ascension_mode":false,"campfire_upgraded":2,"win_rate":0,"timestamp":1528382776,"campfire_choices":[{"floor":10,"key":"REST"},{"floor":15,"key":"REST"},{"floor":23,"key":"REST"},{"floor":25,"key":"REST"},{"floor":27,"key":"REST"},{"data":"Echo Form","floor":30,"key":"SMITH"},{"data":"Buffer","floor":32,"key":"SMITH"}],"path_taken":["M","M","?","?","M","E","M","M","T","R","$","?","E","M","R","BOSS","M","$","M","M","?","R","M","R","T","R","M","?","R","?","R","BOSS"],"build_version":"2018-05-31","seed_source_timestamp":81796915215007,"purchased_purges":2,"victory":false,"master_deck":["Strike_B","Strike_B","Strike_B","Defend_B","Defend_B","Defend_B","Zap","Dualcast","Sunder","Buffer+1","Go for the Eyes","Conserve Battery","Sweeping Beam","Core Surge","Conserve Battery","Auto Shields","Rebound","Transmutation","Self Repair","Rebound","Gash","Echo Form+1","Double Energy","FTL","Hologram","Skim","Steam","Reprogram+1","Skim+1","Gash"],"max_hp_per_floor":[75,75,75,75,75,75,75,75,82,82,82,82,82,82,82,82,82,82,82,82,82,82,82,82,82,82,82,82,82,82,82,82,82],"relics":["Cracked Core","Dream Catcher","Vajra","Strawberry","Anchor","Nuclear Battery","Smiling Mask","Meat on the Bone"],"card_choices":[{"not_picked":["Steam Power","Undo"],"picked":"Go for the Eyes","floor":1},{"not_picked":["Go for the Eyes","Reinforced Body"],"picked":"Conserve Battery","floor":2},{"not_picked":["Stack","Turbo"],"picked":"Sweeping Beam","floor":5},{"not_picked":["Stack","Skim"],"picked":"Core Surge","floor":6},{"not_picked":["Cold Snap","Blizzard"],"picked":"Conserve Battery","floor":7},{"not_picked":["Capacitor","Turbo"],"picked":"Auto Shields","floor":8},{"not_picked":["Chill","Redo"],"picked":"Rebound","floor":10},{"not_picked":["Hello World","Hologram"],"picked":"Self Repair","floor":13},{"not_picked":["Meteor Strike","Hologram"],"picked":"Rebound","floor":14},{"not_picked":["Cold Snap","Coolheaded"],"picked":"Gash","floor":15},{"not_picked":["Fission","Multi-Cast"],"picked":"Echo Form","floor":16},{"not_picked":["Coolheaded","Recycle"],"picked":"Double Energy","floor":18},{"not_picked":["Blizzard","Cold Snap"],"picked":"Hologram","floor":20},{"not_picked":["Heatsinks+1","Compile Driver","Static Discharge+1"],"picked":"SKIP","floor":21},{"not_picked":["Self Repair","Darkness"],"picked":"Skim","floor":23},{"not_picked":["Turbo","Static Discharge"],"picked":"Steam","floor":24},{"not_picked":["Hologram+1","Sunder"],"picked":"Reprogram+1","floor":25},{"not_picked":["Barrage","Reprogram"],"picked":"Skim+1","floor":27},{"not_picked":["Conserve Battery","Hologram"],"picked":"Gash","floor":28}],"player_experience":72773,"potions_floor_usage":[6,16,16,16,20,21],"damage_taken":[{"damage":5,"enemies":"2 Louse","floor":1,"turns":2},{"damage":0,"enemies":"Small Slimes","floor":2,"turns":3},{"damage":12,"enemies":"Jaw Worm","floor":5,"turns":4},{"damage":22,"enemies":"Lagavulin","floor":6,"turns":8},{"damage":10,"enemies":"Looter","floor":7,"turns":2},{"damage":0,"enemies":"3 Louse","floor":8,"turns":2},{"damage":18,"enemies":"Gremlin Nob","floor":13,"turns":4},{"damage":16,"enemies":"Gremlin Gang","floor":14,"turns":4},{"damage":32,"enemies":"Slime Boss","floor":16,"turns":12},{"damage":24,"enemies":"Spheric Guardian","floor":18,"turns":5},{"damage":17,"enemies":"2 Thieves","floor":20,"turns":4},{"damage":29,"enemies":"Centurion and Healer","floor":21,"turns":7},{"damage":26,"enemies":"Slaver and Parasite","floor":24,"turns":6},{"damage":10,"enemies":"3 Cultists","floor":28,"turns":5},{"damage":94,"enemies":"Collector","floor":33,"turns":11}],"relics_obtained":[{"floor":6,"key":"Vajra"},{"floor":9,"key":"Strawberry"},{"floor":13,"key":"Anchor"},{"floor":26,"key":"Smiling Mask"}],"event_choices":[{"event_name":"Big Fish","player_choice":"Box","floor":3,"damage_taken":0},{"event_name":"Liars Game","player_choice":"agreed","floor":4,"damage_taken":0},{"event_name":"Golden Wing","player_choice":"Gained Gold","floor":12,"damage_taken":0},{"event_name":"Golden Shrine","player_choice":"Pray","floor":22,"damage_taken":0},{"event_name":"Back to Basics","player_choice":"Elegance","floor":29,"damage_taken":0},{"event_name":"The Mausoleum","player_choice":"Yes","floor":31,"damage_taken":0}],"boss_relics":[{"not_picked":["Runic Dome","Cursed Key"],"picked":"Nuclear Battery"}],"items_purged_floors":[11,19],"potions_floor_spawned":[2,5,13,14,18,20],"seed_played":"3559843209260112000","killed_by":"Collector","ascension_level":0,"potions_obtained":[{"floor":2,"key":"Strength Potion"},{"floor":5,"key":"Strength Potion"},{"floor":13,"key":"SteroidPotion"},{"floor":14,"key":"GamblersBrew"},{"floor":18,"key":"SkillPotion"},{"floor":20,"key":"Swift Potion"}],"is_trial":false}