{"gold_per_floor":[110,128,128,30,43,43,74,74,151,179,195,205,205,205,205,281,281,299,319,26,46,46,46,72,88,88,88,61,61,93,93,93,93],"floor_reached":33,"playtime":1203,"items_purged":[],"score":478,"play_id":"67782d56-8754-46b0-aadf-ffc6f59c4884","local_time":"20180714103226","daily_mods":["Binary"],"is_ascension_mode":true,"campfire_choices":[{"data":"Hello World","floor":6.0,"key":"SMITH"},{"data":"Ball Lightning","floor":8.0,"key":"SMITH"},{"floor":15.0,"key":"REST"},{"floor":23.0,"key":"REST"},{"floor":27.0,"key":"REST"},{"floor":29,"key":"REST"},{"floor":32,"key":"REST"}],"neow_cost":"","seed_source_timestamp":0,"circlet_count":0,"master_deck":["Strike_B","Strike_B","Strike_B","Defend_B","Defend_B","Defend_B","Defend_B","Zap+1","Dualcast","AscendersBane","Ball Lightning+1","Hello World+1","Decay","Conserve Battery","Writhe"],"special_seed":0,"relics":["FrozenCore","Busted Crown","Juzu Bracelet","Kunai","Bag of Marbles","Oddly Smooth Stone","Blood Vial","Anchor","Darkstone Periapt","Red Mask","Pen Nib"],"potions_floor_usage":[],"damage_taken":[{"damage":0.0,"enemies":"2 Louse","floor":1.0,"turns":2.0},{"damage":0.0,"enemies":"Cultist","floor":2.0,"turns":3.0},{"damage":2.0,"enemies":"Jaw Worm","floor":5.0,"turns":3.0},{"damage":16.0,"enemies":"3 Sentries","floor":7.0,"turns":5.0},{"damage":9.0,"enemies":"Lagavulin","floor":10.0,"turns":7.0},{"damage":8.0,"enemies":"Blue Slaver","floor":11.0,"turns":3.0},{"damage":6.0,"enemies":"Looter","floor":12.0,"turns":2.0},{"damage":23.0,"enemies":"Hexaghost","floor":16.0,"turns":9.0},{"damage":10.0,"enemies":"3 Byrds","floor":18.0,"turns":6.0},{"damage":4.0,"enemies":"Spheric Guardian","floor":19.0,"turns":6.0},{"damage":14.0,"enemies":"Slaver and Parasite","floor":21.0,"turns":6.0},{"damage":29.0,"enemies":"Gremlin Leader","floor":24.0,"turns":15.0},{"damage":8.0,"enemies":"3 Cultists","floor":25.0,"turns":6.0},{"damage":40,"floor":30,"turns":6},{"damage":69,"enemies":"Collector","floor":33,"turns":8}],"seed_played":"5403873405122003733","potions_obtained":[{"floor":5.0,"key":"FearPotion"},{"floor":12.0,"key":"FocusPotion"},{"floor":21.0,"key":"PowerPotion"}],"is_trial":true,"path_per_floor":["M","M","?","$","M","R","E","R","T","E","M","M","?","?","R","B",null,"M","M","$","M","?","R","E","M","T","R","$","R","?","?","R"],"character_chosen":"DEFECT","items_purchased":["Ball Lightning","Hello World","Oddly Smooth Stone","Blood Vial","Conserve Battery"],"campfire_rested":5,"item_purchase_floors":[4,4,20,20,28],"current_hp_per_floor":[64,64,64,64,62,62,46,46,46,37,29,23,12,12,33,10,56,46,42,42,30,30,51,24,18,18,39,39,60,22,28,51,0],"gold":93,"neow_bonus":"","is_prod":false,"is_daily":false,"chose_seed":false,"campfire_upgraded":2,"win_rate":0,"timestamp":1531589546,"path_taken":["M","M","?","$","M","R","E","R","T","E","M","M","?","?","R","BOSS","M","M","$","M","?","R","E","M","T","R","$","R","?","?","R","BOSS"],"build_version":"2018-07-13","purchased_purges":0,"victory":false,"max_hp_per_floor":[71,71,71,71,71,71,71,71,71,71,71,71,71,71,71,71,71,71,71,71,71,71,71,71,71,71,71,71,71,71,77,77,77],"card_choices":[],"player_experience":629113,"relics_obtained":[{"floor":7.0,"key":"Juzu Bracelet"},{"floor":9.0,"key":"Kunai"},{"floor":10.0,"key":"Bag of Marbles"},{"floor":24.0,"key":"Anchor"},{"floor":26.0,"key":"Darkstone Periapt"},{"floor":30,"key":"Red Mask"}],"event_choices":[{"event_name":"Purifier","player_choice":"One Purge","floor":3.0,"damage_taken":0.0},{"event_name":"Scrap Ooze","player_choice":"unsuccessful","floor":13.0,"damage_taken":11.0},{"event_name":"Living Wall","player_choice":"Grow","floor":14.0,"damage_taken":0.0},{"event_name":"Forgotten Altar","player_choice":"Smashed Altar","floor":22.0,"damage_taken":0.0},{"event_name":"Masked Bandits","player_choice":"Fought over 61 gold","floor":30,"damage_taken":0},{"event_name":"The Mausoleum","player_choice":"Yes","floor":31,"damage_taken":0}],"boss_relics":[{"not_picked":["Ectoplasm","Tiny House"],"picked":"FrozenCore"}],"items_purged_floors":[],"is_endless":false,"potions_floor_spawned":[5,12,16,21],"killed_by":"Collector","ascension_level":15}