{"gold_per_floor":[210,224,224,240,240,270,270,286,338,364,329,329,16,34,34,134,134,117,136,151,29,42,42,58,58,129,149,168,168,168,368,368,470,470,484,500,56,56,70,70,82,82,82,11,11,11,25,25,25,25],"floor_reached":50,"playtime":5227,"items_purged":["Strike_G"],"score":559,"play_id":"a932a352-6d00-4c2a-b4d1-c9b2088732ea","local_time":"20180707155309","is_ascension_mode":true,"campfire_choices":[{"floor":7,"key":"REST"},{"data":"Cloak And Dagger","floor":12,"key":"SMITH"},{"floor":15,"key":"REST"},{"floor":23,"key":"REST"},{"floor":25,"key":"REST"},{"floor":30,"key":"REST"},{"floor":32,"key":"REST"},{"data":"Footwork","floor":40,"key":"SMITH"},{"floor":42,"key":"REST"},{"floor":46,"key":"REST"},{"floor":49,"key":"REST"}],"neow_cost":"NONE","seed_source_timestamp":2037699188297400,"circlet_count":0,"master_deck":["Defend_G","Defend_G","Defend_G","Defend_G","Defend_G","Strike_G","Strike_G","Strike_G","Survivor","Neutralize+1","Cloak And Dagger+1","Acrobatics","Acrobatics","Footwork+1","Blur","Dagger Spray","Backflip","Calculated Gamble","A Thousand Cuts","Slice","Flying Knee","Flying Knee","Crippling Poison","Dagger Throw","Underhanded Strike","Slice+1","Adrenaline","Bouncing Flask","Sucker Punch","Adrenaline+1","Footwork+1","Skewer","Outmaneuver+1"],"special_seed":17719,"relics":["Ring of the Snake","Shuriken","Bag of Marbles","Lantern","The Specimen","Frozen Eye","Runic Pyramid","Mummified Hand","Velvet Choker","Toxic Egg 2","DollysMirror","Tough Bandages"],"potions_floor_usage":[6,10,16,27,33,39,41,45,50],"damage_taken":[{"damage":2,"enemies":"Jaw Worm","floor":1,"turns":4},{"damage":0,"enemies":"Small Slimes","floor":2,"turns":3},{"damage":9,"enemies":"2 Louse","floor":4,"turns":4},{"damage":13,"enemies":"3 Sentries","floor":6,"turns":12},{"damage":1,"enemies":"Blue Slaver","floor":8,"turns":4},{"damage":12,"enemies":"Gremlin Nob","floor":10,"turns":4},{"damage":0,"enemies":"2 Fungi Beasts","floor":14,"turns":2},{"damage":17,"enemies":"Slime Boss","floor":16,"turns":10},{"damage":21,"enemies":"2 Thieves","floor":18,"turns":4},{"damage":15,"enemies":"Spheric Guardian","floor":19,"turns":5},{"damage":0,"enemies":"Snake Plant","floor":20,"turns":7},{"damage":10,"enemies":"Chosen and Byrds","floor":22,"turns":4},{"damage":29,"enemies":"Sentry and Sphere","floor":24,"turns":6},{"damage":8,"enemies":"Snecko","floor":27,"turns":5},{"damage":6,"enemies":"Chosen and Byrds","floor":28,"turns":5},{"damage":52,"enemies":"Champ","floor":33,"turns":12},{"damage":3,"enemies":"3 Shapes","floor":35,"turns":4},{"damage":8,"enemies":"3 Darklings","floor":36,"turns":4},{"damage":14,"enemies":"Flame Bruiser 2 Orb","floor":39,"turns":6},{"damage":34,"enemies":"Transient","floor":41,"turns":5},{"damage":0,"enemies":"2 Orb Walkers","floor":45,"turns":1},{"damage":2,"enemies":"Maw","floor":47,"turns":8},{"damage":84,"enemies":"Time Eater","floor":50,"turns":11}],"seed_played":"-5610983590349585426","potions_obtained":[{"floor":4,"key":"GhostInAJar"},{"floor":8,"key":"Fire Potion"},{"floor":10,"key":"Explosive Potion"},{"floor":20,"key":"LiquidBronze"},{"floor":24,"key":"SkillPotion"},{"floor":27,"key":"EssenceOfSteel"},{"floor":33,"key":"SkillPotion"},{"floor":35,"key":"SkillPotion"},{"floor":36,"key":"SteroidPotion"},{"floor":41,"key":"SmokeBomb"}],"is_trial":false,"path_per_floor":["M","M","?","M","?","E","R","M","T","E","?","R","$","M","R","B",null,"M","M","M","$","M","R","M","R","T","M","M","?","R","?","R","B",null,"M","M","$","?","M","R","M","R","T","$","E","R","M","?","R"],"character_chosen":"THE_SILENT","items_purchased":["Frozen Eye","Dagger Spray","Backflip","Flying Knee","Toxic Egg 2","DollysMirror","Skewer"],"campfire_rested":9,"item_purchase_floors":[13,13,13,21,37,37,44],"current_hp_per_floor":[68,68,68,59,41,28,49,48,48,36,53,53,53,53,70,53,70,49,34,34,34,24,45,16,37,37,29,23,23,44,44,65,13,70,67,59,59,59,45,45,11,32,32,32,32,53,51,51,70,0],"gold":25,"neow_bonus":"HUNDRED_GOLD","is_prod":false,"is_daily":false,"chose_seed":false,"campfire_upgraded":2,"win_rate":0,"timestamp":1530993189,"path_taken":["M","M","?","M","?","E","R","M","T","E","?","R","$","M","R","BOSS","M","M","M","$","M","R","M","R","T","M","M","?","R","?","R","BOSS","M","M","$","?","M","R","M","R","T","$","E","R","?","?","R","BOSS"],"build_version":"2018-07-05","purchased_purges":1,"victory":false,"max_hp_per_floor":[70,70,70,70,70,70,70,70,70,70,70,70,70,70,70,70,70,70,70,70,70,70,70,70,70,70,70,70,70,70,70,70,70,70,70,70,70,70,70,70,70,70,70,70,70,70,70,70,70,70],"card_choices":[{"not_picked":["Eviscerate","Dodge and Roll"],"picked":"Cloak And Dagger","floor":1},{"not_picked":["Underhanded Strike","Riddle With Holes"],"picked":"Acrobatics","floor":2},{"not_picked":["Choke","Burst"],"picked":"Acrobatics","floor":4},{"not_picked":["Concentrate","Storm of Steel"],"picked":"Footwork","floor":6},{"not_picked":["Catalyst","Outmaneuver","Deflect"],"picked":"SKIP","floor":8},{"not_picked":["Eviscerate","Slice"],"picked":"Blur","floor":10},{"not_picked":["Quick Slash","Acrobatics"],"picked":"Calculated Gamble","floor":14},{"not_picked":["Night Terror","Phantasmal Killer"],"picked":"A Thousand Cuts","floor":16},{"not_picked":["Prepared","Catalyst"],"picked":"Slice","floor":18},{"not_picked":["Bane","Caltrops+1","Setup"],"picked":"SKIP","floor":19},{"not_picked":["Masterful Stab+1","Acrobatics"],"picked":"Flying Knee","floor":20},{"not_picked":["Endless Agony+1","Reflex"],"picked":"Crippling Poison","floor":22},{"not_picked":["Bane","Acrobatics"],"picked":"Dagger Throw","floor":24},{"not_picked":["Quick Slash","Distraction"],"picked":"Underhanded Strike","floor":27},{"not_picked":["Infinite Blades+1","Poisoned Stab"],"picked":"Slice+1","floor":28},{"not_picked":["Envenom","Tactician"],"picked":"Adrenaline","floor":33},{"not_picked":["Prepared+1","Dodge and Roll"],"picked":"Bouncing Flask","floor":35},{"not_picked":["Dagger Throw","Reflex+1"],"picked":"Sucker Punch","floor":36},{"not_picked":["Setup+1","Deflect+1"],"picked":"Footwork","floor":39},{"not_picked":["Deadly Poison+1","PiercingWail+1","Accuracy"],"picked":"SKIP","floor":41},{"not_picked":["Poisoned Stab+1","Dagger Throw"],"picked":"Outmaneuver+1","floor":47}],"player_experience":216451,"relics_obtained":[{"floor":6,"key":"Bag of Marbles"},{"floor":9,"key":"Lantern"},{"floor":10,"key":"The Specimen"},{"floor":26,"key":"Mummified Hand"},{"floor":43,"key":"Tough Bandages"}],"event_choices":[{"event_name":"Living Wall","player_choice":"Grow","floor":3,"damage_taken":0},{"event_name":"Scrap Ooze","player_choice":"success","floor":5,"damage_taken":18},{"event_name":"The Cleric","player_choice":"Healed","floor":11,"damage_taken":0},{"event_name":"Purifier","player_choice":"One Purge","floor":29,"damage_taken":0},{"event_name":"The Joust","player_choice":"Bet on Owner","floor":31,"damage_taken":0},{"event_name":"Upgrade Shrine","player_choice":"Upgraded","floor":38,"damage_taken":0},{"event_name":"Mysterious Sphere","player_choice":"Ignore","floor":48,"damage_taken":0}],"boss_relics":[{"not_picked":["White Beast Statue","Black Star"],"picked":"Runic Pyramid"},{"not_picked":["Busted Crown","Calling Bell"],"picked":"Velvet Choker"}],"items_purged_floors":[21],"is_endless":false,"potions_floor_spawned":[4,8,10,20,24,27,33,35,36,41],"killed_by":"Time Eater","ascension_level":1}