{"gold_per_floor":[110,126,126,149,168,168,206,206,281,116,131,131,152,192,192,288,288,303,317,332,332,356,356,281,281],"floor_reached":25,"playtime":1375,"items_purged":["Strike_B"],"score":430,"play_id":"183acd3e-dd39-462a-a48e-3d4ab44d366c","local_time":"20190827171120","is_ascension_mode":true,"campfire_choices":[{"data":"Zap","floor":6,"key":"SMITH"},{"floor":15,"key":"REST"},{"floor":23,"key":"REST"}],"neow_cost":"NONE","seed_source_timestamp":851285816434200,"circlet_count":0,"master_deck":["AscendersBane","Strike_B","Strike_B","Defend_B","Defend_B","Defend_B","Defend_B","Zap+1","Dualcast","Compile Driver","Conserve Battery","Barrage","Auto Shields","Cold Snap","Loop+1","Steam","Go for the Eyes","Darkness","Genetic Algorithm","Core Surge","Streamline","Ball Lightning+1","Leap"],"relics":["Cracked Core","NeowsBlessing","Golden Idol","Mango","Happy Flower","Matryoshka","Letter Opener","Cursed Key"],"potions_floor_usage":[7,14,16,25],"damage_taken":[{"damage":0,"enemies":"2 Louse","floor":1,"turns":1},{"damage":0,"enemies":"Jaw Worm","floor":2,"turns":1},{"damage":0,"enemies":"Cultist","floor":4,"turns":1},{"damage":4,"enemies":"Blue Slaver","floor":5,"turns":4},{"damage":32,"enemies":"Gremlin Nob","floor":7,"turns":4},{"damage":9,"enemies":"3 Louse","floor":11,"turns":4},{"damage":6,"enemies":"Looter","floor":13,"turns":3},{"damage":11,"enemies":"Lagavulin","floor":14,"turns":6},{"damage":5,"enemies":"Hexaghost","floor":16,"turns":7},{"damage":11,"enemies":"2 Thieves","floor":18,"turns":5},{"damage":2,"enemies":"Chosen","floor":19,"turns":4},{"damage":16,"enemies":"Snecko","floor":20,"turns":5},{"damage":7,"enemies":"Centurion and Healer","floor":22,"turns":5},{"damage":60,"enemies":"Gremlin Leader","floor":25,"turns":4}],"seed_played":"489387734644060372","potions_obtained":[{"floor":1,"key":"Explosive Potion"},{"floor":2,"key":"LiquidBronze"},{"floor":13,"key":"SpeedPotion"},{"floor":14,"key":"Energy Potion"},{"floor":16,"key":"SteroidPotion"}],"is_trial":false,"path_per_floor":["M","M","?","M","M","R","E","?","T","$","M","?","M","E","R","B",null,"M","M","M","?","M","R","?","E"],"character_chosen":"DEFECT","items_purchased":["Loop","Steam"],"campfire_rested":2,"item_purchase_floors":[10,10],"current_hp_per_floor":[64,64,64,64,60,60,42,31,31,31,22,22,16,5,28,23,64,53,51,35,35,28,51,51,0],"gold":281,"neow_bonus":"THREE_ENEMY_KILL","is_prod":false,"is_daily":false,"chose_seed":false,"campfire_upgraded":1,"win_rate":0,"timestamp":1566940280,"path_taken":["M","M","?","M","M","R","E","?","T","?","M","?","M","E","R","BOSS","M","M","?","?","M","R","?","E"],"build_version":"2019-07-17","purchased_purges":1,"victory":false,"max_hp_per_floor":[71,71,64,64,64,64,78,78,78,78,78,78,78,78,78,78,78,78,78,78,78,78,78,78,78],"card_choices":[{"not_picked":["Tempest","Beam Cell"],"picked":"Compile Driver","floor":1},{"not_picked":["Steam","Heatsinks"],"picked":"Conserve Battery","floor":2},{"not_picked":["Skim","Steam Power"],"picked":"Barrage","floor":4},{"not_picked":["Multi-Cast","Self Repair"],"picked":"Auto Shields","floor":5},{"not_picked":["Go for the Eyes","Multi-Cast"],"picked":"Cold Snap","floor":7},{"not_picked":["Barrage","Gash"],"picked":"Go for the Eyes","floor":11},{"not_picked":["Coolheaded","BootSequence"],"picked":"Darkness","floor":13},{"not_picked":["Sweeping Beam","Compile Driver"],"picked":"Genetic Algorithm","floor":14},{"not_picked":["Thunder Strike","Fission"],"picked":"Core Surge","floor":16},{"not_picked":["Lockon","Sweeping Beam"],"picked":"Streamline","floor":18},{"not_picked":["Steam Power+1","Recycle"],"picked":"Ball Lightning+1","floor":19},{"not_picked":["Sweeping Beam","Steam","Turbo"],"picked":"SKIP","floor":20},{"not_picked":["Cold Snap","Storm"],"picked":"Leap","floor":22}],"player_experience":2704037,"relics_obtained":[{"floor":7,"key":"Mango"},{"floor":9,"key":"Matryoshka"},{"floor":14,"key":"Letter Opener"}],"event_choices":[{"damage_healed":0,"gold_gain":0,"player_choice":"Lose Max HP","damage_taken":0,"relics_obtained":["Golden Idol"],"max_hp_gain":0,"max_hp_loss":7,"event_name":"Golden Idol","floor":3,"gold_loss":0},{"damage_healed":0,"gold_gain":0,"player_choice":"Success","damage_taken":11,"relics_obtained":["Happy Flower"],"max_hp_gain":0,"max_hp_loss":0,"event_name":"Scrap Ooze","floor":8,"gold_loss":0},{"damage_healed":0,"gold_gain":0,"player_choice":"Upgraded","damage_taken":0,"max_hp_gain":0,"max_hp_loss":0,"event_name":"Upgrade Shrine","floor":12,"gold_loss":0,"cards_upgraded":["Loop"]},{"damage_healed":0,"gold_gain":0,"player_choice":"Ignored","damage_taken":0,"max_hp_gain":0,"max_hp_loss":0,"event_name":"The Mausoleum","floor":21,"gold_loss":0},{"cards_removed":["Strike_B"],"damage_healed":0,"gold_gain":0,"player_choice":"Gave Gold","damage_taken":0,"max_hp_gain":0,"max_hp_loss":0,"event_name":"Beggar","floor":24,"gold_loss":75}],"is_beta":false,"boss_relics":[{"not_picked":["Lizard Tail","White Beast Statue"],"picked":"Cursed Key"}],"items_purged_floors":[10],"is_endless":false,"potions_floor_spawned":[1,2,13,14,16,19,22],"killed_by":"Gremlin Leader","ascension_level":20}