{"gold_per_floor":[113,113,64,80,99,99,117,149,149,149,178,103,103,113,113,218,268,280,379,398,398,409,409,437,437,437,463,483,483,483,502,502,606,606,626,626,53,66,66,66,18,18,18,31,31,31,31,44,44,44],"floor_reached":51,"playtime":2807,"items_purged":["Strike_B"],"score":693,"play_id":"ce442606-b757-43eb-af58-7803044fcda8","local_time":"20180821153228","is_ascension_mode":false,"campfire_choices":[{"data":"Defragment","floor":6,"key":"SMITH"},{"floor":10,"key":"REST"},{"data":"Zap","floor":13,"key":"SMITH"},{"floor":15,"key":"REST"},{"floor":23,"key":"REST"},{"data":"Defragment","floor":25,"key":"SMITH"},{"floor":30,"key":"REST"},{"floor":32,"key":"REST"},{"data":"Mayhem","floor":40,"key":"SMITH"},{"data":"Turbo","floor":42,"key":"SMITH"},{"data":"Defragment","floor":45,"key":"SMITH"},{"floor":47,"key":"REST"},{"data":"Electrodynamics","floor":49,"key":"SMITH"}],"neow_cost":"NONE","seed_source_timestamp":350276629517872,"circlet_count":0,"master_deck":["Strike_B","Strike_B","Strike_B","Defend_B","Defend_B","Defend_B","Defend_B","Zap+1","Dualcast+1","Rip and Tear+1","Coolheaded","Defragment+1","Conserve Battery","Compile Driver","Ball Lightning","Conserve Battery","Electrodynamics+1","Cold Snap+1","Defragment+1","Auto Shields","Cold Snap+1","Recycle+1","Turbo+1","Defragment+1","Biased Cognition","Mayhem+1","Rebound+1","Madness","Turbo+1"],"relics":["Cracked Core","Happy Flower","Ice Cream","Molten Egg 2","Meat on the Bone","Tiny House","Strawberry","Letter Opener","Ornamental Fan","Enchiridion","Inserter","Toolbox","Anchor","Calipers","Thread and Needle"],"potions_floor_usage":[8,24,27,33,33,39,50,50],"damage_taken":[{"damage":8,"enemies":"Jaw Worm","floor":1,"turns":3},{"damage":3,"enemies":"2 Louse","floor":4,"turns":2},{"damage":0,"enemies":"Small Slimes","floor":5,"turns":3},{"damage":11,"enemies":"Gremlin Gang","floor":7,"turns":4},{"damage":16,"enemies":"Gremlin Nob","floor":8,"turns":3},{"damage":14,"enemies":"Lagavulin","floor":11,"turns":5},{"damage":9,"enemies":"Exordium Wildlife","floor":14,"turns":3},{"damage":10,"enemies":"The Guardian","floor":16,"turns":11},{"damage":9,"enemies":"3 Byrds","floor":18,"turns":3},{"damage":18,"enemies":"2 Thieves","floor":20,"turns":4},{"damage":0,"enemies":"3 Cultists","floor":22,"turns":2},{"damage":3,"enemies":"Book of Stabbing","floor":24,"turns":7},{"damage":26,"enemies":"Slavers","floor":27,"turns":3},{"damage":9,"enemies":"Snake Plant","floor":28,"turns":3},{"damage":0,"enemies":"Centurion and Healer","floor":31,"turns":4},{"damage":47,"enemies":"Champ","floor":33,"turns":10},{"damage":26,"enemies":"Flame Bruiser 1 Orb","floor":35,"turns":5},{"damage":0,"enemies":"Orb Walker","floor":38,"turns":5},{"damage":0,"floor":39,"turns":5},{"damage":0,"enemies":"Sphere and 2 Shapes","floor":44,"turns":5},{"damage":0,"enemies":"Jaw Worm Horde","floor":48,"turns":4},{"damage":28,"enemies":"Donu and Deca","floor":50,"turns":7}],"seed_played":"-7695571540812791331","potions_obtained":[{"floor":7,"key":"Poison Potion"},{"floor":16,"key":"Dexterity Potion"},{"floor":17,"key":"Dexterity Potion"},{"floor":24,"key":"Weak Potion"},{"floor":31,"key":"Swift Potion"},{"floor":38,"key":"Fruit Juice"},{"floor":39,"key":"Dexterity Potion"}],"is_trial":false,"path_per_floor":["M","?","$","M","M","R","M","E","T","R","E","$","R","M","R","B",null,"M","?","M","?","M","R","E","R","T","E","M","?","R","M","R","B",null,"M","?","$","M","?","R","$","R","T","M","R","?","R","M","R","B"],"character_chosen":"DEFECT","items_purchased":["Coolheaded","Mayhem","Toolbox","Anchor","Strength Potion"],"campfire_rested":6,"item_purchase_floors":[3,37,37,37,41],"current_hp_per_floor":[67,67,67,64,64,64,53,37,37,59,45,45,45,48,70,60,80,71,71,53,58,58,80,84,84,84,58,49,33,59,59,85,50,87,61,61,61,61,66,66,66,66,66,66,66,66,92,92,92,64],"gold":44,"neow_bonus":"RANDOM_COMMON_RELIC","is_prod":false,"is_daily":false,"chose_seed":false,"campfire_upgraded":7,"win_rate":0,"timestamp":1534879948,"path_taken":["M","?","$","M","M","R","M","E","T","R","E","$","R","M","R","BOSS","M","?","M","?","M","R","E","R","T","E","?","?","R","M","R","BOSS","M","?","?","M","?","R","$","R","T","M","R","?","R","M","R","BOSS"],"build_version":"2018-08-20","purchased_purges":1,"victory":true,"max_hp_per_floor":[75,75,75,75,75,75,75,75,75,75,75,75,75,75,75,75,80,80,80,80,80,80,80,87,87,87,87,87,87,87,87,87,87,87,87,87,87,87,92,92,92,92,92,92,92,92,92,92,92,92],"card_choices":[{"not_picked":["Rebound","Force Field"],"picked":"Rip and Tear","floor":1},{"not_picked":["Conserve Battery","Leap"],"picked":"Defragment","floor":4},{"not_picked":["Turbo","Gash"],"picked":"Conserve Battery","floor":5},{"not_picked":["Rebound","Barrage"],"picked":"Compile Driver","floor":7},{"not_picked":["Compile Driver","Recycle"],"picked":"Ball Lightning","floor":8},{"not_picked":["Compile Driver+1","Rip and Tear+1"],"picked":"Conserve Battery","floor":11},{"not_picked":["Barrage+1","Reprogram","Undo"],"picked":"SKIP","floor":14},{"not_picked":["Buffer","Creative AI"],"picked":"Electrodynamics","floor":16},{"not_picked":["Leap","Blizzard+1"],"picked":"Cold Snap+1","floor":17},{"not_picked":["Beam Cell+1","Redo"],"picked":"Hologram","floor":18},{"not_picked":["Double Energy+1","Gash+1"],"picked":"Defragment","floor":20},{"not_picked":["Static Discharge+1","Gash+1"],"picked":"Auto Shields","floor":22},{"not_picked":["Force Field+1","Scrape+1"],"picked":"Cold Snap+1","floor":24},{"not_picked":["Redo","Machine Learning"],"picked":"Recycle+1","floor":27},{"not_picked":["Stack+1","Leap"],"picked":"Turbo","floor":28},{"not_picked":["Double Energy+1","Self Repair"],"picked":"Defragment","floor":31},{"not_picked":["Rainbow","All For One+1"],"picked":"Biased Cognition","floor":33},{"not_picked":["Beam Cell+1","Doom and Gloom+1","White Noise"],"picked":"SKIP","floor":35},{"not_picked":["Loop+1","Streamline+1","Redo"],"picked":"SKIP","floor":38},{"not_picked":["Go for the Eyes+1","Coolheaded"],"picked":"Rebound+1","floor":44},{"not_picked":["Thinking Ahead","Forethought"],"picked":"Madness","floor":46},{"not_picked":["Stack","Undo+1"],"picked":"Turbo+1","floor":48}],"player_experience":311243,"relics_obtained":[{"floor":8,"key":"Ice Cream"},{"floor":9,"key":"Molten Egg 2"},{"floor":11,"key":"Meat on the Bone"},{"floor":24,"key":"Strawberry"},{"floor":26,"key":"Letter Opener"},{"floor":27,"key":"Ornamental Fan"},{"floor":29,"key":"Enchiridion"},{"floor":39,"key":"Calipers"},{"floor":43,"key":"Thread and Needle"}],"event_choices":[{"event_name":"Living Wall","player_choice":"Grow","floor":2,"damage_taken":0},{"event_name":"Nest","player_choice":"Stole From Cult","floor":19,"damage_taken":0},{"event_name":"Bonfire Elementals","player_choice":"COMMON","floor":21,"damage_taken":0},{"event_name":"Cursed Tome","player_choice":"Obtained Book","floor":29,"damage_taken":0},{"event_name":"Tomb of Lord Red Mask","player_choice":"Ignored","floor":36,"damage_taken":0},{"event_name":"MindBloom","player_choice":"Fight","floor":39,"damage_taken":0},{"event_name":"SensoryStone","player_choice":"Memory 1","floor":46,"damage_taken":0}],"is_beta":true,"boss_relics":[{"not_picked":["Eternal Feather","Busted Crown"],"picked":"Tiny House"},{"not_picked":["Velvet Choker","Orrery"],"picked":"Inserter"}],"items_purged_floors":[12],"is_endless":false,"potions_floor_spawned":[7,16,24,31,38,39],"ascension_level":0}