{"gold_per_floor":[115,115,126,3,3,32,45,45],"floor_reached":8,"playtime":126,"items_purged":[],"score":162,"play_id":"1ccf2aa9-320e-405a-8d2e-de2965ce4ee2","local_time":"20190103152747","is_ascension_mode":true,"campfire_choices":[],"neow_cost":"NONE","seed_source_timestamp":47356214995901,"circlet_count":0,"master_deck":["AscendersBane","Defend_G","Defend_G","Defend_G","Defend_G","Strike_G","Strike_G","Strike_G","Strike_G","Strike_G","Survivor","Neutralize","Leg Sweep","Outmaneuver","Cloak And Dagger","Noxious Fumes","Predator","Burst","Deflect"],"relics":["Ring of the Snake","NeowsBlessing","Du-Vu Doll","Boot"],"potions_floor_usage":[8,8],"damage_taken":[{"damage":0,"enemies":"Small Slimes","floor":1,"turns":1},{"damage":0,"enemies":"Cultist","floor":3,"turns":1},{"damage":0,"enemies":"Lagavulin","floor":6,"turns":1},{"damage":0,"enemies":"2 Louse","floor":7,"turns":3},{"damage":12,"enemies":"Large Slime","floor":8,"turns":6}],"seed_played":"-4469535649428928114","potions_obtained":[{"floor":1,"key":"FearPotion"},{"floor":3,"key":"PowerPotion"}],"is_trial":false,"path_per_floor":["M","?","M","$","?","E","M","M"],"character_chosen":"THE_SILENT","items_purchased":["Noxious Fumes","Predator"],"campfire_rested":0,"item_purchase_floors":[4,4],"current_hp_per_floor":[59,59,59,59,54,54,54,42],"gold":45,"neow_bonus":"THREE_ENEMY_KILL","is_prod":false,"is_daily":false,"chose_seed":false,"campfire_upgraded":0,"win_rate":0,"timestamp":1546558067,"path_taken":["M","?","?","$","?","E","M","M"],"build_version":"2019-01-02","purchased_purges":0,"victory":false,"max_hp_per_floor":[66,66,66,66,66,66,66,66],"card_choices":[{"not_picked":["Cloak And Dagger","Skewer"],"picked":"Leg Sweep","floor":1},{"not_picked":["Outmaneuver","Prepared"],"picked":"Cloak And Dagger","floor":3},{"not_picked":["Slice","Blade Dance"],"picked":"Burst","floor":6},{"not_picked":["Acrobatics","PiercingWail"],"picked":"Deflect","floor":7}],"player_experience":1000350,"relics_obtained":[{"floor":6,"key":"Boot"}],"event_choices":[{"damage_healed":0,"gold_gain":0,"cards_transformed":["Defend_G"],"player_choice":"Transformed","damage_taken":0,"max_hp_gain":0,"max_hp_loss":0,"event_name":"Transmorgrifier","floor":2,"gold_loss":0,"cards_obtained":["Outmaneuver"]},{"damage_healed":0,"gold_gain":0,"player_choice":"Success","damage_taken":5,"relics_obtained":["Du-Vu Doll"],"max_hp_gain":0,"max_hp_loss":0,"event_name":"Scrap Ooze","floor":5,"gold_loss":0}],"is_beta":true,"boss_relics":[],"items_purged_floors":[],"is_endless":false,"potions_floor_spawned":[1,3,7],"killed_by":"Large Slime","ascension_level":20}