{"path_per_floor":["M","?","$","M","M","R","M","R","T","M","R","M","M","E","R","B",null,"M","M","M","M","M","R","M","R","T","$","M","M","M","T","R","B",null,"M","M","M","$","M","R","?","R","T","R","?","$","R","M","R","B"],"character_chosen":"IRONCLAD","items_purchased":["Corruption","Strawberry","Ancient Tea Set","Lantern"],"gold_per_floor":[110,110,43,60,78,78,91,91,146,159,159,172,186,219,219,321,321,341,361,372,386,399,399,409,409,462,91,109,122,138,161,161,259,259,276,290,301,47,62,62,62,62,139,139,139,14,14,34,34,34],"floor_reached":51,"campfire_rested":2,"playtime":6913,"current_hp_per_floor":[72,72,72,72,72,72,69,69,69,70,70,72,72,65,65,31,72,52,57,40,46,39,39,23,44,44,51,33,39,45,45,45,31,79,75,66,55,55,46,46,46,46,56,56,56,56,82,83,83,59],"items_purged":["Strike_R","Strike_R","Bash"],"gold":34,"score":457,"play_id":"fc7c3e7f-188d-492c-9958-f92c6526fc58","is_prod":false,"is_daily":false,"is_ascension_mode":false,"campfire_upgraded":10,"path_taken":["M","?","$","M","M","R","?","R","T","?","R","M","M","E","R","BOSS","M","?","M","M","M","R","M","R","T","$","M","M","M","?","R","BOSS","M","?","M","$","M","R","?","R","T","R","?","$","R","M","R","BOSS"],"build_version":"2018-02-22-PROD2","purchased_purges":3,"victory":true,"master_deck":["Strike_R","Defend_R","Defend_R","Defend_R","Defend_R","Body Slam+1","Corruption+1","True Grit+1","Feel No Pain+1","Armaments+1","Double Tap","Iron Wave","Body Slam+1","Barricade+1","Body Slam+1","True Grit+1","Pommel Strike+1","Whirlwind+1","Offering","Disarm+1","Entrench+1"],"max_hp_per_floor":[72,72,72,72,72,72,72,72,72,72,72,72,72,72,72,72,72,72,72,72,72,72,72,72,72,72,79,79,79,79,79,79,79,79,79,79,79,79,79,79,79,79,89,89,89,89,89,89,89,89],"relics":["Burning Blood","Bronze Scales","Oddly Smooth Stone","Sozu","Vajra","Strawberry","Ancient Tea Set","Happy Flower","Mark of Pain","Lantern","Pear"],"card_choices":[{"not_picked":["Wild Strike","Pommel Strike"],"picked":"Body Slam"},{"not_picked":["Heavy Blade","Clash"],"picked":"True Grit"},{"not_picked":["Wild Strike","Anger"],"picked":"Feel No Pain"},{"not_picked":["Thunderclap","Warcry"],"picked":"Armaments"},{"not_picked":["Flame Barrier","Anger"],"picked":"Double Tap"},{"not_picked":["Fire Breathing","Anger"],"picked":"Iron Wave"},{"not_picked":["Perfected Strike","Sword Boomerang"],"picked":"Body Slam"},{"not_picked":["Feed","Brutality"],"picked":"Barricade"},{"not_picked":["Iron Wave","Blood for Blood"],"picked":"Body Slam"},{"not_picked":["Perfected Strike","Rage"],"picked":"True Grit"},{"not_picked":["True Grit","Bloodletting"],"picked":"Pommel Strike"},{"not_picked":["Body Slam","Flex"],"picked":"Whirlwind"},{"not_picked":["Immolate","Feed"],"picked":"Offering"},{"not_picked":["Seeing Red","Body Slam"],"picked":"Disarm"},{"not_picked":["Sword Boomerang","Hemokinesis"],"picked":"Entrench"}],"player_experience":65875,"potions_floor_usage":[],"damage_taken":[{"damage":5.0,"enemies":"Jaw Worm","floor":1.0,"turns":6.0},{"damage":6.0,"enemies":"Cultist","floor":4.0,"turns":5.0},{"damage":4.0,"enemies":"Small Slimes","floor":5.0,"turns":4.0},{"damage":9.0,"enemies":"Blue Slaver","floor":7.0,"turns":5.0},{"damage":5.0,"enemies":"Looter","floor":10.0,"turns":3.0},{"damage":0.0,"enemies":"Large Slime","floor":12.0,"turns":6.0},{"damage":5.0,"enemies":"Blue Slaver","floor":13.0,"turns":3.0},{"damage":13.0,"enemies":"3 Sentries","floor":14.0,"turns":10.0},{"damage":40.0,"enemies":"Hexaghost","floor":16.0,"turns":8.0},{"damage":26.0,"enemies":"3 Byrds","floor":18.0,"turns":5.0},{"damage":1.0,"enemies":"Chosen","floor":19.0,"turns":6.0},{"damage":23.0,"enemies":"Centurion and Healer","floor":20.0,"turns":7.0},{"damage":0.0,"enemies":"Snecko","floor":21.0,"turns":4.0},{"damage":13.0,"enemies":"Cultist and Chosen","floor":22.0,"turns":7.0},{"damage":22.0,"enemies":"Centurion and Healer","floor":24.0,"turns":6.0},{"damage":24.0,"enemies":"Snake Plant","floor":28.0,"turns":4.0},{"damage":0.0,"enemies":"Snecko","floor":29.0,"turns":5.0},{"damage":0.0,"enemies":"Chosen and Byrds","floor":30.0,"turns":5.0},{"damage":20.0,"enemies":"Collector","floor":33.0,"turns":9.0},{"damage":10.0,"enemies":"3 Shapes","floor":35.0,"turns":3.0},{"damage":15.0,"enemies":"Orb Walker","floor":36.0,"turns":4.0},{"damage":17.0,"enemies":"Sphere and 2 Shapes","floor":37.0,"turns":4.0},{"damage":15.0,"enemies":"3 Darklings","floor":39.0,"turns":7.0},{"damage":5.0,"enemies":"Maw","floor":48.0,"turns":6.0},{"damage":30,"enemies":"Time Eater","floor":50,"turns":9}],"event_choices":[{"event_name":"The Lab","player_choice":"Got Potions","floor":2.0,"damage_taken":0.0},{"event_name":"Mysterious Sphere","player_choice":"Ignore","floor":41.0,"damage_taken":0.0},{"event_name":"Tomb of Lord Red Mask","player_choice":"Ignored","floor":45.0,"damage_taken":0.0}],"boss_relics":[],"potions_floor_spawned":[4,7,10,16,19,22,24,28,36,39,48],"seed_played":"1305747155592268749","ascension_level":0,"is_trial":false}