{"gold_per_floor":[363,363,438,452,31,57,57,392,443,443,454,454,473,490,490,587,587,600,371,383,398,413,445,464,498,525,525,558,243,243,269,269,269],"floor_reached":33,"playtime":1292,"items_purged":["Decay","Defend_R"],"score":561,"play_id":"d39f82a6-0565-4b72-a75a-8637211021a9","local_time":"20190827202310","is_ascension_mode":true,"campfire_choices":[{"data":"Searing Blow+1","floor":7,"key":"SMITH"},{"floor":12,"key":"REST"},{"data":"Searing Blow+2","floor":15,"key":"SMITH"},{"data":"Searing Blow+3","floor":30,"key":"SMITH"},{"data":"Searing Blow+4","floor":32,"key":"SMITH"}],"neow_cost":"PERCENT_DAMAGE","seed_source_timestamp":632894696742100,"circlet_count":0,"master_deck":["Defend_R","Defend_R","Defend_R","Bash","Searing Blow+5","Flame Barrier","Sadistic Nature","Evolve","Double Tap","Whirlwind","Clothesline","Feed","Shrug It Off+1","Disarm","Sword Boomerang+1","Twin Strike+1","Spot Weakness+1","Evolve","Warcry+1","Bite","Bite","Bite","Bite","Bite","Shrug It Off","Disarm"],"relics":["Burning Blood","Mercury Hourglass","Pen Nib","Old Coin","Boot","Mark of Pain","Potion Belt","Bag of Preparation","Shuriken","Tiny Chest","Matryoshka"],"potions_floor_usage":[6,8,20,23,25,25,25,31,33,33],"damage_taken":[{"damage":9,"enemies":"Jaw Worm","floor":1,"turns":6},{"damage":1,"enemies":"Cultist","floor":4,"turns":3},{"damage":19,"enemies":"3 Sentries","floor":6,"turns":8},{"damage":26,"enemies":"Gremlin Nob","floor":8,"turns":4},{"damage":2,"enemies":"Small Slimes","floor":11,"turns":3},{"damage":11,"enemies":"Exordium Thugs","floor":13,"turns":3},{"damage":3,"enemies":"Looter","floor":14,"turns":3},{"damage":19,"enemies":"Slime Boss","floor":16,"turns":10},{"damage":23,"enemies":"Spheric Guardian","floor":18,"turns":4},{"damage":0,"enemies":"Chosen","floor":20,"turns":4},{"damage":0,"enemies":"Centurion and Healer","floor":21,"turns":6},{"damage":0,"enemies":"Cultist and Chosen","floor":22,"turns":5},{"damage":15,"enemies":"Book of Stabbing","floor":23,"turns":3},{"damage":19,"enemies":"Chosen and Byrds","floor":24,"turns":3},{"damage":7,"enemies":"Slavers","floor":25,"turns":3},{"damage":26,"enemies":"Gremlin Leader","floor":28,"turns":7},{"damage":23,"enemies":"Slavers","floor":31,"turns":7},{"damage":91,"enemies":"Collector","floor":33,"turns":7}],"seed_played":"304341861173469404","potions_obtained":[{"floor":1,"key":"Energy Potion"},{"floor":4,"key":"Dexterity Potion"},{"floor":11,"key":"Strength Potion"},{"floor":18,"key":"Fire Potion"},{"floor":21,"key":"Fire Potion"},{"floor":23,"key":"Strength Potion"},{"floor":24,"key":"Swift Potion"},{"floor":25,"key":"Swift Potion"}],"is_trial":false,"path_per_floor":["M","?","?","M","$","E","R","E","T","?","M","R","M","M","R","B",null,"M","$","M","M","M","E","M","E","T","?","E","$","R","E","R","B"],"character_chosen":"IRONCLAD","items_purchased":["Sadistic Nature","Mercury Hourglass","Disarm","Regen Potion","Tiny Chest","Shrug It Off","Regen Potion"],"campfire_rested":1,"item_purchase_floors":[5,5,19,19,29,29,29],"current_hp_per_floor":[48,48,40,45,45,32,32,12,12,12,16,40,35,38,38,25,66,49,49,70,79,88,79,66,68,68,68,63,63,63,74,74,0],"gold":269,"neow_bonus":"TWO_FIFTY_GOLD","is_prod":false,"is_daily":false,"chose_seed":false,"campfire_upgraded":4,"win_rate":0,"timestamp":1566904990,"path_taken":["M","?","?","?","$","E","R","E","T","?","M","R","M","M","R","BOSS","M","$","M","?","M","E","M","E","T","?","E","$","R","E","R","BOSS"],"build_version":"2019-07-17","purchased_purges":2,"victory":false,"max_hp_per_floor":[80,80,80,80,80,80,80,80,80,80,80,80,80,80,80,80,80,80,80,83,86,89,89,89,92,92,92,95,95,95,98,98,98],"card_choices":[{"not_picked":["Fire Breathing","Havoc"],"picked":"Searing Blow","floor":1},{"not_picked":["Sword Boomerang","Havoc"],"picked":"Flame Barrier","floor":4},{"not_picked":["Body Slam","Headbutt"],"picked":"Evolve","floor":6},{"not_picked":["Seeing Red","Feel No Pain"],"picked":"Double Tap","floor":8},{"not_picked":["Burning Pact","Spot Weakness"],"picked":"Whirlwind","floor":11},{"not_picked":["Metallicize","Iron Wave"],"picked":"Clothesline","floor":13},{"not_picked":["Flex","Rupture","Rage"],"picked":"SKIP","floor":14},{"not_picked":["Demon Form","Double Tap"],"picked":"Feed","floor":16},{"not_picked":["Heavy Blade","Spot Weakness"],"picked":"Shrug It Off+1","floor":18},{"not_picked":["Entrench+1","Perfected Strike","Flex"],"picked":"SKIP","floor":20},{"not_picked":["Armaments","Anger"],"picked":"Sword Boomerang+1","floor":21},{"not_picked":["Fiend Fire","True Grit"],"picked":"Twin Strike+1","floor":22},{"not_picked":["Shrug It Off","Feel No Pain+1"],"picked":"Spot Weakness+1","floor":23},{"not_picked":["Entrench","Wild Strike"],"picked":"Evolve","floor":24},{"not_picked":["Flex","True Grit+1"],"picked":"Warcry+1","floor":25},{"not_picked":["Warcry","Havoc","Heavy Blade"],"picked":"SKIP","floor":28},{"not_picked":["Thunderclap+1","Entrench"],"picked":"Disarm","floor":31}],"player_experience":265479,"relics_obtained":[{"floor":6,"key":"Pen Nib"},{"floor":8,"key":"Old Coin"},{"floor":9,"key":"Boot"},{"floor":23,"key":"Potion Belt"},{"floor":25,"key":"Bag of Preparation"},{"floor":26,"key":"Blood Vial"},{"floor":28,"key":"Shuriken"},{"floor":31,"key":"Matryoshka"}],"event_choices":[{"damage_healed":0,"gold_gain":0,"player_choice":"Grow","damage_taken":0,"max_hp_gain":0,"max_hp_loss":0,"event_name":"Living Wall","floor":2,"gold_loss":0,"cards_upgraded":["Searing Blow"]},{"damage_healed":0,"gold_gain":75,"player_choice":"Touch","damage_taken":8,"max_hp_gain":0,"max_hp_loss":0,"event_name":"FaceTrader","floor":3,"gold_loss":0},{"damage_healed":0,"gold_gain":0,"player_choice":"Cursed","damage_taken":0,"max_hp_gain":0,"max_hp_loss":0,"event_name":"Wheel of Change","floor":10,"gold_loss":0,"cards_obtained":["Decay"]},{"damage_healed":0,"gold_gain":0,"player_choice":"Became a vampire (Vial)","damage_taken":0,"max_hp_gain":0,"max_hp_loss":0,"event_name":"Vampires","floor":27,"relics_lost":["Blood Vial"],"gold_loss":0,"cards_obtained":["Bite","Bite","Bite","Bite","Bite"]}],"is_beta":false,"boss_relics":[{"not_picked":["Snecko Eye","Runic Cube"],"picked":"Mark of Pain"}],"items_purged_floors":[19,29],"is_endless":false,"potions_floor_spawned":[1,4,11,18,21,23,24,25],"killed_by":"Collector","ascension_level":9}