{"gold_per_floor":[111,129,129,38,57,57,82,1,1,1,1,1,36,56,56,131,131,145,145,1,1,20,20,20,46,73,87,87,87,137,153,153,153],"floor_reached":33,"playtime":1146,"items_purged":["Strike_B"],"score":499,"play_id":"4bfd6e78-5028-4542-98bf-bf7982e5f4ae","local_time":"20180806002735","is_ascension_mode":true,"campfire_choices":[{"data":"Discovery","floor":6.0,"key":"SMITH"},{"data":"Capacitor","floor":10.0,"key":"SMITH"},{"floor":15.0,"key":"REST"},{"data":"Hello World","floor":23,"key":"SMITH"},{"floor":28,"key":"REST"},{"floor":32,"key":"REST"}],"neow_cost":"NONE","seed_source_timestamp":0,"circlet_count":0,"master_deck":["Strike_B","Strike_B","Strike_B","Defend_B","Defend_B","Defend_B","Defend_B","Zap","Dualcast","AscendersBane","Redo","FTL","Discovery+1","Glacier","Electrodynamics","Capacitor+1","Amplify","Gash","Echo Form","Conserve Battery","Hello World+1","White Noise","Gash","White Noise+1","Blizzard","Cold Snap+1"],"special_seed":0,"relics":["White Beast Statue","FaceOfCleric","Torii","Nunchaku","Mango","Velvet Choker","Juzu Bracelet","Bronze Scales"],"potions_floor_usage":[25,31,31,33],"damage_taken":[{"damage":6.0,"enemies":"2 Louse","floor":1.0,"turns":3.0},{"damage":5.0,"enemies":"Cultist","floor":2.0,"turns":5.0},{"damage":0.0,"enemies":"Small Slimes","floor":5.0,"turns":2.0},{"damage":14.0,"enemies":"3 Sentries","floor":7.0,"turns":9.0},{"damage":38.0,"enemies":"Gremlin Nob","floor":13.0,"turns":6.0},{"damage":3.0,"enemies":"Red Slaver","floor":14.0,"turns":7.0},{"damage":40.0,"enemies":"Hexaghost","floor":16.0,"turns":12.0},{"damage":11.0,"enemies":"Chosen","floor":18.0,"turns":7.0},{"damage":1,"enemies":"3 Byrds","floor":22,"turns":2},{"damage":53,"enemies":"Slavers","floor":25,"turns":5},{"damage":1,"enemies":"Snecko","floor":27,"turns":6},{"damage":18,"enemies":"3 Cultists","floor":31,"turns":5},{"damage":51,"enemies":"Collector","floor":33,"turns":5}],"seed_played":"1864867761989489471","potions_obtained":[{"floor":1.0,"key":"Poison Potion"},{"floor":2.0,"key":"SpeedPotion"},{"floor":5.0,"key":"Energy Potion"},{"floor":7.0,"key":"SteroidPotion"},{"floor":13.0,"key":"Strength Potion"},{"floor":14.0,"key":"Block Potion"},{"floor":16.0,"key":"GamblersBrew"},{"floor":25,"key":"Swift Potion"},{"floor":31,"key":"FocusPotion"}],"is_trial":false,"path_per_floor":["M","M","?","$","M","R","E","$","T","R","?","?","E","M","R","B",null,"M","?","$","?","M","R","$","E","T","M","R","?","?","M","R"],"character_chosen":"DEFECT","items_purchased":["Discovery","Capacitor","White Noise"],"campfire_rested":3,"item_purchase_floors":[4,8,20],"current_hp_per_floor":[58,53,53,53,54,54,41,41,41,41,41,41,18,16,42,3,68,58,58,58,58,58,58,58,6,6,6,34,34,34,17,45,0],"gold":153,"neow_bonus":"BOSS_RELIC","is_prod":false,"is_daily":false,"chose_seed":false,"campfire_upgraded":3,"win_rate":0,"timestamp":1533540455,"path_taken":["M","M","?","$","M","R","E","$","T","R","?","?","E","?","R","BOSS","M","?","$","?","M","R","?","E","T","M","R","?","?","M","R","BOSS"],"build_version":"2018-08-01","purchased_purges":1,"victory":false,"max_hp_per_floor":[71,71,71,71,72,72,73,73,73,73,73,73,88,89,89,90,90,91,91,91,91,92,92,92,93,93,94,94,94,94,95,95,95],"card_choices":[{"not_picked":["Barrage","Steam"],"picked":"Redo","floor":1.0},{"not_picked":["Recycle","Conserve Battery"],"picked":"FTL","floor":2.0},{"not_picked":["Leap","Skim"],"picked":"Glacier","floor":5.0},{"not_picked":["Hologram","Force Field"],"picked":"Electrodynamics","floor":7.0},{"not_picked":["Storm","Compile Driver"],"picked":"Amplify","floor":13.0},{"not_picked":["Beam Cell","Turbo"],"picked":"Gash","floor":14.0},{"not_picked":["Rainbow","Amplify"],"picked":"Echo Form","floor":16.0},{"not_picked":["Sweeping Beam","Cold Snap"],"picked":"Conserve Battery","floor":18.0},{"not_picked":["Scrape","Redo"],"picked":"Gash","floor":22},{"not_picked":["Barrage","Doom and Gloom"],"picked":"White Noise+1","floor":25},{"not_picked":["Recycle","Darkness+1"],"picked":"Blizzard","floor":27},{"not_picked":["Compile Driver","Streamline"],"picked":"Cold Snap+1","floor":31}],"player_experience":746392,"relics_obtained":[{"floor":7.0,"key":"Torii"},{"floor":9.0,"key":"Nunchaku"},{"floor":13.0,"key":"Mango"},{"floor":25,"key":"Juzu Bracelet"},{"floor":26,"key":"Bronze Scales"}],"event_choices":[{"event_name":"FaceTrader","player_choice":"Trade","floor":3.0,"damage_taken":0.0},{"event_name":"Liars Game","player_choice":"disagreed","floor":11.0,"damage_taken":0.0},{"event_name":"Shining Light","player_choice":"Ignored","floor":12.0,"damage_taken":0.0},{"event_name":"The Library","player_choice":"Read","floor":19.0,"damage_taken":0.0},{"event_name":"Ghosts","player_choice":"Ignored","floor":21,"damage_taken":0},{"event_name":"The Lab","player_choice":"Got Potions","floor":29,"damage_taken":0},{"event_name":"The Joust","player_choice":"Bet on Murderer","floor":30,"damage_taken":0}],"is_beta":true,"boss_relics":[{"not_picked":["Calling Bell","Coffee Dripper"],"picked":"Velvet Choker"}],"items_purged_floors":[20],"is_endless":false,"potions_floor_spawned":[1,2,5,7,13,14,16,18,22,25,27,31],"killed_by":"Collector","ascension_level":15}