{"gold_per_floor":[114,128,128,145,46,72,72,72,119,131,131,143,143,171,171,274,274,286,286,5,21,33,66,66,97,97,97,97,108,126,126,126,222,222,232,232,250,250,268,268,287,316,616,616,631,631,643,94,94,94],"floor_reached":51,"playtime":4395,"items_purged":["Strike_G","Strike_G","Strike_G"],"score":677,"play_id":"f3ed7c78-a6cf-4cce-8853-eebe69363468","local_time":"20180628131037","is_ascension_mode":false,"campfire_choices":[{"data":"Backflip","floor":7,"key":"SMITH"},{"floor":11,"key":"REST"},{"data":"Calculated Gamble","floor":13,"key":"SMITH"},{"floor":15,"key":"REST"},{"floor":24,"key":"REST"},{"floor":28,"key":"REST"},{"floor":32,"key":"REST"},{"data":"A Thousand Cuts","floor":40,"key":"SMITH"},{"data":"Dash","floor":44,"key":"SMITH"},{"data":"Quick Slash","floor":46,"key":"SMITH"},{"data":"Dagger Spray","floor":49,"key":"SMITH"}],"neow_cost":"NONE","seed_source_timestamp":1263284270086138,"circlet_count":0,"master_deck":["Defend_G","Defend_G","Defend_G","Defend_G","Defend_G","Strike_G","Survivor","Neutralize+1","Riddle With Holes+1","Infinite Blades","Backflip+1","Quick Slash+1","Blur","Dagger Throw","Calculated Gamble+1","Doppelganger","Acrobatics","Dagger Spray+1","Enlightenment","PiercingWail","Flechettes+1","A Thousand Cuts+1","Dagger Throw+1","Dash+1","Riddle With Holes+1","Predator","Bullet Time","Acrobatics+1","Dagger Spray+1","Dagger Throw+1"],"relics":["Ring of the Snake","Bag of Marbles","Orichalcum","The Courier","Snecko Eye","Mummified Hand","Anchor","Letter Opener","Busted Crown","Oddly Smooth Stone","Old Coin","Bottled Tornado","Pantograph"],"potions_floor_usage":[2,21,25,33,33,42,50,50,50],"damage_taken":[{"damage":3,"enemies":"Jaw Worm","floor":1,"turns":7},{"damage":1,"enemies":"2 Louse","floor":2,"turns":3},{"damage":0,"enemies":"Cultist","floor":4,"turns":3},{"damage":22,"enemies":"3 Sentries","floor":6,"turns":8},{"damage":6,"enemies":"Exordium Thugs","floor":10,"turns":4},{"damage":4,"enemies":"Blue Slaver","floor":12,"turns":2},{"damage":14,"enemies":"Lagavulin","floor":14,"turns":7},{"damage":54,"enemies":"Hexaghost","floor":16,"turns":16},{"damage":5,"enemies":"Chosen","floor":18,"turns":2},{"damage":5,"enemies":"2 Thieves","floor":21,"turns":4},{"damage":21,"enemies":"3 Cultists","floor":22,"turns":6},{"damage":24,"enemies":"Slavers","floor":23,"turns":7},{"damage":25,"enemies":"Book of Stabbing","floor":25,"turns":7},{"damage":9,"enemies":"Centurion and Healer","floor":29,"turns":5},{"damage":0,"enemies":"Snecko","floor":30,"turns":2},{"damage":51,"enemies":"Collector","floor":33,"turns":10},{"damage":0,"enemies":"3 Darklings","floor":35,"turns":4},{"damage":0,"enemies":"Orb Walker","floor":37,"turns":2},{"damage":2,"enemies":"Maw","floor":39,"turns":6},{"damage":0,"enemies":"3 Darklings","floor":41,"turns":5},{"damage":8,"enemies":"Nemesis","floor":42,"turns":3},{"damage":0,"enemies":"Sphere and 2 Shapes","floor":45,"turns":2},{"damage":0,"enemies":"Maw","floor":47,"turns":6},{"damage":42,"enemies":"Donu and Deca","floor":50,"turns":8}],"seed_played":"2977510599521007128","potions_obtained":[{"floor":1,"key":"Fruit Juice"},{"floor":16,"key":"Swift Potion"},{"floor":23,"key":"Strength Potion"},{"floor":25,"key":"Dexterity Potion"},{"floor":29,"key":"SpeedPotion"},{"floor":33,"key":"Strength Potion"},{"floor":41,"key":"Dexterity Potion"},{"floor":42,"key":"Strength Potion"},{"floor":47,"key":"Swift Potion"}],"is_trial":false,"path_per_floor":["M","M","?","M","$","E","R","?","T","M","R","M","R","E","R","B",null,"M","?","$","M","M","E","R","E","T","?","R","M","M","?","R","B",null,"M","?","M","?","M","R","M","E","T","R","M","R","M","$","R","B"],"character_chosen":"THE_SILENT","items_purchased":["Quick Slash","Dagger Spray","Enlightenment","PiercingWail","Bottled Tornado","Pantograph"],"campfire_rested":5,"item_purchase_floors":[5,20,20,20,48,48],"current_hp_per_floor":[67,71,71,71,71,49,49,49,49,43,65,61,61,47,69,15,75,70,70,70,65,44,20,42,17,17,17,39,30,30,30,52,1,75,75,75,75,75,73,73,73,65,65,65,65,65,65,65,65,33],"gold":94,"neow_bonus":"UPGRADE_CARD","is_prod":false,"is_daily":false,"chose_seed":false,"campfire_upgraded":6,"win_rate":0,"timestamp":1530205837,"path_taken":["M","M","?","M","$","E","R","?","T","?","R","M","R","E","R","BOSS","M","?","$","M","M","E","R","E","T","?","R","M","M","?","R","BOSS","M","?","M","?","M","R","M","E","T","R","M","R","M","$","R","BOSS"],"build_version":"2018-06-21v2","purchased_purges":3,"victory":true,"max_hp_per_floor":[70,75,75,75,75,75,75,75,75,75,75,75,75,75,75,75,75,75,75,75,75,75,75,75,75,75,75,75,75,75,75,75,75,75,75,75,75,75,75,75,75,75,75,75,75,75,75,75,75,75],"card_choices":[{"not_picked":["Choke","Dodge and Roll"],"picked":"Riddle With Holes","floor":1},{"not_picked":["Prepared","Concentrate"],"picked":"Infinite Blades","floor":2},{"not_picked":["Cloak And Dagger","Dagger Throw"],"picked":"Backflip","floor":4},{"not_picked":["Reflex","Cloak And Dagger"],"picked":"Blur","floor":6},{"not_picked":["Infinite Blades","Prepared"],"picked":"Dagger Throw","floor":10},{"not_picked":["Reflex","Choke"],"picked":"Calculated Gamble","floor":12},{"not_picked":["Wraith Form v2","Deadly Poison","Catalyst"],"picked":"SKIP","floor":14},{"not_picked":["Phantasmal Killer","Wraith Form v2"],"picked":"Doppelganger","floor":16},{"not_picked":["PiercingWail","Deflect+1"],"picked":"Acrobatics","floor":18},{"not_picked":["Prepared","Acrobatics+1"],"picked":"Flechettes+1","floor":21},{"not_picked":["Sucker Punch+1","Prepared"],"picked":"A Thousand Cuts","floor":22},{"not_picked":["Cloak And Dagger","Accuracy"],"picked":"Dagger Throw+1","floor":23},{"not_picked":["Bane","Escape Plan"],"picked":"Dash","floor":25},{"not_picked":["Deadly Poison","Endless Agony+1","Poisoned Stab"],"picked":"SKIP","floor":29},{"not_picked":["Dagger Spray","Sucker Punch+1"],"picked":"Predator","floor":30},{"not_picked":["Doppelganger","A Thousand Cuts"],"picked":"Bullet Time","floor":33},{"not_picked":[],"picked":"Acrobatics+1","floor":35},{"not_picked":["Outmaneuver+1"],"picked":"SKIP","floor":37},{"not_picked":["Outmaneuver+1"],"picked":"SKIP","floor":39},{"not_picked":[],"picked":"Dagger Spray+1","floor":41},{"not_picked":[],"picked":"Dagger Throw+1","floor":42},{"not_picked":["Masterful Stab"],"picked":"SKIP","floor":45},{"not_picked":["Deadly Poison+1"],"picked":"SKIP","floor":47}],"player_experience":149537,"relics_obtained":[{"floor":6,"key":"Bag of Marbles"},{"floor":9,"key":"Orichalcum"},{"floor":14,"key":"The Courier"},{"floor":23,"key":"Mummified Hand"},{"floor":25,"key":"Anchor"},{"floor":26,"key":"Letter Opener"},{"floor":42,"key":"Oddly Smooth Stone"},{"floor":43,"key":"Old Coin"}],"event_choices":[{"event_name":"Living Wall","player_choice":"Grow","floor":3,"damage_taken":0},{"event_name":"Liars Game","player_choice":"disagreed","floor":8,"damage_taken":0},{"event_name":"Drug Dealer","player_choice":"Ignored","floor":19,"damage_taken":0},{"event_name":"Duplicator","player_choice":"One dupe","floor":27,"damage_taken":0},{"event_name":"Bonfire Elementals","player_choice":"BASIC","floor":31,"damage_taken":0},{"event_name":"Tomb of Lord Red Mask","player_choice":"Ignored","floor":36,"damage_taken":0},{"event_name":"Mysterious Sphere","player_choice":"Ignore","floor":38,"damage_taken":0}],"boss_relics":[{"not_picked":["Ectoplasm","Runic Dome"],"picked":"Snecko Eye"},{"not_picked":["Black Star","Coffee Dripper"],"picked":"Busted Crown"}],"items_purged_floors":[5,20,48],"is_endless":false,"potions_floor_spawned":[1,16,23,25,29,33,41,42,47],"ascension_level":0}