{"gold_per_floor":[118,193,213,138,153,153,184,184,184,184,202,220,247,262,262,339,339,351,351,377,377,390,390,390,60,60,60,30,30,30,30,30,30],"floor_reached":33,"playtime":740,"items_purged":["Strike_R"],"score":502,"play_id":"fefc6260-80b2-4cd9-86fa-1f3c330d8734","local_time":"20190221124110","is_ascension_mode":true,"campfire_choices":[{"data":"Bash","floor":6.0,"key":"SMITH"},{"data":"Wild Strike","floor":8.0,"key":"SMITH"},{"data":"1","floor":10.0,"key":"LIFT"},{"data":"2","floor":15.0,"key":"LIFT"},{"data":"3","floor":23,"key":"LIFT"},{"floor":29,"key":"REST"},{"data":"Limit Break","floor":32,"key":"SMITH"}],"neow_cost":"NONE","seed_source_timestamp":5118128275748,"circlet_count":0,"master_deck":["AscendersBane","Strike_R","Strike_R","Strike_R","Defend_R","Defend_R","Defend_R","Defend_R","Bash+1","Wild Strike+1","Twin Strike","Limit Break+1","Flame Barrier","Clothesline","Ghostly Armor","Shrug It Off","Shrug It Off","Double Tap","Pommel Strike","Armaments","Headbutt"],"special_seed":0,"relics":["Philosopher\u0027s Stone","Nunchaku","Girya","Happy Flower","Velvet Choker","Red Mask","Medical Kit","Pen Nib","Art of War"],"potions_floor_usage":[33],"damage_taken":[{"damage":2.0,"enemies":"Cultist","floor":1.0,"turns":3.0},{"damage":0.0,"enemies":"2 Louse","floor":3.0,"turns":2.0},{"damage":3.0,"enemies":"Small Slimes","floor":5.0,"turns":2.0},{"damage":24.0,"enemies":"3 Sentries","floor":7.0,"turns":8.0},{"damage":7.0,"enemies":"3 Louse","floor":11.0,"turns":3.0},{"damage":0.0,"enemies":"Blue Slaver","floor":12.0,"turns":2.0},{"damage":7.0,"enemies":"Lagavulin","floor":13.0,"turns":6.0},{"damage":2.0,"enemies":"Looter","floor":14.0,"turns":3.0},{"damage":6.0,"enemies":"Slime Boss","floor":16.0,"turns":10.0},{"damage":15.0,"enemies":"Spheric Guardian","floor":18.0,"turns":4.0},{"damage":36,"enemies":"Masked Bandits","floor":20,"turns":5},{"damage":0,"enemies":"2 Thieves","floor":22,"turns":3},{"damage":11,"enemies":"Colosseum Slavers","floor":24,"turns":3},{"damage":59,"enemies":"Automaton","floor":33,"turns":6}],"seed_played":"7666218349095044588","potions_obtained":[{"floor":3.0,"key":"Block Potion"},{"floor":11.0,"key":"Dexterity Potion"},{"floor":14.0,"key":"Block Potion"},{"floor":20,"key":"Energy Potion"},{"floor":22,"key":"Ancient Potion"}],"is_trial":false,"path_per_floor":["M","?","M","?","M","R","E","R","T","R","M","M","E","M","R","B",null,"M","?","?","?","M","R","?","$","T","$","$","R","$","T","R","B"],"character_chosen":"IRONCLAD","items_purchased":["Medical Kit","Armaments","Headbutt"],"campfire_rested":1,"item_purchase_floors":[25,25,28],"current_hp_per_floor":[66,55,55,55,52,52,28,28,28,28,21,21,14,12,12,6,58,43,43,7,22,22,22,11,11,11,11,11,33,33,33,33,0],"gold":30,"neow_bonus":"BOSS_RELIC","is_prod":false,"is_daily":false,"chose_seed":false,"campfire_upgraded":3,"win_rate":0,"timestamp":1550781670,"path_taken":["M","?","M","?","M","R","E","R","T","R","M","M","E","M","R","BOSS","M","?","?","?","M","R","?","$","T","?","$","R","$","?","R","BOSS"],"build_version":"2019-02-06","purchased_purges":1,"victory":false,"max_hp_per_floor":[75,75,75,75,75,75,75,75,75,75,75,75,75,75,75,75,75,75,75,75,75,75,75,75,75,75,75,75,75,75,75,75,75],"card_choices":[{"not_picked":["Combust","Twin Strike"],"picked":"Wild Strike","floor":1.0},{"not_picked":["Sword Boomerang","Clash"],"picked":"Twin Strike","floor":3.0},{"not_picked":["Bloodletting","Sentinel"],"picked":"Limit Break","floor":5.0},{"not_picked":["Armaments","Whirlwind"],"picked":"Flame Barrier","floor":7.0},{"not_picked":["Twin Strike","Warcry"],"picked":"Clothesline","floor":11.0},{"not_picked":["Havoc","Combust"],"picked":"Ghostly Armor","floor":12.0},{"not_picked":["Second Wind","Battle Trance"],"picked":"Shrug It Off","floor":13.0},{"not_picked":["Havoc","Pommel Strike"],"picked":"Shrug It Off","floor":14.0},{"not_picked":["Offering","Exhume"],"picked":"Double Tap","floor":16.0},{"not_picked":["Body Slam","Feel No Pain"],"picked":"Pommel Strike","floor":18.0}],"player_experience":1195116,"relics_obtained":[{"floor":7.0,"key":"Nunchaku"},{"floor":9.0,"key":"Girya"},{"floor":13.0,"key":"Happy Flower"},{"floor":20,"key":"Red Mask"},{"floor":26,"key":"Pen Nib"},{"floor":31,"key":"Art of War"}],"event_choices":[{"damage_healed":0.0,"max_hp_gain":0.0,"max_hp_loss":0.0,"gold_gain":75.0,"event_name":"World of Goop","player_choice":"Gather Gold","floor":2.0,"gold_loss":0.0,"damage_taken":11.0},{"cards_removed":["Strike_R"],"damage_healed":0.0,"max_hp_gain":0.0,"max_hp_loss":0.0,"gold_gain":0.0,"event_name":"The Cleric","player_choice":"Card Removal","floor":4.0,"gold_loss":75.0,"damage_taken":0.0},{"damage_healed":0.0,"max_hp_gain":0.0,"max_hp_loss":0.0,"gold_gain":0.0,"event_name":"Ghosts","player_choice":"Ignored","floor":19.0,"gold_loss":0.0,"damage_taken":0.0},{"damage_healed":0,"gold_gain":0,"player_choice":"Fought Bandits","damage_taken":0,"max_hp_gain":0,"max_hp_loss":0,"event_name":"Masked Bandits","floor":20,"gold_loss":0},{"damage_healed":15,"gold_gain":0,"player_choice":"Heal","damage_taken":0,"max_hp_gain":0,"max_hp_loss":0,"event_name":"The Library","floor":21,"gold_loss":0},{"damage_healed":0,"gold_gain":0,"player_choice":"Fight","damage_taken":0,"max_hp_gain":0,"max_hp_loss":0,"event_name":"Colosseum","floor":24,"gold_loss":0},{"damage_healed":0,"gold_gain":0,"player_choice":"Fled From Nobs","damage_taken":0,"max_hp_gain":0,"max_hp_loss":0,"event_name":"Colosseum","floor":24,"gold_loss":0}],"is_beta":true,"boss_relics":[{"not_picked":["Calling Bell","Sozu"],"picked":"Velvet Choker"}],"items_purged_floors":[25],"is_endless":false,"potions_floor_spawned":[3,11,14,20,22],"killed_by":"Automaton","ascension_level":20}