{"gold_per_floor":[368,388,403,419,82,82,111,111,111,121,156,175,51,3,3,3],"floor_reached":16,"playtime":2210,"items_purged":["Strike_B","Defend_B"],"score":118,"play_id":"0b49f93c-aad1-4941-b8bc-5bdb8c58c635","local_time":"20180630012249","is_ascension_mode":true,"campfire_choices":[{"floor":6,"key":"REST"},{"data":"Dualcast","floor":8,"key":"SMITH"},{"floor":15,"key":"REST"}],"neow_cost":"FIFTY_PERCENT_DAMAGE","seed_source_timestamp":105154344000652,"circlet_count":0,"master_deck":["Strike_B","Strike_B","Strike_B","Defend_B","Defend_B","Defend_B","Zap","Dualcast+1","Sweeping Beam","Tempest","Leap","Seek","Conserve Battery","Defragment","Coolheaded"],"relics":["Cracked Core","Mummified Hand","Potion Belt","Toolbox","Bird Faced Urn"],"potions_floor_usage":[7,10,11],"damage_taken":[{"damage":2,"enemies":"2 Louse","floor":1,"turns":3},{"damage":0,"enemies":"Small Slimes","floor":2,"turns":3},{"damage":1,"enemies":"Cultist","floor":3,"turns":3},{"damage":8,"enemies":"2 Fungi Beasts","floor":4,"turns":3},{"damage":20,"enemies":"Lagavulin","floor":7,"turns":8},{"damage":8,"enemies":"Exordium Thugs","floor":10,"turns":4},{"damage":5,"enemies":"3 Sentries","floor":11,"turns":5},{"damage":1,"enemies":"Exordium Wildlife","floor":12,"turns":4},{"damage":41,"enemies":"Hexaghost","floor":16,"turns":11}],"seed_played":"5867732557865927922","potions_obtained":[{"floor":2,"key":"GamblersBrew"},{"floor":4,"key":"Ancient Potion"},{"floor":7,"key":"Fire Potion"},{"floor":10,"key":"Swift Potion"}],"is_trial":false,"path_per_floor":["M","M","M","M","$","R","E","R","T","M","E","M","$","?","R"],"character_chosen":"DEFECT","items_purchased":["Mummified Hand","Coolheaded"],"campfire_rested":2,"item_purchase_floors":[5,13],"current_hp_per_floor":[36,36,35,27,27,49,29,29,29,21,16,15,15,15,37,0],"gold":3,"neow_bonus":"TWO_FIFTY_GOLD","is_prod":false,"is_daily":false,"chose_seed":false,"campfire_upgraded":1,"win_rate":0.0,"timestamp":1530314569,"path_taken":["M","M","M","M","$","R","E","R","T","M","E","M","$","?","R","BOSS"],"build_version":"2018-06-28","purchased_purges":2,"victory":false,"max_hp_per_floor":[75,75,75,75,75,75,75,75,75,75,75,75,75,75,75,75],"card_choices":[{"not_picked":["Redo","Hologram"],"picked":"Sweeping Beam","floor":1},{"not_picked":["Melter","Loop"],"picked":"Tempest","floor":2},{"not_picked":["Tempest","White Noise","Compile Driver"],"picked":"SKIP","floor":3},{"not_picked":["Ball Lightning","Chaos"],"picked":"Leap","floor":4},{"not_picked":["Stack","Creative AI"],"picked":"Seek","floor":7},{"not_picked":["Sweeping Beam","Barrage"],"picked":"Conserve Battery","floor":10},{"not_picked":["Sweeping Beam","Tempest","Beam Cell"],"picked":"SKIP","floor":11},{"not_picked":["Glacier","Stack"],"picked":"Defragment","floor":12}],"player_experience":213342,"relics_obtained":[{"floor":7,"key":"Potion Belt"},{"floor":9,"key":"Toolbox"},{"floor":11,"key":"Bird Faced Urn"}],"event_choices":[{"event_name":"World of Goop","player_choice":"Left","floor":14,"damage_taken":0}],"boss_relics":[],"items_purged_floors":[5,13],"is_endless":false,"potions_floor_spawned":[2,4,7,10],"killed_by":"Hexaghost","ascension_level":1}