{"gold_per_floor":[110,35,35,35,185,242,242,273,273,273,291,291,320,330,330,330],"floor_reached":16,"playtime":288,"items_purged":[],"score":331,"play_id":"efab3476-c217-4277-918d-6ab4f096fd59","local_time":"20190228180417","is_ascension_mode":true,"campfire_choices":[{"data":"Neutralize","floor":7,"key":"SMITH"},{"data":"Noxious Fumes","floor":10,"key":"SMITH"},{"data":"Wraith Form v2","floor":15,"key":"SMITH"}],"neow_cost":"NONE","seed_source_timestamp":3284740693043,"circlet_count":0,"master_deck":["AscendersBane","Defend_G","Defend_G","Defend_G","Defend_G","Strike_G","Strike_G","Strike_G","Strike_G","Survivor","Neutralize+1","Flying Knee","Flying Knee","Noxious Fumes+1","Flying Knee","Wraith Form v2+1"],"relics":["Ring of the Snake","NeowsBlessing","Gambling Chip","Tiny Chest","Mummified Hand","Potion Belt","Spirit Poop","Dream Catcher"],"potions_floor_usage":[16,16],"damage_taken":[{"damage":0,"enemies":"2 Louse","floor":1,"turns":1},{"damage":0,"enemies":"Lagavulin","floor":6,"turns":1},{"damage":0,"enemies":"3 Sentries","floor":8,"turns":1},{"damage":9,"enemies":"Jaw Worm","floor":11,"turns":4},{"damage":19,"enemies":"Lagavulin","floor":13,"turns":6},{"damage":4,"enemies":"Small Slimes","floor":14,"turns":3},{"damage":21,"enemies":"The Guardian","floor":16,"turns":8}],"seed_played":"-6772515834192779770","potions_obtained":[{"floor":13,"key":"Dexterity Potion"},{"floor":14,"key":"SteroidPotion"}],"is_trial":false,"path_per_floor":["M","?","T","?","?","E","R","E","T","R","M","?","E","M","R","B"],"character_chosen":"THE_SILENT","items_purchased":[],"campfire_rested":0,"item_purchase_floors":[],"current_hp_per_floor":[59,59,59,52,52,52,52,52,52,52,43,43,24,20,20,0],"gold":330,"neow_bonus":"THREE_ENEMY_KILL","is_prod":false,"is_daily":false,"chose_seed":false,"campfire_upgraded":3,"win_rate":0,"timestamp":1551405857,"path_taken":["M","?","?","?","?","E","R","E","T","R","?","?","E","M","R","BOSS"],"build_version":"2019-02-06","purchased_purges":0,"victory":false,"max_hp_per_floor":[66,66,66,66,66,66,66,66,66,66,66,66,66,66,66,66],"card_choices":[{"not_picked":["Blade Dance","Prepared"],"picked":"Flying Knee","floor":1},{"not_picked":["Deadly Poison","Dodge and Roll"],"picked":"Flying Knee","floor":6},{"not_picked":["Blade Dance","Dagger Spray"],"picked":"Noxious Fumes","floor":8},{"not_picked":["Deflect","Sucker Punch"],"picked":"Flying Knee","floor":13},{"not_picked":["Skewer","Bane"],"picked":"Wraith Form v2","floor":14}],"player_experience":1229871,"relics_obtained":[{"floor":3,"key":"Gambling Chip"},{"floor":6,"key":"Tiny Chest"},{"floor":8,"key":"Mummified Hand"},{"floor":9,"key":"Potion Belt"},{"floor":13,"key":"Dream Catcher"}],"event_choices":[{"cards_removed":["Defend_G"],"damage_healed":0,"gold_gain":0,"player_choice":"Card Removal","damage_taken":0,"max_hp_gain":0,"max_hp_loss":0,"event_name":"The Cleric","floor":2,"gold_loss":75},{"cards_removed":["Strike_G"],"damage_healed":0,"gold_gain":0,"player_choice":"Card Removal","damage_taken":7,"max_hp_gain":0,"max_hp_loss":0,"event_name":"Golden Wing","floor":4,"gold_loss":0},{"damage_healed":0,"gold_gain":150,"player_choice":"AGREE","damage_taken":0,"max_hp_gain":0,"max_hp_loss":0,"event_name":"Liars Game","floor":5,"gold_loss":0,"cards_obtained":["Doubt"]},{"cards_removed":["Doubt"],"damage_healed":0,"gold_gain":0,"player_choice":"Offered Curse","damage_taken":0,"relics_obtained":["Spirit Poop"],"max_hp_gain":0,"max_hp_loss":0,"event_name":"Bonfire Elementals","floor":12,"gold_loss":0}],"is_beta":true,"boss_relics":[],"items_purged_floors":[],"is_endless":false,"potions_floor_spawned":[13,14],"killed_by":"The Guardian","ascension_level":20}