{"gold_per_floor":[109,58,58,19,36,64,76,110,163,163,179,196,196,231,231,302,302,302],"floor_reached":18,"playtime":709,"items_purged":[],"score":359,"play_id":"26277593-0c65-46c6-a480-bc59d9e41193","local_time":"20180703195133","is_ascension_mode":true,"campfire_choices":[{"floor":10,"key":"REST"},{"data":"After Image","floor":13,"key":"SMITH"},{"floor":15,"key":"REST"}],"neow_cost":"NONE","seed_source_timestamp":0,"circlet_count":0,"master_deck":["Defend_G","Defend_G","Defend_G","Defend_G","Defend_G","Strike_G","Strike_G","Strike_G","Strike_G","Strike_G","Survivor","Neutralize","AscendersBane","Noxious Fumes","Quick Slash","Footwork","Slice","A Thousand Cuts","Blur","Well Laid Plans","After Image+1","Night Terror"],"relics":["Ring of the Snake","NeowsBlessing","Kunai","Regal Pillow","Omamori","Singing Bowl","Bottled Tornado","Runic Pyramid"],"potions_floor_usage":[14,14],"damage_taken":[{"damage":0,"enemies":"2 Louse","floor":1,"turns":1},{"damage":0,"enemies":"Jaw Worm","floor":5,"turns":1},{"damage":0,"enemies":"3 Sentries","floor":6,"turns":2},{"damage":0,"enemies":"Cultist","floor":7,"turns":5},{"damage":15,"enemies":"Lagavulin","floor":8,"turns":7},{"damage":11,"enemies":"Large Slime","floor":11,"turns":6},{"damage":3,"enemies":"3 Louse","floor":12,"turns":6},{"damage":19,"enemies":"Gremlin Nob","floor":14,"turns":7},{"damage":29,"enemies":"The Guardian","floor":16,"turns":16},{"damage":18,"enemies":"Shell Parasite","floor":18,"turns":5}],"seed_played":"711523315576842324","potions_obtained":[{"floor":5,"key":"Swift Potion"},{"floor":7,"key":"Energy Potion"},{"floor":12,"key":"EssenceOfSteel"},{"floor":16,"key":"AttackPotion"}],"is_trial":false,"path_per_floor":["M","$","?","$","M","E","M","E","T","R","M","M","R","E","R","B",null],"character_chosen":"THE_SILENT","items_purchased":["Quick Slash","Footwork"],"campfire_rested":2,"item_purchase_floors":[2,4],"current_hp_per_floor":[59,59,41,41,41,41,41,26,26,60,49,46,46,29,64,35,60,42],"gold":302,"neow_bonus":"THREE_ENEMY_KILL","is_prod":false,"is_daily":false,"chose_seed":true,"campfire_upgraded":1,"win_rate":0,"timestamp":1530672693,"path_taken":["M","$","?","$","?","E","M","E","T","R","M","M","R","E","R","BOSS","M"],"build_version":"2018-07-02","purchased_purges":0,"victory":false,"max_hp_per_floor":[66,66,66,66,66,66,66,66,66,66,66,66,66,68,68,68,68,68],"card_choices":[{"not_picked":["Flying Knee","Concentrate"],"picked":"Noxious Fumes","floor":1},{"not_picked":["Acrobatics","Prepared"],"picked":"Slice","floor":5},{"not_picked":["PiercingWail","Tactician"],"picked":"A Thousand Cuts","floor":6},{"not_picked":["Underhanded Strike","PiercingWail"],"picked":"Blur","floor":7},{"not_picked":["Heel Hook","PiercingWail"],"picked":"Well Laid Plans","floor":11},{"not_picked":["Flying Knee","Backflip"],"picked":"After Image","floor":12},{"not_picked":["Dagger Spray","Setup","Deadly Poison"],"picked":"Singing Bowl","floor":14},{"not_picked":["Burst","Glass Knife"],"picked":"Night Terror","floor":16}],"player_experience":476997,"relics_obtained":[{"floor":6,"key":"Regal Pillow"},{"floor":8,"key":"Omamori"},{"floor":9,"key":"Singing Bowl"},{"floor":14,"key":"Bottled Tornado"}],"event_choices":[{"event_name":"Scrap Ooze","player_choice":"success","floor":3,"damage_taken":18}],"boss_relics":[{"not_picked":["Black Star","White Beast Statue"],"picked":"Runic Pyramid"}],"items_purged_floors":[],"is_endless":false,"potions_floor_spawned":[5,7,12,16],"killed_by":"Shell Parasite","ascension_level":15}