{"gold_per_floor":[110,110,110,2,26,64,64,80,104,138,157,181,181,181,181,279,279,279,279,279,279,279,279,279,279,279,19,19,19,19,19,19,19,19,19,19,19,19,19,19,19,19,19,19,19,19,19,19,19,19],"floor_reached":51,"playtime":2485,"items_purged":["Strike_B"],"score":1262,"play_id":"3112e2d7-98c4-4bda-89a2-d85d1fdd566f","local_time":"20180814012527","is_ascension_mode":true,"campfire_choices":[{"data":"Hello World","floor":7.0,"key":"SMITH"},{"floor":13.0,"key":"REST"},{"data":"Hologram","floor":15.0,"key":"SMITH"},{"floor":23.0,"key":"REST"},{"data":"Hello World","floor":25.0,"key":"SMITH"},{"floor":32.0,"key":"REST"},{"floor":41,"key":"REST"},{"floor":45,"key":"REST"},{"data":"Chill","floor":47,"key":"SMITH"},{"data":"Hello World","floor":49,"key":"SMITH"}],"neow_cost":"NONE","seed_source_timestamp":0,"circlet_count":0,"master_deck":["Strike_B","Strike_B","Strike_B","Defend_B","Defend_B","Defend_B","Defend_B+1","Zap+1","Dualcast","AscendersBane","Hello World+1","Steam","Rebound","Loop","Hologram+1","Coolheaded","FTL","Cold Snap","Echo Form","Hello World+1","Hello World+1","White Noise","Stack","Echo Form","Coolheaded","Stack","Coolheaded+1","Fission","Hologram","Chill+1","Chill+1","Writhe","Cold Snap","Leap"],"special_seed":0,"relics":["Cracked Core","NeowsBlessing","Golden Idol","Anchor","Bag of Marbles","Potion Belt","Blue Candle","Ectoplasm","Shuriken","Ice Cream","Nunchaku","Nuclear Battery","War Paint","NlothsMask","Oddly Smooth Stone"],"potions_floor_usage":[],"damage_taken":[{"damage":0.0,"enemies":"Jaw Worm","floor":1.0,"turns":1.0},{"damage":0.0,"enemies":"Small Slimes","floor":5.0,"turns":1.0},{"damage":0.0,"enemies":"3 Sentries","floor":6.0,"turns":1.0},{"damage":2.0,"enemies":"2 Louse","floor":8.0,"turns":3.0},{"damage":41.0,"enemies":"Gremlin Nob","floor":10.0,"turns":5.0},{"damage":16.0,"enemies":"Exordium Thugs","floor":11.0,"turns":4.0},{"damage":3.0,"enemies":"Exordium Wildlife","floor":12.0,"turns":5.0},{"damage":20.0,"enemies":"Slime Boss","floor":16.0,"turns":15.0},{"damage":9.0,"enemies":"3 Byrds","floor":18.0,"turns":5.0},{"damage":13.0,"enemies":"Spheric Guardian","floor":21.0,"turns":4.0},{"damage":11.0,"enemies":"Gremlin Leader","floor":24.0,"turns":9.0},{"damage":3.0,"enemies":"Centurion and Healer","floor":29.0,"turns":8.0},{"damage":0.0,"enemies":"Snecko","floor":30.0,"turns":6.0},{"damage":4.0,"enemies":"Snake Plant","floor":31.0,"turns":6.0},{"damage":53.0,"enemies":"Collector","floor":33.0,"turns":11.0},{"damage":11.0,"enemies":"Flame Bruiser 1 Orb","floor":35.0,"turns":6.0},{"damage":0.0,"enemies":"3 Shapes","floor":37.0,"turns":4.0},{"damage":6.0,"enemies":"Sphere and 2 Shapes","floor":38.0,"turns":6.0},{"damage":36.0,"enemies":"Snecko and Mystics","floor":40.0,"turns":12.0},{"damage":41,"enemies":"Nemesis","floor":44,"turns":9},{"damage":30,"enemies":"Awakened One","floor":50,"turns":21}],"seed_played":"3635709515746716347","potions_obtained":[{"floor":6.0,"key":"FearPotion"},{"floor":10.0,"key":"Fruit Juice"},{"floor":11.0,"key":"Weak Potion"},{"floor":19.0,"key":"FairyPotion"},{"floor":19.0,"key":"Block Potion"},{"floor":21.0,"key":"Regen Potion"},{"floor":30.0,"key":"SpeedPotion"},{"floor":31.0,"key":"Ancient Potion"},{"floor":35.0,"key":"Dexterity Potion"},{"floor":37.0,"key":"SteroidPotion"}],"is_trial":false,"path_per_floor":["M","?","?","$","M","E","R","M","T","E","M","M","R","T","R","B",null,"M","?","?","M","T","R","E","R","T","$","?","M","M","M","R","B",null,"M","T","M","M","?","M","R","?","T","E","R","?","R","$","R","B"],"character_chosen":"DEFECT","items_purchased":["Hello World","Steam","Echo Form","Coolheaded"],"campfire_rested":5,"item_purchase_floors":[4,4,27,27],"current_hp_per_floor":[64,64,64,64,64,64,64,62,62,21,10,7,27,27,27,7,54,45,45,45,32,32,52,48,48,48,48,48,45,45,41,61,30,59,55,55,55,49,63,27,47,47,47,6,26,57,57,57,57,27],"gold":19,"neow_bonus":"THREE_ENEMY_KILL","is_prod":false,"is_daily":false,"chose_seed":false,"campfire_upgraded":5,"win_rate":0,"timestamp":1534235127,"path_taken":["M","?","?","$","?","E","R","M","T","E","M","M","R","?","R","BOSS","M","?","?","?","?","R","E","R","T","$","?","?","M","M","R","BOSS","M","?","M","M","?","M","R","?","T","E","R","?","R","?","R","BOSS"],"build_version":"2018-08-13","purchased_purges":1,"victory":true,"max_hp_per_floor":[71,71,64,64,64,64,64,64,64,64,69,69,69,69,69,69,69,69,69,69,69,69,69,69,69,69,69,69,69,69,69,69,69,69,69,69,69,69,69,69,69,69,69,69,69,57,57,57,57,57],"card_choices":[{"not_picked":["Double Energy","Sweeping Beam"],"picked":"Rebound","floor":5.0},{"not_picked":["Streamline","Compile Driver"],"picked":"Loop","floor":6.0},{"not_picked":["Barrage","Steam"],"picked":"Hologram","floor":8.0},{"not_picked":["Force Field","Turbo"],"picked":"Coolheaded","floor":10.0},{"not_picked":["Darkness","Redo"],"picked":"FTL","floor":11.0},{"not_picked":["Storm","Steam"],"picked":"Cold Snap","floor":12.0},{"not_picked":["Amplify","Multi-Cast"],"picked":"Echo Form","floor":16.0},{"not_picked":["Ball Lightning","Reprogram"],"picked":"Hello World","floor":18.0},{"not_picked":["Beam Cell","Gash+1"],"picked":"White Noise","floor":21.0},{"not_picked":["Go for the Eyes","Heatsinks"],"picked":"Stack","floor":24.0},{"not_picked":["Conserve Battery+1","Aggregate"],"picked":"Stack","floor":29.0},{"not_picked":["Steam","Ball Lightning"],"picked":"Coolheaded","floor":30.0},{"not_picked":["Reboot","Electrodynamics"],"picked":"Fission","floor":33.0},{"not_picked":["Redo","Self Repair"],"picked":"Hologram","floor":35.0},{"not_picked":["Gash","Conserve Battery"],"picked":"Chill","floor":37.0},{"not_picked":["Stack","Fusion"],"picked":"Chill+1","floor":38.0},{"not_picked":["Compile Driver","Steam"],"picked":"Cold Snap","floor":40.0},{"not_picked":["Echo Form","Steam"],"picked":"Leap","floor":44}],"player_experience":820193,"relics_obtained":[{"floor":6.0,"key":"Anchor"},{"floor":9.0,"key":"Bag of Marbles"},{"floor":10.0,"key":"Potion Belt"},{"floor":14.0,"key":"Blue Candle"},{"floor":22.0,"key":"Shuriken"},{"floor":24.0,"key":"Ice Cream"},{"floor":26.0,"key":"Nunchaku"},{"floor":36.0,"key":"War Paint"},{"floor":44,"key":"Oddly Smooth Stone"}],"event_choices":[{"event_name":"Living Wall","player_choice":"Grow","floor":2.0,"damage_taken":0.0},{"event_name":"Golden Idol","player_choice":"Lose Max HP","floor":3.0,"damage_taken":0.0},{"event_name":"The Lab","player_choice":"Got Potions","floor":19.0,"damage_taken":0.0},{"event_name":"The Library","player_choice":"Read","floor":20.0,"damage_taken":0.0},{"event_name":"Nest","player_choice":"Stole From Cult","floor":28.0,"damage_taken":0.0},{"event_name":"Winding Halls","player_choice":"Writhe","floor":39.0,"damage_taken":0.0},{"event_name":"FaceTrader","player_choice":"Trade","floor":42,"damage_taken":0},{"event_name":"The Moai Head","player_choice":"Heal","floor":46,"damage_taken":0}],"is_beta":true,"boss_relics":[{"not_picked":["Inserter","Calling Bell"],"picked":"Ectoplasm"},{"not_picked":["Philosopher\u0027s Stone","Black Star"],"picked":"Nuclear Battery"}],"items_purged_floors":[27],"is_endless":false,"potions_floor_spawned":[6,10,11,21,30,31,35,37],"ascension_level":15}