{"gold_per_floor":[119,129,142,154,154,154,20,36,63,63,79,79,105,125,125,202,202,220,220,220,232,57,76,76],"floor_reached":24,"playtime":1130,"items_purged":[],"score":350,"play_id":"05106175-0af7-45de-ab84-415215541b77","local_time":"20180714120945","daily_mods":["Binary"],"is_ascension_mode":true,"campfire_choices":[{"data":"Zap","floor":6.0,"key":"SMITH"},{"floor":12.0,"key":"REST"},{"data":"Dualcast","floor":15.0,"key":"SMITH"}],"neow_cost":"","seed_source_timestamp":0,"circlet_count":0,"master_deck":["Strike_B","Strike_B","Strike_B","Strike_B","Defend_B","Defend_B","Defend_B","Defend_B","Zap+1","Dualcast+1","AscendersBane","Hello World+1","Cold Snap","Rebound","Darkness","Jack Of All Trades"],"special_seed":0,"relics":["Cracked Core","Busted Crown","Regal Pillow","Boot","White Beast Statue","Singing Bowl"],"potions_floor_usage":[21,23],"damage_taken":[{"damage":2.0,"enemies":"Jaw Worm","floor":1.0,"turns":3.0},{"damage":0.0,"enemies":"Small Slimes","floor":2.0,"turns":2.0},{"damage":0.0,"enemies":"2 Louse","floor":3.0,"turns":3.0},{"damage":25.0,"enemies":"Gremlin Gang","floor":4.0,"turns":5.0},{"damage":7.0,"enemies":"Large Slime","floor":8.0,"turns":4.0},{"damage":6.0,"enemies":"3 Louse","floor":11.0,"turns":3.0},{"damage":4.0,"enemies":"3 Sentries","floor":13.0,"turns":5.0},{"damage":2.0,"enemies":"Exordium Thugs","floor":14.0,"turns":4.0},{"damage":31.0,"enemies":"Slime Boss","floor":16.0,"turns":11.0},{"damage":14,"enemies":"Spheric Guardian","floor":18,"turns":4},{"damage":17,"enemies":"2 Thieves","floor":21,"turns":3},{"damage":22,"enemies":"Snake Plant","floor":23,"turns":5},{"damage":21,"enemies":"Centurion and Healer","floor":24,"turns":1}],"seed_played":"2264526683498606838","potions_obtained":[{"floor":11.0,"key":"Block Potion"},{"floor":13.0,"key":"EssenceOfSteel"},{"floor":16.0,"key":"FairyPotion"},{"floor":21,"key":"Dexterity Potion"},{"floor":23,"key":"Energy Potion"}],"is_trial":true,"path_per_floor":["M","M","M","M","?","R","$","M","T","?","M","R","E","M","R","B",null,"M","?","T","M","$","M"],"character_chosen":"DEFECT","items_purchased":["Hello World","Cold Snap","Rebound","Darkness","Jack Of All Trades"],"campfire_rested":1,"item_purchase_floors":[7,7,7,22,22],"current_hp_per_floor":[62,62,62,37,37,37,37,30,30,30,24,60,56,54,54,23,59,45,45,45,28,28,6,0],"gold":76,"neow_bonus":"","is_prod":false,"is_daily":false,"chose_seed":false,"campfire_upgraded":2,"win_rate":0,"timestamp":1531595385,"path_taken":["M","M","M","M","?","R","$","M","T","?","M","R","E","M","R","BOSS","M","?","?","M","$","M","M"],"build_version":"2018-07-13","purchased_purges":0,"victory":false,"max_hp_per_floor":[71,71,71,71,71,71,71,71,71,71,71,71,71,71,71,71,71,71,71,71,71,71,71,71],"card_choices":[],"player_experience":634272,"relics_obtained":[{"floor":9.0,"key":"Regal Pillow"},{"floor":13.0,"key":"Boot"},{"floor":20,"key":"Singing Bowl"}],"event_choices":[{"event_name":"The Cleric","player_choice":"Leave","floor":5.0,"damage_taken":0.0},{"event_name":"Upgrade Shrine","player_choice":"Upgraded","floor":10.0,"damage_taken":0.0},{"event_name":"Beggar","player_choice":"Ignored","floor":19,"damage_taken":0}],"boss_relics":[{"not_picked":["Calling Bell","Orrery"],"picked":"White Beast Statue"}],"items_purged_floors":[],"is_endless":false,"potions_floor_spawned":[11,13,14,16,18,21,23],"killed_by":"Centurion and Healer","ascension_level":15}