{"gold_per_floor":[115,135,60,71,84,109,109,109,109,142,142,142,142,152,152,228,228,247,267,283,208,208],"floor_reached":22,"playtime":1441,"items_purged":["Strike_B"],"score":392,"play_id":"10e7a4db-3092-4401-90ce-35038e202bb9","local_time":"20190816190343","is_ascension_mode":true,"campfire_choices":[{"floor":8,"key":"REST"},{"floor":11,"key":"REST"},{"data":"Zap","floor":15,"key":"SMITH"}],"neow_cost":"NONE","seed_source_timestamp":0,"circlet_count":0,"master_deck":["AscendersBane","Strike_B","Defend_B","Defend_B","Defend_B","Defend_B","Zap+1","Dualcast","Ball Lightning","Compile Driver","Conserve Battery","Streamline","Go for the Eyes","Hologram","Electrodynamics","Self Repair","Cold Snap","Defragment"],"special_seed":0,"relics":["Cracked Core","NeowsBlessing","Art of War","Juzu Bracelet","Gremlin Horn","Oddly Smooth Stone","Cursed Key"],"potions_floor_usage":[10,22,22],"damage_taken":[{"damage":0.0,"enemies":"Cultist","floor":1.0,"turns":1.0},{"damage":0.0,"enemies":"Jaw Worm","floor":2.0,"turns":1.0},{"damage":0,"enemies":"Small Slimes","floor":4,"turns":1},{"damage":12,"enemies":"Exordium Thugs","floor":5,"turns":4},{"damage":40,"enemies":"3 Sentries","floor":6,"turns":8},{"damage":11,"enemies":"Gremlin Nob","floor":10,"turns":3},{"damage":8,"enemies":"Large Slime","floor":14,"turns":3},{"damage":26,"enemies":"The Guardian","floor":16,"turns":9},{"damage":11,"enemies":"Shell Parasite","floor":18,"turns":7},{"damage":23,"enemies":"2 Thieves","floor":19,"turns":4},{"damage":22,"enemies":"Snecko","floor":20,"turns":5},{"damage":26,"enemies":"Sentry and Sphere","floor":22,"turns":4}],"seed_played":"4064007287470252544","potions_obtained":[{"floor":2,"key":"AttackPotion"},{"floor":5,"key":"Strength Potion"},{"floor":16,"key":"PowerPotion"},{"floor":19,"key":"PowerPotion"}],"is_trial":false,"path_per_floor":["M","M","?","M","M","E","?","R","T","E","R","?","?","M","R","B",null,"M","M","M","$","M"],"character_chosen":"DEFECT","items_purchased":[],"campfire_rested":2,"item_purchase_floors":[],"current_hp_per_floor":[64,64,64,64,52,12,12,33,33,22,43,38,61,53,53,27,60,49,33,18,18,0],"gold":208,"neow_bonus":"THREE_ENEMY_KILL","is_prod":false,"is_daily":false,"chose_seed":false,"campfire_upgraded":1,"win_rate":0,"timestamp":1565996623,"path_taken":["M","?","?","M","M","E","?","R","T","E","R","?","?","M","R","BOSS","M","M","M","$","M"],"build_version":"2019-07-17","purchased_purges":1,"victory":false,"max_hp_per_floor":[71,71,71,71,71,71,71,71,71,71,71,71,71,71,71,71,71,71,71,71,71,71],"card_choices":[{"not_picked":["Turbo","Beam Cell"],"picked":"Ball Lightning","floor":1.0},{"not_picked":["Turbo","Conserve Battery"],"picked":"Compile Driver","floor":2},{"not_picked":["BootSequence","Fusion"],"picked":"Conserve Battery","floor":4},{"not_picked":["Heatsinks","Loop"],"picked":"Streamline","floor":5},{"not_picked":["Gash","Thunder Strike"],"picked":"Go for the Eyes","floor":6},{"not_picked":["Skim","Rebound","Storm"],"picked":"SKIP","floor":10},{"not_picked":["Skim","Rebound","Storm"],"picked":"SKIP","floor":10},{"not_picked":["Auto Shields","Redo"],"picked":"Hologram","floor":14},{"not_picked":["Buffer","Hyperbeam"],"picked":"Electrodynamics","floor":16},{"not_picked":["Fusion","Blizzard"],"picked":"Self Repair","floor":18},{"not_picked":["Stack","Doom and Gloom"],"picked":"Cold Snap","floor":19},{"not_picked":["Genetic Algorithm","Hologram"],"picked":"Defragment","floor":20}],"player_experience":2694410,"relics_obtained":[{"floor":6,"key":"Art of War"},{"floor":9,"key":"Juzu Bracelet"},{"floor":10,"key":"Gremlin Horn"}],"event_choices":[{"cards_removed":["Strike_B"],"damage_healed":0,"gold_gain":0,"player_choice":"Card Removal","damage_taken":0,"max_hp_gain":0,"max_hp_loss":0,"event_name":"The Cleric","floor":3,"gold_loss":75},{"cards_removed":["Strike_B"],"damage_healed":0,"gold_gain":0,"player_choice":"Purged","damage_taken":0,"max_hp_gain":0,"max_hp_loss":0,"event_name":"Purifier","floor":7,"gold_loss":0},{"damage_healed":0,"gold_gain":0,"player_choice":"Success","damage_taken":5,"relics_obtained":["Oddly Smooth Stone"],"max_hp_gain":0,"max_hp_loss":0,"event_name":"Scrap Ooze","floor":12,"gold_loss":0},{"damage_healed":23,"gold_gain":0,"player_choice":"Banana","damage_taken":0,"max_hp_gain":0,"max_hp_loss":0,"event_name":"Big Fish","floor":13,"gold_loss":0}],"is_beta":false,"boss_relics":[{"not_picked":["Snecko Eye","Coffee Dripper"],"picked":"Cursed Key"}],"items_purged_floors":[21],"is_endless":false,"potions_floor_spawned":[2,5,16,18,19],"killed_by":"Sentry and Sphere","ascension_level":20}