{"gold_per_floor":[159,46,46,46,56,56,56,90,90,115,131,146,146,41,41,118,118,137,150,166,166,81,81,115,127,163,210,80,80,114,149,149,226,226,240,256,256,206,222,222,237,252,277,290,290,178,193,193,193,193,193],"floor_reached":51,"playtime":2009,"items_purged":["Pain","Strike_R"],"score":1401,"play_id":"3ede7d5f-c8e9-45ae-875c-d6582fc58f20","local_time":"20190318215405","is_ascension_mode":true,"campfire_choices":[{"data":"Bash","floor":6.0,"key":"SMITH"},{"data":"Armaments","floor":13.0,"key":"SMITH"},{"floor":15.0,"key":"DIG"},{"floor":23.0,"key":"DIG"},{"floor":25.0,"key":"DIG"},{"floor":32.0,"key":"DIG"},{"floor":40.0,"key":"DIG"},{"floor":45.0,"key":"DIG"},{"floor":49.0,"key":"DIG"}],"neow_cost":"NONE","seed_source_timestamp":0,"circlet_count":0,"master_deck":["AscendersBane","Strike_R","Strike_R","Defend_R","Defend_R","Defend_R","Defend_R+1","Bash+1","Anger","Battle Trance","Metallicize","Dual Wield","Carnage","Power Through","Anger","Armaments+1","True Grit+1","Pommel Strike","Ghostly Armor","Battle Trance+1","Infernal Blade","Sentinel","Anger","Feel No Pain","Infernal Blade","Limit Break","Flex+1","True Grit","Armaments+1","Rage+1","Intimidate","Metallicize","Feel No Pain","Burning Pact","Doubt"],"special_seed":0,"relics":["Tiny House","Dream Catcher","WarpedTongs","Shovel","Meat on the Bone","Pocketwatch","Shuriken","Coffee Dripper","Pear","Calipers","MawBank","Centennial Puzzle","Red Skull","Bronze Scales","Mercury Hourglass","Red Mask","Dodecahedron","Sozu","Letter Opener","Oddly Smooth Stone","Singing Bowl","Bag of Marbles"],"potions_floor_usage":[],"damage_taken":[{"damage":1.0,"enemies":"2 Louse","floor":1.0,"turns":3.0},{"damage":6.0,"enemies":"Cultist","floor":5.0,"turns":3.0},{"damage":21.0,"enemies":"Lagavulin","floor":8.0,"turns":6.0},{"damage":12.0,"enemies":"Gremlin Nob","floor":10.0,"turns":3.0},{"damage":3.0,"enemies":"Small Slimes","floor":11.0,"turns":5.0},{"damage":4.0,"enemies":"Gremlin Gang","floor":12.0,"turns":4.0},{"damage":28.0,"enemies":"The Guardian","floor":16.0,"turns":8.0},{"damage":11.0,"enemies":"2 Thieves","floor":18.0,"turns":5.0},{"damage":4.0,"enemies":"Shell Parasite","floor":19.0,"turns":6.0},{"damage":11.0,"enemies":"Shelled Parasite and Fungi","floor":20.0,"turns":5.0},{"damage":29.0,"enemies":"Book of Stabbing","floor":24.0,"turns":7.0},{"damage":0.0,"enemies":"Gremlin Leader","floor":27.0,"turns":5.0},{"damage":12.0,"enemies":"Slavers","floor":30.0,"turns":4.0},{"damage":10.0,"enemies":"Masked Bandits","floor":31.0,"turns":3.0},{"damage":33.0,"enemies":"Champ","floor":33.0,"turns":8.0},{"damage":0.0,"enemies":"Orb Walker","floor":35.0,"turns":3.0},{"damage":18.0,"enemies":"3 Shapes","floor":36.0,"turns":4.0},{"damage":8.0,"enemies":"3 Darklings","floor":39.0,"turns":5.0},{"damage":11.0,"enemies":"Writhing Mass","floor":41.0,"turns":5.0},{"damage":17.0,"enemies":"Jaw Worm Horde","floor":42.0,"turns":4.0},{"damage":5.0,"enemies":"4 Shapes","floor":44.0,"turns":3.0},{"damage":16.0,"enemies":"Maw","floor":47.0,"turns":7.0},{"damage":47.0,"enemies":"Donu and Deca","floor":50.0,"turns":12.0},{"damage":61,"enemies":"Time Eater","floor":51,"turns":7}],"seed_played":"-8593994454421414977","potions_obtained":[{"floor":0.0,"key":"Regen Potion"},{"floor":1.0,"key":"SteroidPotion"},{"floor":8.0,"key":"PowerPotion"},{"floor":12.0,"key":"LiquidBronze"},{"floor":16.0,"key":"Dexterity Potion"},{"floor":18.0,"key":"BloodPotion"},{"floor":27.0,"key":"Fire Potion"},{"floor":30.0,"key":"Strength Potion"}],"is_trial":false,"path_per_floor":["M","$","?","?","M","R","?","E","T","E","M","M","R","$","R","B",null,"M","M","M","?","?","R","E","R","T","E","$","?","E","?","R","B",null,"M","M","?","?","M","R","M","M","T","M","R","$","M","?","R","B","B"],"character_chosen":"IRONCLAD","items_purchased":["Metallicize","Dual Wield","True Grit","Uppercut","Feel No Pain","Burning Pact"],"campfire_rested":0,"item_purchase_floors":[2,2,14,28,46,46],"current_hp_per_floor":[72,72,46,46,40,40,40,34,34,34,43,51,51,51,51,35,69,58,54,51,51,61,61,44,44,44,56,56,56,56,46,46,25,74,74,56,56,56,48,48,49,44,44,51,51,51,49,92,92,57,0],"gold":193,"neow_bonus":"BOSS_RELIC","is_prod":false,"is_daily":false,"chose_seed":false,"campfire_upgraded":2,"win_rate":0,"timestamp":1552971245,"path_taken":["M","$","?","?","?","R","?","E","T","E","M","M","R","$","R","BOSS","M","?","M","?","?","R","E","R","T","E","$","?","E","?","R","BOSS","M","M","?","?","?","R","M","M","T","M","R","$","M","?","R","BOSS","BOSS"],"build_version":"2019-03-15","purchased_purges":2,"victory":false,"max_hp_per_floor":[80,80,80,80,80,80,80,80,80,80,80,80,80,80,80,80,80,80,80,80,80,90,90,90,90,90,90,90,90,90,90,90,90,90,90,90,90,90,90,90,90,90,90,90,90,90,92,92,92,92,92],"card_choices":[{"not_picked":["Body Slam","Perfected Strike"],"picked":"Anger","floor":0.0},{"not_picked":["Body Slam","Corruption"],"picked":"Battle Trance","floor":1.0},{"not_picked":["Sever Soul","Body Slam"],"picked":"Carnage","floor":5.0},{"not_picked":["Whirlwind","Pummel","Seeing Red"],"picked":"SKIP","floor":8.0},{"not_picked":["Whirlwind","Clash"],"picked":"Anger","floor":10.0},{"not_picked":["Perfected Strike","Havoc"],"picked":"Armaments","floor":11.0},{"not_picked":["Havoc","Heavy Blade","Cleave"],"picked":"SKIP","floor":12.0},{"not_picked":["Twin Strike","Wild Strike"],"picked":"Pommel Strike","floor":18.0},{"not_picked":["Sword Boomerang","Armaments"],"picked":"Ghostly Armor","floor":19.0},{"not_picked":["Searing Blow","Second Wind"],"picked":"Battle Trance+1","floor":20.0},{"not_picked":["Heavy Blade","Intimidate+1","Sever Soul"],"picked":"SKIP","floor":24.0},{"not_picked":["Brutality","Spot Weakness"],"picked":"Infernal Blade","floor":27.0},{"not_picked":["Searing Blow","Demon Form"],"picked":"Feel No Pain","floor":30.0},{"not_picked":["Wild Strike","Sword Boomerang"],"picked":"Infernal Blade","floor":31.0},{"not_picked":["Bludgeon","Demon Form"],"picked":"Limit Break","floor":33.0},{"not_picked":["Seeing Red+1","Battle Trance"],"picked":"Flex+1","floor":35.0},{"not_picked":["Pommel Strike","Inflame"],"picked":"True Grit","floor":36.0},{"not_picked":["Sword Boomerang","Twin Strike"],"picked":"Armaments+1","floor":39.0},{"not_picked":["Armaments","Wild Strike"],"picked":"Rage+1","floor":41.0},{"not_picked":["Searing Blow","Thunderclap"],"picked":"Intimidate","floor":42.0},{"not_picked":["Inflame+1","Body Slam+1"],"picked":"Metallicize","floor":44.0},{"not_picked":["Twin Strike","Cleave+1","Wild Strike"],"picked":"Singing Bowl","floor":47.0}],"player_experience":1318124,"relics_obtained":[{"floor":8.0,"key":"Shovel"},{"floor":9.0,"key":"Meat on the Bone"},{"floor":10.0,"key":"Pocketwatch"},{"floor":15.0,"key":"Shuriken"},{"floor":23.0,"key":"Calipers"},{"floor":24.0,"key":"MawBank"},{"floor":25.0,"key":"Centennial Puzzle"},{"floor":26.0,"key":"Red Skull"},{"floor":27.0,"key":"Bronze Scales"},{"floor":30.0,"key":"Mercury Hourglass"},{"floor":31.0,"key":"Red Mask"},{"floor":32.0,"key":"Dodecahedron"},{"floor":40.0,"key":"Letter Opener"},{"floor":43.0,"key":"Oddly Smooth Stone"},{"floor":45.0,"key":"Singing Bowl"},{"floor":49.0,"key":"Bag of Marbles"}],"event_choices":[{"damage_healed":0.0,"max_hp_gain":0.0,"max_hp_loss":0.0,"gold_gain":0.0,"event_name":"Scrap Ooze","player_choice":"Success","floor":3.0,"gold_loss":0.0,"damage_taken":26.0,"relics_obtained":["Dream Catcher"]},{"damage_healed":0.0,"max_hp_gain":0.0,"max_hp_loss":0.0,"gold_gain":0.0,"event_name":"Accursed Blacksmith","player_choice":"Rummage","floor":4.0,"gold_loss":0.0,"damage_taken":0.0,"relics_obtained":["WarpedTongs"],"cards_obtained":["Pain"]},{"damage_healed":0.0,"max_hp_gain":0.0,"max_hp_loss":0.0,"gold_gain":0.0,"event_name":"Match and Keep!","player_choice":"1 cards matched","floor":7.0,"gold_loss":0.0,"damage_taken":0.0,"cards_obtained":["Power Through"]},{"damage_healed":0.0,"max_hp_gain":0.0,"max_hp_loss":0.0,"gold_gain":0.0,"event_name":"Cursed Tome","player_choice":"Ignored","floor":21.0,"gold_loss":0.0,"damage_taken":0.0},{"damage_healed":0.0,"max_hp_gain":0.0,"max_hp_loss":0.0,"gold_gain":0.0,"event_name":"Addict","player_choice":"Obtained Relic","floor":22.0,"gold_loss":85.0,"damage_taken":0.0,"relics_obtained":["Pear"]},{"damage_healed":0.0,"max_hp_gain":0.0,"max_hp_loss":0.0,"gold_gain":0.0,"cards_transformed":["Strike_R","Strike_R"],"event_name":"Drug Dealer","player_choice":"Became Test Subject","floor":29.0,"gold_loss":0.0,"damage_taken":0.0,"cards_obtained":["Sentinel","Anger"]},{"damage_healed":0.0,"max_hp_gain":0.0,"max_hp_loss":0.0,"gold_gain":0.0,"event_name":"Masked Bandits","player_choice":"Fought Bandits","floor":31.0,"gold_loss":0.0,"damage_taken":0.0},{"cards_removed":["Uppercut"],"damage_healed":0.0,"max_hp_gain":0.0,"max_hp_loss":0.0,"gold_gain":0.0,"event_name":"Falling","player_choice":"Removed Attack","floor":37.0,"gold_loss":0.0,"damage_taken":0.0},{"damage_healed":0.0,"max_hp_gain":0.0,"max_hp_loss":0.0,"gold_gain":0.0,"event_name":"Designer","player_choice":"Upgrade","floor":38.0,"gold_loss":50.0,"damage_taken":0.0,"cards_upgraded":["True Grit"]},{"damage_healed":43.0,"max_hp_gain":0.0,"max_hp_loss":0.0,"gold_gain":0.0,"event_name":"MindBloom","player_choice":"Heal","floor":48.0,"gold_loss":0.0,"damage_taken":0.0,"cards_obtained":["Doubt"]}],"is_beta":true,"boss_relics":[{"not_picked":["Busted Crown","Lizard Tail"],"picked":"Coffee Dripper"},{"not_picked":["White Beast Statue","Empty Cage"],"picked":"Sozu"}],"items_purged_floors":[14,28],"is_endless":false,"potions_floor_spawned":[1,8,12,16,18,19,27,30,42,47],"killed_by":"Time Eater","ascension_level":20}