{"gold_per_floor":[117,117,117,135,6,35,35,65,65,65,80,105,133,144,144,222,222,241,252,121,133,133,133,158,173,251,285,285,303,323,323,323,323],"floor_reached":33,"playtime":2053,"items_purged":["Strike_B"],"score":611,"play_id":"82ac4a57-0102-481d-8d60-76b30ed91c5c","local_time":"20190825004452","is_ascension_mode":true,"campfire_choices":[{"data":"Zap","floor":7.0,"key":"SMITH"},{"floor":10,"key":"REST"},{"floor":15,"key":"REST"},{"floor":23,"key":"REST"},{"floor":28,"key":"REST"},{"floor":32,"key":"RECALL"}],"neow_cost":"NONE","seed_source_timestamp":51177485018409,"circlet_count":0,"master_deck":["AscendersBane","Strike_B","Strike_B+1","Strike_B","Defend_B","Defend_B","Defend_B","Defend_B","Zap+1","Dualcast+1","Glacier","Loop","Sunder+1","Melter+1","Doom and Gloom+1","Coolheaded","Cold Snap+1","Self Repair","Electrodynamics","Undo","Tempest","Tempest","Self Repair","Redo+1","Skim","Reboot"],"special_seed":0,"relics":["Cracked Core","NeowsBlessing","Molten Egg 2","Pear","Bronze Scales","Anchor","Art of War","Orichalcum","Fusion Hammer","Smiling Mask","Tiny Chest","Calipers","Juzu Bracelet"],"potions_floor_usage":[8,13,13,16,16,24,25,33,33],"damage_taken":[{"damage":0.0,"enemies":"Small Slimes","floor":1.0,"turns":1.0},{"damage":0.0,"enemies":"Jaw Worm","floor":4.0,"turns":1.0},{"damage":0.0,"enemies":"Lagavulin","floor":6.0,"turns":1.0},{"damage":12,"enemies":"Gremlin Nob","floor":8,"turns":3},{"damage":0,"enemies":"Cultist","floor":11,"turns":2},{"damage":31,"enemies":"Lagavulin","floor":13,"turns":4},{"damage":3,"enemies":"Blue Slaver","floor":14,"turns":3},{"damage":14,"enemies":"Hexaghost","floor":16,"turns":8},{"damage":3,"enemies":"2 Thieves","floor":18,"turns":4},{"damage":6,"enemies":"Spheric Guardian","floor":19,"turns":3},{"damage":5,"enemies":"3 Cultists","floor":21,"turns":3},{"damage":23,"enemies":"Book of Stabbing","floor":24,"turns":5},{"damage":19,"enemies":"Snake Plant","floor":25,"turns":4},{"damage":18,"enemies":"Gremlin Leader","floor":27,"turns":6},{"damage":12,"enemies":"Centurion and Healer","floor":29,"turns":5},{"damage":13,"enemies":"Snecko","floor":30,"turns":5},{"damage":99,"enemies":"Champ","floor":33,"turns":11}],"seed_played":"-5644071315076815329","potions_obtained":[{"floor":1.0,"key":"FearPotion"},{"floor":8,"key":"PowerPotion"},{"floor":13,"key":"Poison Potion"},{"floor":14,"key":"Poison Potion"},{"floor":18,"key":"EssenceOfSteel"},{"floor":24,"key":"Block Potion"},{"floor":30,"key":"Explosive Potion"}],"is_trial":false,"path_per_floor":["M","?","?","M","$","E","R","E","T","R","M","T","E","M","R","B",null,"M","M","$","M","?","R","E","M","T","E","R","M","M","T","R","B"],"character_chosen":"DEFECT","items_purchased":["Sunder+1","Regen Potion","PowerPotion"],"campfire_rested":4,"item_purchase_floors":[5,5,20],"current_hp_per_floor":[64,43,25,25,25,35,35,23,23,47,47,47,28,25,49,42,71,75,76,76,71,48,73,57,52,52,48,73,75,76,76,76,0],"gold":323,"neow_bonus":"THREE_ENEMY_KILL","is_prod":false,"is_daily":false,"chose_seed":false,"campfire_upgraded":1,"win_rate":0,"timestamp":1566719092,"path_taken":["M","?","?","M","$","E","R","E","T","R","M","?","E","M","R","BOSS","M","M","$","M","?","R","E","M","T","E","R","M","M","?","R","BOSS"],"build_version":"2019-07-17","purchased_purges":1,"victory":false,"max_hp_per_floor":[71,71,71,71,71,81,81,81,81,81,81,81,81,81,81,81,81,81,81,81,81,86,86,86,86,86,86,86,86,86,86,86,86],"card_choices":[{"not_picked":["Steam Power","Reprogram"],"picked":"Glacier","floor":1.0},{"not_picked":["Aggregate","Sweeping Beam+1"],"picked":"Loop","floor":4.0},{"not_picked":["Sunder+1","Reinforced Body"],"picked":"Melter+1","floor":6.0},{"not_picked":["Hello World","Compile Driver+1"],"picked":"Doom and Gloom+1","floor":8},{"not_picked":["Rebound+1","Chaos"],"picked":"Coolheaded","floor":11},{"not_picked":["Aggregate","Hologram"],"picked":"Cold Snap+1","floor":13},{"not_picked":["Stack","Go for the Eyes+1"],"picked":"Self Repair","floor":14},{"not_picked":["Machine Learning","Meteor Strike+1"],"picked":"Electrodynamics","floor":16},{"not_picked":["Leap","Barrage+1"],"picked":"Undo","floor":18},{"not_picked":["Turbo","Redo"],"picked":"Tempest","floor":19},{"not_picked":["Double Energy","Static Discharge"],"picked":"Tempest","floor":21},{"not_picked":["Scrape+1","Streamline+1"],"picked":"Self Repair","floor":24},{"not_picked":["Blizzard+1","Ball Lightning+1"],"picked":"Redo+1","floor":25},{"not_picked":["Fusion","Melter+1"],"picked":"Skim","floor":27},{"not_picked":["Leap","Stack"],"picked":"Reboot","floor":29},{"not_picked":["Rebound+1","Fusion","Gash+1"],"picked":"SKIP","floor":30}],"player_experience":702455,"relics_obtained":[{"floor":6.0,"key":"Pear"},{"floor":8,"key":"Bronze Scales"},{"floor":9,"key":"Anchor"},{"floor":12,"key":"Art of War"},{"floor":13,"key":"Orichalcum"},{"floor":24,"key":"Smiling Mask"},{"floor":26,"key":"Tiny Chest"},{"floor":27,"key":"Calipers"},{"floor":31,"key":"Juzu Bracelet"}],"event_choices":[{"damage_healed":0.0,"max_hp_gain":0.0,"max_hp_loss":0.0,"gold_gain":0.0,"event_name":"Shining Light","player_choice":"Entered Light","floor":2.0,"gold_loss":0.0,"damage_taken":21.0,"cards_upgraded":["Strike_B","Dualcast"]},{"damage_healed":0.0,"max_hp_gain":0.0,"max_hp_loss":0.0,"gold_gain":0.0,"event_name":"Scrap Ooze","player_choice":"Success","floor":3.0,"gold_loss":0.0,"damage_taken":18.0,"relics_obtained":["Molten Egg 2"]},{"damage_healed":0,"gold_gain":0,"player_choice":"Shed Blood","damage_taken":28,"max_hp_gain":5,"max_hp_loss":0,"event_name":"Forgotten Altar","floor":22,"gold_loss":0}],"is_beta":false,"boss_relics":[{"not_picked":["Runic Pyramid","Cursed Key"],"picked":"Fusion Hammer"}],"items_purged_floors":[20],"is_endless":false,"potions_floor_spawned":[1,8,13,14,18,24,30],"killed_by":"Champ","ascension_level":17}