{"gold_per_floor":[117,192,192,212,228,228,257,257,283,311,326,342,342,356,356,458,458,470,6,24,24,39,39,65,65,65,92,106,116,141,151,151,151],"floor_reached":33,"playtime":1836,"items_purged":["Writhe"],"score":499,"play_id":"6371d175-7c14-4f75-81cc-6912a8621fcd","local_time":"20190816214806","is_ascension_mode":true,"campfire_choices":[{"data":"Zap","floor":6,"key":"SMITH"},{"data":"Dualcast","floor":8,"key":"SMITH"},{"floor":13,"key":"REST"},{"data":"Self Repair","floor":15,"key":"SMITH"},{"floor":23,"key":"REST"},{"data":"Fission","floor":25,"key":"SMITH"},{"data":"Fission","floor":32,"key":"SMITH"}],"neow_cost":"NONE","seed_source_timestamp":87993105468800,"circlet_count":0,"master_deck":["Strike_B","Strike_B","Defend_B+1","Defend_B","Defend_B","Defend_B","Zap+1","Dualcast+1","Rebound","Self Repair+1","Coolheaded","Streamline","Coolheaded+1","Leap","Chill","Fission+1","Hyperbeam+1","Auto Shields+1","Compile Driver","Leap+1","Conserve Battery","Fission+1","Skim+1","Undo+1","BootSequence"],"relics":["Cracked Core","NeowsBlessing","Centennial Puzzle","Ancient Tea Set","Regal Pillow","Astrolabe","Membership Card","Thread and Needle","Nloth\u0027s Gift","Bronze Scales","Dead Branch","War Paint","Pen Nib"],"potions_floor_usage":[7,16,16,20,20,29,33,33],"damage_taken":[{"damage":0,"enemies":"Cultist","floor":1,"turns":1},{"damage":0,"enemies":"Jaw Worm","floor":4,"turns":1},{"damage":0,"enemies":"2 Louse","floor":5,"turns":1},{"damage":18,"enemies":"3 Sentries","floor":7,"turns":7},{"damage":25,"enemies":"Gremlin Nob","floor":10,"turns":4},{"damage":15,"enemies":"Exordium Thugs","floor":11,"turns":3},{"damage":17,"enemies":"Lots of Slimes","floor":12,"turns":5},{"damage":11,"enemies":"Large Slime","floor":14,"turns":6},{"damage":20,"enemies":"The Guardian","floor":16,"turns":15},{"damage":32,"enemies":"Shell Parasite","floor":18,"turns":9},{"damage":21,"enemies":"3 Byrds","floor":20,"turns":5},{"damage":9,"enemies":"3 Cultists","floor":22,"turns":4},{"damage":29,"enemies":"Gremlin Leader","floor":24,"turns":8},{"damage":0,"enemies":"Slavers","floor":27,"turns":3},{"damage":0,"enemies":"Centurion and Healer","floor":28,"turns":7},{"damage":16,"enemies":"Snake Plant","floor":29,"turns":3},{"damage":14,"enemies":"Book of Stabbing","floor":30,"turns":7},{"damage":9,"enemies":"Snecko","floor":31,"turns":7},{"damage":108,"enemies":"Champ","floor":33,"turns":19}],"seed_played":"6446588533909004871","potions_obtained":[{"floor":4,"key":"Weak Potion"},{"floor":5,"key":"PowerPotion"},{"floor":7,"key":"AttackPotion"},{"floor":11,"key":"Weak Potion"},{"floor":16,"key":"AttackPotion"},{"floor":20,"key":"Swift Potion"},{"floor":27,"key":"Ancient Potion"},{"floor":29,"key":"Strength Potion"},{"floor":30,"key":"FearPotion"}],"is_trial":false,"path_per_floor":["M","?","?","M","M","R","E","R","T","E","M","M","R","M","R","B",null,"M","$","M","?","M","R","E","R","T","E","M","M","E","M","R","B"],"character_chosen":"DEFECT","items_purchased":["Membership Card","Thread and Needle","Bag of Preparation"],"campfire_rested":2,"item_purchase_floors":[19,19,19],"current_hp_per_floor":[68,57,57,57,64,64,53,53,53,35,27,17,54,50,50,40,66,44,44,33,33,34,71,52,52,52,62,72,66,62,63,63,0],"gold":151,"neow_bonus":"THREE_ENEMY_KILL","is_prod":false,"is_daily":false,"chose_seed":false,"campfire_upgraded":5,"win_rate":0,"timestamp":1565959686,"path_taken":["M","?","?","M","M","R","E","R","T","E","M","?","R","M","R","BOSS","M","$","M","?","?","R","E","R","T","E","M","M","E","M","R","BOSS"],"build_version":"2019-07-17","purchased_purges":1,"victory":false,"max_hp_per_floor":[75,75,75,75,75,75,75,75,75,75,75,75,75,75,75,75,75,75,75,75,75,75,75,75,75,75,75,75,75,75,75,75,75],"card_choices":[{"not_picked":["Heatsinks","Skim"],"picked":"Rebound","floor":1},{"not_picked":["Rebound","Doom and Gloom"],"picked":"Self Repair","floor":4},{"not_picked":["Compile Driver","Gash"],"picked":"Coolheaded","floor":5},{"not_picked":["Rebound","Ball Lightning"],"picked":"Streamline","floor":7},{"not_picked":["Barrage","Sweeping Beam","Rip and Tear"],"picked":"SKIP","floor":10},{"not_picked":["Multi-Cast","Go for the Eyes"],"picked":"Coolheaded","floor":11},{"not_picked":["Redo","Beam Cell"],"picked":"Leap","floor":12},{"not_picked":["Steam","Melter"],"picked":"Chill","floor":14},{"not_picked":["Buffer","Amplify"],"picked":"Fission","floor":16},{"not_picked":["Loop","Ball Lightning+1"],"picked":"Compile Driver","floor":18},{"not_picked":["Auto Shields","Fusion"],"picked":"Leap+1","floor":20},{"not_picked":["Redo","Leap"],"picked":"Conserve Battery","floor":22},{"not_picked":["Thunder Strike","Leap"],"picked":"Fission","floor":24},{"not_picked":["Doom and Gloom","Chill"],"picked":"Skim+1","floor":27},{"not_picked":["Rebound","Beam Cell","Sweeping Beam"],"picked":"SKIP","floor":28},{"not_picked":["Reprogram+1","Self Repair"],"picked":"Undo+1","floor":29},{"not_picked":["Turbo","Tempest","Go for the Eyes"],"picked":"SKIP","floor":30},{"not_picked":["Redo","Turbo"],"picked":"BootSequence","floor":31}],"player_experience":171679,"relics_obtained":[{"floor":7,"key":"Centennial Puzzle"},{"floor":9,"key":"Ancient Tea Set"},{"floor":10,"key":"Regal Pillow"},{"floor":24,"key":"Bronze Scales"},{"floor":26,"key":"Dead Branch"},{"floor":27,"key":"War Paint"},{"floor":30,"key":"Pen Nib"}],"event_choices":[{"damage_healed":0,"gold_gain":75,"player_choice":"Gather Gold","damage_taken":11,"max_hp_gain":0,"max_hp_loss":0,"event_name":"World of Goop","floor":2,"gold_loss":0},{"damage_healed":0,"gold_gain":0,"player_choice":"Cursed","damage_taken":0,"max_hp_gain":0,"max_hp_loss":0,"event_name":"Wheel of Change","floor":3,"gold_loss":0,"cards_obtained":["Decay"]},{"damage_healed":0,"gold_gain":0,"player_choice":"Traded Relic","damage_taken":0,"relics_obtained":["Nloth\u0027s Gift"],"max_hp_gain":0,"max_hp_loss":0,"event_name":"N\u0027loth","floor":21,"relics_lost":["Bag of Preparation"],"gold_loss":0}],"is_beta":false,"boss_relics":[{"not_picked":["FrozenCore","Empty Cage"],"picked":"Astrolabe"}],"items_purged_floors":[19],"is_endless":false,"potions_floor_spawned":[4,5,7,11,16,20,27,29,30,31],"killed_by":"Champ","ascension_level":9}