{"gold_per_floor":[115,138,158,158,158,186,196,196,269,287,318,336,9,70,70,142,142,162,5,5,22,22,22,22],"floor_reached":24,"playtime":611,"items_purged":["Strike_G"],"score":478,"play_id":"39079f3c-6133-4d5e-9983-e00799957a28","local_time":"20190425214047","is_ascension_mode":true,"campfire_choices":[{"data":"Noxious Fumes","floor":8.0,"key":"SMITH"},{"floor":15,"key":"REST"},{"data":"Glass Knife","floor":23,"key":"SMITH"}],"neow_cost":"NONE","seed_source_timestamp":70637887391296,"circlet_count":0,"master_deck":["AscendersBane","Defend_G","Defend_G","Defend_G","Defend_G","Defend_G","Strike_G+1","Strike_G+1","Strike_G+1","Strike_G","Survivor","Neutralize+1","Deadly Poison","Noxious Fumes+1","Crippling Poison","Cloak And Dagger","Bane","Sucker Punch","Deadly Poison","Caltrops","Glass Knife+1","Dagger Spray","Dagger Spray"],"special_seed":0,"relics":["Ring of the Snake","NeowsBlessing","Whetstone","Boot","Darkstone Periapt","Mummified Hand","WingedGreaves","Toolbox","Tiny Chest","Philosopher\u0027s Stone","Oddly Smooth Stone"],"potions_floor_usage":[14,18,24],"damage_taken":[{"damage":0.0,"enemies":"Cultist","floor":1.0,"turns":1.0},{"damage":0.0,"enemies":"2 Louse","floor":3.0,"turns":1.0},{"damage":0.0,"enemies":"Lagavulin","floor":6.0,"turns":1.0},{"damage":4.0,"enemies":"Small Slimes","floor":7.0,"turns":3.0},{"damage":8.0,"enemies":"Exordium Thugs","floor":10.0,"turns":4.0},{"damage":8.0,"enemies":"Gremlin Nob","floor":11.0,"turns":3.0},{"damage":9.0,"enemies":"Exordium Wildlife","floor":12.0,"turns":3.0},{"damage":9,"enemies":"3 Sentries","floor":14,"turns":7},{"damage":1,"enemies":"The Guardian","floor":16,"turns":8},{"damage":15,"enemies":"3 Byrds","floor":18,"turns":5},{"damage":5,"enemies":"Shell Parasite","floor":21,"turns":4},{"damage":44,"enemies":"Gremlin Leader","floor":24,"turns":4}],"seed_played":"886136810768802955","potions_obtained":[{"floor":3.0,"key":"Strength Potion"},{"floor":6.0,"key":"Energy Potion"},{"floor":10.0,"key":"Swift Potion"},{"floor":12.0,"key":"Swift Potion"},{"floor":14,"key":"Weak Potion"},{"floor":21,"key":"Dexterity Potion"}],"is_trial":false,"path_per_floor":["M","T","M","?","?","E","M","R","T","M","E","M","$","E","R","B",null,"M","$","?","M","$","R","E"],"character_chosen":"THE_SILENT","items_purchased":["Deadly Poison","Toolbox","Oddly Smooth Stone"],"campfire_rested":1,"item_purchase_floors":[13,13,19],"current_hp_per_floor":[59,59,59,39,39,39,35,35,35,27,19,10,10,1,20,19,54,39,39,39,34,34,34,0],"gold":22,"neow_bonus":"THREE_ENEMY_KILL","is_prod":false,"is_daily":false,"chose_seed":false,"campfire_upgraded":2,"win_rate":0,"timestamp":1556253647,"path_taken":["M","?","M","?","?","E","M","R","T","?","E","M","$","E","R","BOSS","M","$","?","?","?","R","E"],"build_version":"2019-04-23","purchased_purges":1,"victory":false,"max_hp_per_floor":[66,66,66,66,66,66,66,66,66,66,66,66,66,66,66,66,66,66,66,66,66,66,66,66],"card_choices":[{"not_picked":["Heel Hook","Backflip"],"picked":"Deadly Poison","floor":1.0},{"not_picked":["Infinite Blades","Accuracy"],"picked":"Noxious Fumes","floor":3.0},{"not_picked":["Finisher","Slice"],"picked":"Crippling Poison","floor":7.0},{"not_picked":["Accuracy","Outmaneuver"],"picked":"Cloak And Dagger","floor":10.0},{"not_picked":["Finisher","Dodge and Roll"],"picked":"Bane","floor":11.0},{"not_picked":["Outmaneuver","Acrobatics"],"picked":"Sucker Punch","floor":12.0},{"not_picked":["Infinite Blades","Skewer"],"picked":"Caltrops","floor":14},{"not_picked":["Phantasmal Killer","Unload"],"picked":"Glass Knife","floor":16},{"not_picked":["Deflect","Dodge and Roll"],"picked":"Dagger Spray","floor":18},{"not_picked":["Dodge and Roll","Underhanded Strike"],"picked":"Dagger Spray","floor":21}],"player_experience":1434440,"relics_obtained":[{"floor":2.0,"key":"Whetstone"},{"floor":6.0,"key":"Darkstone Periapt"},{"floor":9.0,"key":"Mummified Hand"},{"floor":11.0,"key":"WingedGreaves"},{"floor":14,"key":"Tiny Chest"}],"event_choices":[{"damage_healed":0.0,"max_hp_gain":0.0,"max_hp_loss":0.0,"gold_gain":0.0,"event_name":"Shining Light","player_choice":"Entered Light","floor":4.0,"gold_loss":0.0,"damage_taken":20.0,"cards_upgraded":["Strike_G","Neutralize"]},{"damage_healed":0.0,"max_hp_gain":0.0,"max_hp_loss":0.0,"gold_gain":0.0,"event_name":"WeMeetAgain","player_choice":"Gave Potion","floor":5.0,"gold_loss":0.0,"damage_taken":0.0,"relics_obtained":["Boot"]},{"damage_healed":0,"gold_gain":0,"player_choice":"0 cards matched","damage_taken":0,"max_hp_gain":0,"max_hp_loss":0,"event_name":"Match and Keep!","floor":20,"gold_loss":0,"cards_obtained":[]}],"is_beta":true,"boss_relics":[{"not_picked":["Calling Bell","Runic Pyramid"],"picked":"Philosopher\u0027s Stone"}],"items_purged_floors":[13],"is_endless":false,"potions_floor_spawned":[3,6,10,12,14,21],"killed_by":"Gremlin Leader","ascension_level":20}