{"gold_per_floor":[109,34,54,54,67,67,85,115,194,194],"floor_reached":10,"playtime":232,"items_purged":[],"score":136,"play_id":"2f246b26-8852-4233-a6e9-128752f7c92a","local_time":"20190726001413","is_ascension_mode":true,"campfire_choices":[{"data":"Capacitor","floor":6.0,"key":"SMITH"}],"neow_cost":"NONE","seed_source_timestamp":2821893958088,"circlet_count":0,"master_deck":["AscendersBane","Strike_B","Strike_B","Strike_B","Strike_B","Defend_B","Defend_B","Defend_B","Defend_B","Zap+1","Dualcast","Streamline","Cold Snap","Leap","Ball Lightning","Capacitor+1","Doom and Gloom","Coolheaded"],"special_seed":0,"relics":["Philosopher\u0027s Stone","Bottled Flame","Tiny Chest"],"potions_floor_usage":[10],"damage_taken":[{"damage":0.0,"enemies":"Cultist","floor":1.0,"turns":4.0},{"damage":13.0,"enemies":"Jaw Worm","floor":3.0,"turns":4.0},{"damage":0.0,"enemies":"2 Louse","floor":5.0,"turns":2.0},{"damage":9.0,"enemies":"Blue Slaver","floor":7.0,"turns":4.0},{"damage":18.0,"enemies":"Lagavulin","floor":8.0,"turns":5.0},{"damage":2,"enemies":"3 Sentries","floor":10,"turns":2}],"seed_played":"-3677949706396062476","potions_obtained":[{"floor":3.0,"key":"AttackPotion"},{"floor":8,"key":"SneckoOil"}],"is_trial":false,"path_per_floor":["M","$","M","?","M","R","M","E","T","E"],"character_chosen":"DEFECT","items_purchased":["Cold Snap","Leap"],"campfire_rested":0,"item_purchase_floors":[2,2],"current_hp_per_floor":[64,64,51,51,51,51,42,24,24,22],"gold":194,"neow_bonus":"BOSS_RELIC","is_prod":false,"is_daily":false,"chose_seed":false,"campfire_upgraded":1,"win_rate":0,"timestamp":1564125253,"path_taken":["M","?","M","?","?","R","M","E","T","E"],"build_version":"2019-07-18","purchased_purges":0,"victory":false,"max_hp_per_floor":[71,71,71,71,71,71,71,71,71,71],"card_choices":[{"not_picked":["Beam Cell","Turbo"],"picked":"Streamline","floor":1.0},{"not_picked":["Storm","Go for the Eyes"],"picked":"Ball Lightning","floor":3.0},{"not_picked":["Beam Cell","Aggregate"],"picked":"Capacitor","floor":5.0},{"not_picked":["Reinforced Body","Steam Power"],"picked":"Doom and Gloom","floor":7.0},{"not_picked":["Genetic Algorithm","Lockon"],"picked":"Coolheaded","floor":8}],"player_experience":1368659,"relics_obtained":[{"floor":8,"key":"Bottled Flame"},{"floor":9,"key":"Tiny Chest"}],"event_choices":[{"damage_healed":0.0,"max_hp_gain":0.0,"max_hp_loss":0.0,"gold_gain":0.0,"event_name":"Upgrade Shrine","player_choice":"Upgraded","floor":4.0,"gold_loss":0.0,"damage_taken":0.0,"cards_upgraded":["Zap"]}],"is_beta":true,"boss_relics":[],"items_purged_floors":[],"is_endless":false,"potions_floor_spawned":[3,8],"killed_by":"3 Sentries","ascension_level":20}