{"gold_per_floor":[99,99,24,24,24,24,24,24,24,24,24,24,24],"floor_reached":13,"playtime":297,"items_purged":["Pain"],"score":166,"play_id":"dabe6461-dfd0-4b30-a4c2-e3349e2d2981","local_time":"20190228183445","is_ascension_mode":true,"campfire_choices":[{"data":"Zap","floor":6.0,"key":"SMITH"}],"neow_cost":"NONE","seed_source_timestamp":5072338552006,"circlet_count":0,"master_deck":["AscendersBane","Strike_B","Strike_B","Strike_B","Defend_B","Defend_B","Defend_B","Defend_B","Zap+1","Dualcast","Conserve Battery","Gash","Coolheaded","Cold Snap"],"special_seed":0,"relics":["Ectoplasm","WarpedTongs","Gambling Chip","Frozen Egg 2","Cables","Pantograph"],"potions_floor_usage":[11,11],"damage_taken":[{"damage":2.0,"enemies":"Jaw Worm","floor":1.0,"turns":4.0},{"damage":1.0,"enemies":"Cultist","floor":4.0,"turns":4.0},{"damage":5.0,"enemies":"2 Louse","floor":5.0,"turns":2.0},{"damage":10,"enemies":"Lagavulin","floor":11,"turns":5},{"damage":10,"enemies":"Gremlin Gang","floor":12,"turns":5},{"damage":27,"enemies":"Gremlin Nob","floor":13,"turns":4}],"seed_played":"2416328005919279040","potions_obtained":[{"floor":1.0,"key":"Poison Potion"},{"floor":5.0,"key":"Swift Potion"},{"floor":12,"key":"LiquidBronze"}],"is_trial":false,"path_per_floor":["M","?","$","M","M","R","?","T","T","?","E","M","E"],"character_chosen":"DEFECT","items_purchased":[],"campfire_rested":0,"item_purchase_floors":[],"current_hp_per_floor":[62,62,62,61,56,56,45,45,45,45,35,25,0],"gold":24,"neow_bonus":"BOSS_RELIC","is_prod":false,"is_daily":false,"chose_seed":false,"campfire_upgraded":1,"win_rate":0,"timestamp":1551407685,"path_taken":["M","?","$","?","M","R","?","?","T","?","E","M","E"],"build_version":"2019-02-06","purchased_purges":1,"victory":false,"max_hp_per_floor":[71,71,71,71,71,71,71,71,71,71,71,71,71],"card_choices":[{"not_picked":["Barrage","Sweeping Beam"],"picked":"Conserve Battery","floor":1.0},{"not_picked":["Lockon","Double Energy"],"picked":"Gash","floor":5.0},{"not_picked":["Turbo","Redo"],"picked":"Coolheaded","floor":11},{"not_picked":["Hologram","Turbo"],"picked":"Cold Snap","floor":12}],"player_experience":1231542,"relics_obtained":[{"floor":8.0,"key":"Frozen Egg 2"},{"floor":9.0,"key":"Cables"},{"floor":11,"key":"Pantograph"}],"event_choices":[{"damage_healed":0.0,"max_hp_gain":0.0,"max_hp_loss":0.0,"gold_gain":0.0,"event_name":"Accursed Blacksmith","player_choice":"Rummage","floor":2.0,"gold_loss":0.0,"damage_taken":0.0,"relics_obtained":["WarpedTongs"],"cards_obtained":["Pain"]},{"damage_healed":0.0,"max_hp_gain":0.0,"max_hp_loss":0.0,"gold_gain":0.0,"event_name":"Scrap Ooze","player_choice":"Success","floor":7.0,"gold_loss":0.0,"damage_taken":11.0,"relics_obtained":["Gambling Chip"]},{"cards_removed":["Strike_B"],"damage_healed":0.0,"max_hp_gain":0.0,"max_hp_loss":0.0,"gold_gain":0.0,"event_name":"Purifier","player_choice":"Purged","floor":10.0,"gold_loss":0.0,"damage_taken":0.0}],"is_beta":true,"boss_relics":[],"items_purged_floors":[3],"is_endless":false,"potions_floor_spawned":[1,5,12],"killed_by":"Gremlin Nob","ascension_level":20}