{"gold_per_floor":[116,69,69,69,17,42,42,73,99,111,140,140,153,184,184,280,280,297,297,312,237,247,282,293,218,241,241,292,292,242,270,270,372,372,386,386,36,36,36,52,52,63,63,90,107,140,155,105,105,105],"floor_reached":51,"playtime":830,"items_purged":["Defend_R","Strike_R","Strike_R","Strike_R"],"score":924,"play_id":"60a14dbe-c77c-442b-9b1b-d769efb59c60","local_time":"20190223172053","is_ascension_mode":true,"campfire_choices":[{"data":"Bash","floor":7.0,"key":"SMITH"},{"data":"Dual Wield","floor":15.0,"key":"SMITH"},{"data":"Clash","floor":27.0,"key":"SMITH"},{"data":"Clash","floor":29.0,"key":"SMITH"},{"data":"Clash","floor":32.0,"key":"SMITH"},{"floor":41.0,"key":"DIG"},{"floor":49,"key":"REST"}],"neow_cost":"NONE","seed_source_timestamp":6586592986664,"circlet_count":0,"master_deck":["Strike_R","Bash+1","Shrug It Off","Clash+1","Clash","Clash+1","Clash+1","Dual Wield+1","Clash+1","Fire Breathing+1","Offering","Clash+1"],"special_seed":0,"relics":["Burning Blood","NeowsBlessing","Du-Vu Doll","Red Skull","Bag of Marbles","Pen Nib","Odd Mushroom","Frozen Egg 2","Empty Cage","Smiling Mask","Lantern","Strawberry","Molten Egg 2","Black Star","Shovel","Blue Candle","Incense Burner","Darkstone Periapt","Sundial","Regal Pillow","Vajra"],"potions_floor_usage":[44,44,50,50],"damage_taken":[{"damage":0.0,"enemies":"Cultist","floor":1.0,"turns":1.0},{"damage":0.0,"enemies":"3 Sentries","floor":6.0,"turns":1.0},{"damage":0.0,"enemies":"Lagavulin","floor":8.0,"turns":1.0},{"damage":6.0,"enemies":"Jaw Worm","floor":10.0,"turns":2.0},{"damage":0.0,"enemies":"The Mushroom Lair","floor":11.0,"turns":2.0},{"damage":0.0,"enemies":"2 Louse","floor":13.0,"turns":2.0},{"damage":0.0,"enemies":"Gremlin Nob","floor":14.0,"turns":2.0},{"damage":39.0,"enemies":"The Guardian","floor":16.0,"turns":5.0},{"damage":0.0,"enemies":"Spheric Guardian","floor":18.0,"turns":3.0},{"damage":0.0,"enemies":"2 Thieves","floor":20.0,"turns":1.0},{"damage":0.0,"enemies":"Shelled Parasite and Fungi","floor":22.0,"turns":1.0},{"damage":18.0,"enemies":"Gremlin Leader","floor":23.0,"turns":3.0},{"damage":0.0,"enemies":"Cultist and Chosen","floor":24.0,"turns":2.0},{"damage":4.0,"enemies":"Book of Stabbing","floor":31.0,"turns":2.0},{"damage":25.0,"enemies":"Collector","floor":33.0,"turns":3.0},{"damage":16.0,"enemies":"3 Darklings","floor":35.0,"turns":3.0},{"damage":0.0,"enemies":"Orb Walker","floor":40.0,"turns":1.0},{"damage":31.0,"enemies":"Maw","floor":42.0,"turns":3.0},{"damage":16,"enemies":"Nemesis","floor":44,"turns":3},{"damage":6,"enemies":"Sphere and 2 Shapes","floor":45,"turns":1},{"damage":1,"enemies":"Reptomancer","floor":46,"turns":2},{"damage":6,"enemies":"3 Darklings","floor":47,"turns":1},{"damage":73,"enemies":"Time Eater","floor":50,"turns":5}],"seed_played":"5869715894753706055","potions_obtained":[{"floor":1.0,"key":"AttackPotion"},{"floor":10.0,"key":"SteroidPotion"},{"floor":12.0,"key":"AttackPotion"},{"floor":24.0,"key":"FearPotion"},{"floor":40.0,"key":"Poison Potion"},{"floor":44,"key":"Poison Potion"},{"floor":45,"key":"Explosive Potion"}],"is_trial":false,"path_per_floor":["M","$","?","T","$","E","R","E","T","M","?","?","M","E","R","B",null,"M","?","M","$","M","E","M","?","T","R","T","R","$","E","R","B",null,"M","?","$","?","?","M","R","M","T","E","M","E","M","$","R","B",null],"character_chosen":"IRONCLAD","items_purchased":["Clash","Clash","Shovel"],"campfire_rested":1,"item_purchase_floors":[2,5,37],"current_hp_per_floor":[80,80,80,80,80,80,80,80,80,80,80,80,80,80,80,47,80,80,80,80,80,80,68,74,74,74,74,81,81,81,83,83,64,87,77,77,77,77,77,83,83,58,58,48,48,53,53,53,83,16],"gold":105,"neow_bonus":"THREE_ENEMY_KILL","is_prod":false,"is_daily":false,"chose_seed":false,"campfire_upgraded":5,"win_rate":0,"timestamp":1550971253,"path_taken":["M","$","?","?","?","E","R","E","T","M","?","?","?","E","R","BOSS","M","?","M","$","M","E","M","?","T","R","?","R","?","E","R","BOSS","M","?","$","?","?","M","R","M","T","E","?","E","M","$","R","BOSS"],"build_version":"2019-02-06","purchased_purges":4,"victory":true,"max_hp_per_floor":[80,80,80,80,80,80,80,80,80,80,80,80,80,80,80,80,80,80,80,80,80,80,80,80,80,80,80,87,87,87,87,87,87,87,87,87,87,83,83,83,83,83,83,83,83,83,83,83,83,83],"card_choices":[{"not_picked":["Power Through","Sword Boomerang"],"picked":"Shrug It Off","floor":1.0},{"not_picked":["Heavy Blade","Thunderclap"],"picked":"Clash","floor":6.0},{"not_picked":["Rupture","Twin Strike"],"picked":"Clash","floor":13.0},{"not_picked":["Combust","Flex"],"picked":"Dual Wield","floor":14.0},{"not_picked":["True Grit","Rage"],"picked":"Clash","floor":18.0},{"not_picked":["Entrench","Heavy Blade"],"picked":"Fire Breathing+1","floor":22.0},{"not_picked":["Wild Strike","Sword Boomerang","Sever Soul+1"],"picked":"SKIP","floor":23.0},{"not_picked":["Sentinel","Headbutt+1","Heavy Blade+1"],"picked":"SKIP","floor":24.0},{"not_picked":["Power Through","Clothesline","Fiend Fire"],"picked":"SKIP","floor":31.0},{"not_picked":["Exhume","Berserk+1"],"picked":"Offering","floor":33.0},{"not_picked":["Inflame+1","Havoc+1","Warcry"],"picked":"SKIP","floor":35.0},{"not_picked":["Rage","True Grit"],"picked":"Clash+1","floor":40.0},{"not_picked":["True Grit","Cleave+1","Immolate+1"],"picked":"SKIP","floor":42.0},{"not_picked":["Evolve+1","Wild Strike+1","Clothesline+1"],"picked":"SKIP","floor":44},{"not_picked":["Cleave+1","Pummel+1","Reckless Charge+1"],"picked":"SKIP","floor":45},{"not_picked":["Armaments+1","Spot Weakness","Twin Strike+1"],"picked":"SKIP","floor":46},{"not_picked":["Heavy Blade+1","Twin Strike+1","Iron Wave+1"],"picked":"SKIP","floor":47}],"player_experience":1215665,"relics_obtained":[{"floor":4.0,"key":"Du-Vu Doll"},{"floor":6.0,"key":"Red Skull"},{"floor":8.0,"key":"Bag of Marbles"},{"floor":9.0,"key":"Pen Nib"},{"floor":11.0,"key":"Odd Mushroom"},{"floor":14.0,"key":"Frozen Egg 2"},{"floor":23.0,"key":"Smiling Mask"},{"floor":26.0,"key":"Lantern"},{"floor":28.0,"key":"Strawberry"},{"floor":31.0,"key":"Molten Egg 2"},{"floor":41.0,"key":"Blue Candle"},{"floor":43.0,"key":"Incense Burner"},{"floor":44,"key":"Darkstone Periapt"},{"floor":44,"key":"Sundial"},{"floor":46,"key":"Regal Pillow"},{"floor":46,"key":"Vajra"}],"event_choices":[{"cards_removed":["Defend_R"],"damage_healed":0.0,"max_hp_gain":0.0,"max_hp_loss":0.0,"gold_gain":0.0,"event_name":"Living Wall","player_choice":"Forget","floor":3.0,"gold_loss":0.0,"damage_taken":0.0},{"damage_healed":0.0,"max_hp_gain":0.0,"max_hp_loss":0.0,"gold_gain":0.0,"event_name":"Mushrooms","player_choice":"Fought Mushrooms","floor":11.0,"gold_loss":0.0,"damage_taken":0.0},{"damage_healed":0.0,"max_hp_gain":0.0,"max_hp_loss":0.0,"gold_gain":0.0,"event_name":"Lab","player_choice":"Got Potions","floor":12.0,"gold_loss":0.0,"damage_taken":0.0},{"damage_healed":26.0,"max_hp_gain":0.0,"max_hp_loss":0.0,"gold_gain":0.0,"event_name":"The Library","player_choice":"Heal","floor":19.0,"gold_loss":0.0,"damage_taken":0.0},{"cards_removed":["Strike_R"],"damage_healed":0.0,"max_hp_gain":0.0,"max_hp_loss":0.0,"gold_gain":0.0,"event_name":"Beggar","player_choice":"Gave Gold","floor":25.0,"gold_loss":75.0,"damage_taken":0.0},{"damage_healed":0.0,"max_hp_gain":0.0,"max_hp_loss":0.0,"gold_gain":0.0,"event_name":"SensoryStone","player_choice":"Memory 1","floor":36.0,"gold_loss":0.0,"damage_taken":0.0},{"damage_healed":0.0,"max_hp_gain":0.0,"max_hp_loss":4.0,"gold_gain":0.0,"event_name":"Winding Halls","player_choice":"Max HP","floor":38.0,"gold_loss":0.0,"damage_taken":0.0},{"damage_healed":0.0,"max_hp_gain":0.0,"max_hp_loss":0.0,"gold_gain":0.0,"event_name":"Accursed Blacksmith","player_choice":"Forge","floor":39.0,"gold_loss":0.0,"damage_taken":0.0,"cards_upgraded":["Clash"]}],"is_beta":true,"boss_relics":[{"not_picked":["Runic Pyramid","Orrery"],"picked":"Empty Cage"},{"not_picked":["Pandora\u0027s Box","Snecko Eye"],"picked":"Black Star"}],"items_purged_floors":[21,30,37,48],"is_endless":false,"potions_floor_spawned":[1,10,14,18,20,24,40,42,44,45],"ascension_level":1}