{"gold_per_floor":[99,40,40,40,40,40,40,40,40,40,40,40,40,40,40,40,40,40,11,11,11,11,11,11,11,11,11,11,11,11,11,11,11],"floor_reached":33,"playtime":709,"items_purged":[],"score":587,"play_id":"5c1ef345-6ee4-444a-9a45-1f244025fd41","local_time":"20190707124226","is_ascension_mode":true,"campfire_choices":[{"data":"Bash","floor":6.0,"key":"SMITH"},{"data":"Perfected Strike","floor":8.0,"key":"SMITH"},{"floor":15.0,"key":"REST"},{"floor":24,"key":"REST"},{"floor":32,"key":"REST"}],"neow_cost":"NONE","seed_source_timestamp":27962732269905,"circlet_count":0,"master_deck":["AscendersBane","Strike_R","Strike_R","Strike_R","Strike_R","Strike_R","Defend_R","Defend_R","Defend_R","Defend_R","Bash+1","Perfected Strike+1","Cleave","Clothesline","Flame Barrier","Armaments+1","Bludgeon","Perfected Strike","Pommel Strike","Ghostly Armor","Perfected Strike+1","Perfected Strike"],"special_seed":0,"relics":["Ectoplasm","Singing Bowl","Matryoshka","Vajra","Ancient Tea Set","Mark of Pain","Letter Opener","Strawberry","Smiling Mask"],"potions_floor_usage":[33,33],"damage_taken":[{"damage":5.0,"enemies":"Small Slimes","floor":1.0,"turns":4.0},{"damage":2.0,"enemies":"Jaw Worm","floor":3.0,"turns":2.0},{"damage":7.0,"enemies":"2 Louse","floor":4.0,"turns":2.0},{"damage":28.0,"enemies":"3 Sentries","floor":7.0,"turns":7.0},{"damage":19.0,"enemies":"Gremlin Nob","floor":10.0,"turns":4.0},{"damage":0.0,"enemies":"Exordium Wildlife","floor":11.0,"turns":4.0},{"damage":8.0,"enemies":"Lagavulin","floor":12.0,"turns":5.0},{"damage":5.0,"enemies":"The Guardian","floor":16.0,"turns":11.0},{"damage":0.0,"enemies":"Chosen","floor":18.0,"turns":4.0},{"damage":39,"enemies":"Book of Stabbing","floor":23,"turns":5},{"damage":19,"enemies":"Shell Parasite","floor":27,"turns":3},{"damage":22,"enemies":"Shelled Parasite and Fungi","floor":29,"turns":4},{"damage":1,"enemies":"Centurion and Healer","floor":31,"turns":5},{"damage":58,"enemies":"Champ","floor":33,"turns":8}],"seed_played":"-5412297616112920255","potions_obtained":[{"floor":1.0,"key":"Block Potion"},{"floor":7.0,"key":"Block Potion"},{"floor":10.0,"key":"EssenceOfSteel"},{"floor":16.0,"key":"Block Potion"},{"floor":29,"key":"AttackPotion"},{"floor":31,"key":"Fire Potion"}],"is_trial":false,"path_per_floor":["M","$","M","M","?","R","E","R","T","E","M","E","?","$","R","B",null,"M","$","?","?","$","E","R","$","T","M","?","M","$","M","R","B"],"character_chosen":"IRONCLAD","items_purchased":["Perfected Strike","Pommel Strike"],"campfire_rested":3,"item_purchase_floors":[2,19],"current_hp_per_floor":[63,63,61,54,54,54,28,28,28,9,9,3,3,3,26,21,65,65,65,65,65,65,28,52,52,59,40,40,18,18,19,46,0],"gold":11,"neow_bonus":"BOSS_RELIC","is_prod":false,"is_daily":false,"chose_seed":false,"campfire_upgraded":2,"win_rate":0,"timestamp":1562528546,"path_taken":["M","$","M","M","?","R","E","R","T","E","M","E","?","?","R","BOSS","M","$","?","?","?","E","R","$","T","?","?","M","?","?","R","BOSS"],"build_version":"2019-07-03","purchased_purges":0,"victory":false,"max_hp_per_floor":[75,75,75,75,75,75,77,77,77,77,77,79,79,79,79,79,79,79,79,79,79,79,81,81,81,88,88,88,88,88,90,90,90],"card_choices":[{"not_picked":["Clash","Iron Wave"],"picked":"Cleave","floor":3.0},{"not_picked":["Heavy Blade","Brutality"],"picked":"Clothesline","floor":4.0},{"not_picked":["Corruption","Body Slam","Flex"],"picked":"Singing Bowl","floor":7.0},{"not_picked":["Clothesline","Armaments"],"picked":"Flame Barrier","floor":10.0},{"not_picked":["Pommel Strike","Corruption"],"picked":"Armaments","floor":11.0},{"not_picked":["Thunderclap","Headbutt","Wild Strike"],"picked":"Singing Bowl","floor":12.0},{"not_picked":["Barricade","Double Tap"],"picked":"Bludgeon","floor":16.0},{"not_picked":["Burning Pact","Feel No Pain"],"picked":"Perfected Strike","floor":18.0},{"not_picked":["Flex","Sword Boomerang","Rupture"],"picked":"Singing Bowl","floor":23},{"not_picked":["Reckless Charge","Hemokinesis"],"picked":"Ghostly Armor","floor":27},{"not_picked":["Cleave","Clothesline"],"picked":"Perfected Strike","floor":29},{"not_picked":["Heavy Blade","Second Wind","Seeing Red"],"picked":"Singing Bowl","floor":31}],"player_experience":1355496,"relics_obtained":[{"floor":7.0,"key":"Singing Bowl"},{"floor":9.0,"key":"Matryoshka"},{"floor":10.0,"key":"Vajra"},{"floor":12.0,"key":"Ancient Tea Set"},{"floor":23,"key":"Letter Opener"},{"floor":26,"key":"Strawberry"},{"floor":26,"key":"Smiling Mask"}],"event_choices":[{"damage_healed":0.0,"max_hp_gain":0.0,"max_hp_loss":0.0,"gold_gain":0.0,"event_name":"Scrap Ooze","player_choice":"Fled","floor":5.0,"gold_loss":0.0,"damage_taken":0.0},{"damage_healed":0.0,"max_hp_gain":0.0,"max_hp_loss":0.0,"gold_gain":0.0,"event_name":"Living Wall","player_choice":"Grow","floor":13.0,"gold_loss":0.0,"damage_taken":0.0,"cards_upgraded":["Armaments"]},{"damage_healed":0,"gold_gain":0,"player_choice":"Ignored","damage_taken":0,"max_hp_gain":0,"max_hp_loss":0,"event_name":"Vampires","floor":21,"gold_loss":0},{"damage_healed":0,"gold_gain":0,"player_choice":"Copied","damage_taken":0,"max_hp_gain":0,"max_hp_loss":0,"event_name":"Duplicator","floor":28,"gold_loss":0,"cards_obtained":["Perfected Strike"]}],"is_beta":true,"boss_relics":[{"not_picked":["Pandora\u0027s Box","Astrolabe"],"picked":"Mark of Pain"}],"items_purged_floors":[],"is_endless":false,"potions_floor_spawned":[1,7,10,16,29,31],"killed_by":"Champ","ascension_level":20}