{"gold_per_floor":[111,111,111,129,141,176,176,191,191,191,206,206,220,251,251,352,352,363,377,408,408,408,408,408],"floor_reached":24,"playtime":1453,"items_purged":[],"score":247,"play_id":"e5a2da08-954f-4171-a30f-2e56ab7cac63","local_time":"20190713203449","is_ascension_mode":true,"campfire_choices":[{"data":"Armaments","floor":7.0,"key":"SMITH"},{"data":"True Grit","floor":10.0,"key":"SMITH"},{"data":"Rampage","floor":12.0,"key":"SMITH"},{"floor":15.0,"key":"REST"},{"floor":23.0,"key":"REST"}],"neow_cost":"NONE","seed_source_timestamp":26854378420000,"circlet_count":0,"master_deck":["Strike_R","Strike_R","Strike_R","Strike_R","Defend_R","Defend_R","Defend_R","Defend_R","Bash+1","Armaments+1","True Grit+1","Rampage+1","Limit Break","Exhume","Metallicize+1"],"special_seed":0,"relics":["Burning Blood","Dead Branch","Thread and Needle","WingedGreaves","Sozu","Red Mask"],"potions_floor_usage":[],"damage_taken":[{"damage":1.0,"enemies":"Small Slimes","floor":1.0,"turns":3.0},{"damage":1.0,"enemies":"Cultist","floor":4.0,"turns":3.0},{"damage":5.0,"enemies":"2 Louse","floor":5.0,"turns":3.0},{"damage":50.0,"enemies":"Lagavulin","floor":6.0,"turns":6.0},{"damage":14.0,"enemies":"Large Slime","floor":8.0,"turns":10.0},{"damage":10.0,"enemies":"Lots of Slimes","floor":11.0,"turns":5.0},{"damage":2.0,"enemies":"3 Louse","floor":13.0,"turns":4.0},{"damage":11.0,"enemies":"Gremlin Nob","floor":14.0,"turns":4.0},{"damage":51.0,"enemies":"Slime Boss","floor":16.0,"turns":9.0},{"damage":12.0,"enemies":"2 Thieves","floor":18.0,"turns":4.0},{"damage":31.0,"enemies":"Spheric Guardian","floor":19.0,"turns":6.0},{"damage":50.0,"enemies":"Masked Bandits","floor":20.0,"turns":6.0},{"damage":25,"enemies":"Gremlin Leader","floor":24,"turns":8}],"seed_played":"6959591136152406143","potions_obtained":[{"floor":1.0,"key":"Strength Potion"},{"floor":4.0,"key":"Swift Potion"},{"floor":6.0,"key":"FearPotion"},{"floor":11.0,"key":"Energy Potion"},{"floor":14.0,"key":"AttackPotion"}],"is_trial":false,"path_per_floor":["M","?","?","M","M","E","R","M","T","R","M","R","M","E","R","B",null,"M","M","?","?","?","R","E"],"character_chosen":"IRONCLAD","items_purchased":[],"campfire_rested":2,"item_purchase_floors":[],"current_hp_per_floor":[80,85,85,85,85,41,41,33,33,33,29,29,33,28,53,8,85,79,54,10,10,10,35,10],"gold":408,"neow_bonus":"UPGRADE_CARD","is_prod":false,"is_daily":false,"chose_seed":false,"campfire_upgraded":3,"win_rate":0,"timestamp":1563068089,"path_taken":["M","?","?","M","M","E","R","M","T","R","M","R","M","E","R","BOSS","M","?","?","?","?","R","E"],"build_version":"2019-07-05","purchased_purges":0,"victory":false,"max_hp_per_floor":[80,85,85,85,85,85,85,85,85,85,85,85,85,85,85,85,85,85,85,85,85,85,85,85],"card_choices":[{"not_picked":["Flex","Intimidate"],"picked":"Armaments","floor":1.0},{"not_picked":["Sentinel","Clash","Bloodletting"],"picked":"SKIP","floor":4.0},{"not_picked":["Pommel Strike","Perfected Strike","Headbutt"],"picked":"SKIP","floor":5.0},{"not_picked":["Fire Breathing","Headbutt"],"picked":"True Grit","floor":6.0},{"not_picked":["Thunderclap","Twin Strike"],"picked":"Rampage","floor":8.0},{"not_picked":["Iron Wave","Power Through","Reckless Charge"],"picked":"SKIP","floor":11.0},{"not_picked":["Iron Wave","Uppercut","Rupture"],"picked":"SKIP","floor":13.0},{"not_picked":["Anger","Metallicize"],"picked":"Limit Break","floor":14.0},{"not_picked":["Immolate","Impervious"],"picked":"Exhume","floor":16.0},{"not_picked":["Headbutt","Heavy Blade"],"picked":"Metallicize+1","floor":18.0},{"not_picked":["Rupture","Pommel Strike","Warcry+1"],"picked":"SKIP","floor":19.0}],"player_experience":369860,"relics_obtained":[{"floor":6.0,"key":"Dead Branch"},{"floor":9.0,"key":"Thread and Needle"},{"floor":14.0,"key":"WingedGreaves"},{"floor":20.0,"key":"Red Mask"}],"event_choices":[{"damage_healed":0.0,"max_hp_gain":5.0,"max_hp_loss":0.0,"gold_gain":0.0,"event_name":"Big Fish","player_choice":"Donut","floor":2.0,"gold_loss":0.0,"damage_taken":0.0},{"cards_removed":["Strike_R"],"damage_healed":0.0,"max_hp_gain":0.0,"max_hp_loss":0.0,"gold_gain":0.0,"event_name":"Bonfire Elementals","player_choice":"Offered Basic","floor":3.0,"gold_loss":0.0,"damage_taken":0.0},{"damage_healed":0.0,"max_hp_gain":0.0,"max_hp_loss":0.0,"gold_gain":0.0,"event_name":"Masked Bandits","player_choice":"Fought Bandits","floor":20.0,"gold_loss":0.0,"damage_taken":0.0},{"damage_healed":0.0,"max_hp_gain":0.0,"max_hp_loss":0.0,"gold_gain":0.0,"event_name":"Forgotten Altar","player_choice":"Smashed Altar","floor":21.0,"gold_loss":0.0,"damage_taken":0.0,"cards_obtained":["Decay"]},{"cards_removed":["Decay"],"damage_healed":0.0,"max_hp_gain":0.0,"max_hp_loss":0.0,"gold_gain":0.0,"event_name":"Fountain of Cleansing","player_choice":"Removed Curses","floor":22.0,"gold_loss":0.0,"damage_taken":0.0}],"is_beta":false,"boss_relics":[{"not_picked":["Mark of Pain","Runic Pyramid"],"picked":"Sozu"}],"items_purged_floors":[],"is_endless":false,"potions_floor_spawned":[1,4,6,11,14],"killed_by":"Gremlin Leader","ascension_level":4}