{"gold_per_floor":[114,289,289,289,289],"floor_reached":5,"playtime":513,"items_purged":[],"score":27,"play_id":"54295f31-032e-45ef-a85a-b797d561cc46","local_time":"20181014235130","daily_mods":["Draft","Blue Cards","Elite Swarm"],"is_ascension_mode":false,"campfire_choices":[],"neow_cost":"","seed_source_timestamp":0,"circlet_count":0,"master_deck":["Acrobatics","Terror","Streamline","Bane","Flying Knee","Dagger Throw","Footwork+1","Terror","Coolheaded","Slice","Rebound","Deflect","Quick Slash","Masterful Stab","Flying Knee","Stack","Doubt"],"special_seed":17810,"relics":["Ring of the Snake"],"potions_floor_usage":[],"damage_taken":[{"damage":11.0,"enemies":"Jaw Worm","floor":1.0,"turns":2.0},{"damage":0,"enemies":"2 Louse","floor":5,"turns":1}],"seed_played":"-894642481113240428","potions_obtained":[{"floor":1.0,"key":"LiquidBronze"}],"is_trial":false,"path_per_floor":["M","?","?","$"],"character_chosen":"THE_SILENT","items_purchased":[],"campfire_rested":0,"item_purchase_floors":[],"current_hp_per_floor":[59,59,59,59,59],"gold":289,"neow_bonus":"","is_prod":false,"is_daily":true,"chose_seed":false,"campfire_upgraded":0,"win_rate":0,"timestamp":1539553890,"path_taken":["M","?","?","$","M"],"build_version":"2018-10-11","purchased_purges":0,"victory":false,"max_hp_per_floor":[70,70,70,70,70],"card_choices":[{"not_picked":["Finisher","BootSequence"],"picked":"Acrobatics","floor":0.0},{"not_picked":["Turbo","Tempest"],"picked":"Terror","floor":0.0},{"not_picked":["Deadly Poison","Cloak And Dagger"],"picked":"Streamline","floor":0.0},{"not_picked":["Turbo","Redo"],"picked":"Bane","floor":0.0},{"not_picked":["Streamline","Sweeping Beam"],"picked":"Flying Knee","floor":0.0},{"not_picked":["Blade Dance","Go for the Eyes"],"picked":"Dagger Throw","floor":0.0},{"not_picked":["Rip and Tear","Compile Driver"],"picked":"Footwork","floor":0.0},{"not_picked":["Reflex","PiercingWail"],"picked":"Terror","floor":0.0},{"not_picked":["Double Energy","Turbo"],"picked":"Coolheaded","floor":0.0},{"not_picked":["Dagger Spray","Compile Driver"],"picked":"Slice","floor":0.0},{"not_picked":["Catalyst","Recycle"],"picked":"Rebound","floor":0.0},{"not_picked":["Underhanded Strike","Endless Agony"],"picked":"Deflect","floor":0.0},{"not_picked":["FTL","Gash"],"picked":"Quick Slash","floor":0.0},{"not_picked":["Streamline","Acrobatics"],"picked":"Masterful Stab","floor":0.0},{"not_picked":["Underhanded Strike","Distraction"],"picked":"Flying Knee","floor":0.0},{"not_picked":["Tactician","Outmaneuver"],"picked":"Stack","floor":1.0}],"player_experience":263771,"relics_obtained":[],"event_choices":[{"event_name":"Liars Game","player_choice":"agreed","floor":2.0,"damage_taken":0.0},{"event_name":"Living Wall","player_choice":"Grow","floor":3.0,"damage_taken":0.0}],"is_beta":false,"boss_relics":[],"items_purged_floors":[],"is_endless":false,"potions_floor_spawned":[1],"killed_by":"2 Louse","ascension_level":0}