{"gold_per_floor":[118,118,129,129,54,86,86,105,132,164,180,80,96,96,96,96],"floor_reached":16,"playtime":398,"items_purged":["Defend_G","Defend_G"],"score":142,"play_id":"1ac6b27e-f0e6-4333-958a-e7fce9007172","local_time":"20190806221110","is_ascension_mode":true,"campfire_choices":[{"data":"Neutralize","floor":7,"key":"SMITH"},{"data":"Reflex","floor":15,"key":"SMITH"}],"neow_cost":"NONE","seed_source_timestamp":627626755034,"circlet_count":0,"master_deck":["Strike_G","Strike_G","Strike_G","Strike_G","Strike_G","Defend_G","Defend_G","Defend_G","Survivor","Neutralize+1","Reflex+1"],"relics":["Ring of the Snake","NeowsBlessing","Lantern","Snake Skull","Blood Vial"],"potions_floor_usage":[10,10,16,16],"damage_taken":[{"damage":0,"enemies":"Jaw Worm","floor":1,"turns":1},{"damage":0,"enemies":"Small Slimes","floor":3,"turns":1},{"damage":0,"enemies":"Lagavulin","floor":6,"turns":1},{"damage":4,"enemies":"Cultist","floor":8,"turns":4},{"damage":14,"enemies":"3 Sentries","floor":10,"turns":9},{"damage":4,"enemies":"Red Slaver","floor":11,"turns":5},{"damage":7,"enemies":"Exordium Wildlife","floor":13,"turns":7},{"damage":58,"enemies":"Slime Boss","floor":16,"turns":8}],"seed_played":"5556770848546200406","potions_obtained":[{"floor":6,"key":"FearPotion"},{"floor":8,"key":"Poison Potion"},{"floor":10,"key":"PowerPotion"},{"floor":11,"key":"SpeedPotion"}],"is_trial":false,"path_per_floor":["M","?","M","?","$","E","R","M","T","E","M","$","M","$","R","B"],"character_chosen":"THE_SILENT","items_purchased":[],"campfire_rested":0,"item_purchase_floors":[],"current_hp_per_floor":[70,75,75,75,75,75,75,71,71,57,55,55,50,50,50,0],"gold":96,"neow_bonus":"THREE_ENEMY_KILL","is_prod":false,"is_daily":false,"chose_seed":false,"campfire_upgraded":2,"win_rate":0,"timestamp":1565154670,"path_taken":["M","?","M","?","?","E","R","?","T","E","M","$","M","$","R","BOSS"],"build_version":"2019-07-18","purchased_purges":2,"victory":false,"max_hp_per_floor":[70,75,75,75,75,75,75,75,75,75,75,75,75,75,75,75],"card_choices":[{"not_picked":["Die Die Die","Distraction"],"picked":"Reflex","floor":6},{"not_picked":["Distraction","Prepared","Catalyst"],"picked":"SKIP","floor":8},{"not_picked":["Noxious Fumes","Bouncing Flask","Setup"],"picked":"SKIP","floor":10},{"not_picked":["Blade Dance","Choke","Deadly Poison"],"picked":"SKIP","floor":11},{"not_picked":["Dagger Throw","Terror","Poisoned Stab"],"picked":"SKIP","floor":13}],"player_experience":1379991,"relics_obtained":[{"floor":6,"key":"Lantern"},{"floor":9,"key":"Snake Skull"},{"floor":10,"key":"Blood Vial"}],"event_choices":[{"damage_healed":0,"gold_gain":0,"player_choice":"Donut","damage_taken":0,"max_hp_gain":5,"max_hp_loss":0,"event_name":"Big Fish","floor":2,"gold_loss":0},{"damage_healed":0,"gold_gain":0,"player_choice":"Ignored","damage_taken":0,"max_hp_gain":0,"max_hp_loss":0,"event_name":"Liars Game","floor":4,"gold_loss":0}],"is_beta":true,"boss_relics":[],"items_purged_floors":[5,12],"is_endless":false,"potions_floor_spawned":[6,8,10,11],"killed_by":"Slime Boss","ascension_level":1}