{"gold_per_floor":[19,19,19,37,37,67,67,67,67,81,81,81,112,36,36,160,160],"floor_reached":17,"playtime":593,"items_purged":[],"score":169,"play_id":"5bb4983f-434c-4cb8-922f-f9e7b49d9321","local_time":"20180717014616","is_ascension_mode":true,"campfire_choices":[{"data":"Cloak And Dagger","floor":8,"key":"SMITH"},{"data":"Finisher","floor":12,"key":"SMITH"},{"floor":15,"key":"REST"}],"neow_cost":"NO_GOLD","seed_source_timestamp":396379672226799,"circlet_count":0,"master_deck":["Defend_G","Defend_G","Defend_G","Defend_G","Defend_G","Strike_G","Strike_G","Strike_G","Strike_G","Strike_G","Survivor","Neutralize+1","Backstab","Cloak And Dagger+1","Finisher+1","All Out Attack","Crippling Poison","Glass Knife"],"relics":["Ring of the Snake","Gambling Chip","Mummified Hand","Torii","Golden Idol","Matryoshka","Blood Vial","Prayer Wheel","Blue Candle"],"potions_floor_usage":[13],"damage_taken":[{"damage":5,"enemies":"2 Louse","floor":1,"turns":4},{"damage":0,"enemies":"Cultist","floor":4,"turns":4},{"damage":39,"enemies":"Lagavulin","floor":6,"turns":12},{"damage":0,"enemies":"Small Slimes","floor":10,"turns":2},{"damage":10,"enemies":"Gremlin Nob","floor":13,"turns":4},{"damage":31,"enemies":"The Guardian","floor":16,"turns":12}],"seed_played":"8453665819187248051","potions_obtained":[{"floor":1,"key":"LiquidBronze"},{"floor":6,"key":"EssenceOfSteel"},{"floor":16,"key":"Ancient Potion"}],"is_trial":false,"path_per_floor":["M","?","$","M","?","E","?","R","T","M","T","R","E","$","R","B"],"character_chosen":"THE_SILENT","items_purchased":["Crippling Poison"],"campfire_rested":1,"item_purchase_floors":[14],"current_hp_per_floor":[65,65,65,65,65,26,26,26,26,26,26,26,18,18,37,8,8],"gold":160,"neow_bonus":"ONE_RARE_RELIC","is_prod":false,"is_daily":false,"chose_seed":true,"campfire_upgraded":2,"win_rate":0,"timestamp":1531817176,"path_taken":["M","?","?","M","?","E","?","R","T","?","?","R","E","$","R","BOSS"],"build_version":"2018-07-16","purchased_purges":0,"victory":false,"max_hp_per_floor":[70,70,70,70,70,70,65,65,65,65,65,65,65,65,65,65,65],"card_choices":[{"not_picked":["Acrobatics","Outmaneuver"],"picked":"Backstab","floor":4},{"not_picked":["Backflip","Expertise"],"picked":"Cloak And Dagger","floor":6},{"not_picked":["Prepared","Underhanded Strike"],"picked":"Finisher","floor":10},{"not_picked":["Backflip","Grand Finale"],"picked":"All Out Attack","floor":13},{"not_picked":["Grand Finale","Venomology"],"picked":"Glass Knife","floor":16}],"player_experience":684106,"relics_obtained":[{"floor":6,"key":"Torii"},{"floor":9,"key":"Matryoshka"},{"floor":11,"key":"Blood Vial"},{"floor":11,"key":"Prayer Wheel"},{"floor":13,"key":"Blue Candle"}],"event_choices":[{"event_name":"Wheel of Change","player_choice":"Relic","floor":2,"damage_taken":0},{"event_name":"Upgrade Shrine","player_choice":"Upgraded","floor":5,"damage_taken":0},{"event_name":"Golden Idol","player_choice":"Lose Max HP","floor":7,"damage_taken":0}],"boss_relics":[],"items_purged_floors":[],"is_endless":false,"potions_floor_spawned":[1,6,16],"ascension_level":1}