{"gold_per_floor":[114,14,27,39,116,145,145,170,193,91,106,141,153,167,167,245,245,261,271,291,7,19,45,45,0,0,0,0],"floor_reached":28,"playtime":1247,"items_purged":[],"score":442,"play_id":"4e6d1455-4cc0-4e73-ba64-75cf217e08fd","local_time":"20190818170322","is_ascension_mode":true,"campfire_choices":[{"floor":7,"key":"REST"},{"floor":15,"key":"REST"},{"floor":24,"key":"REST"}],"neow_cost":"NONE","seed_source_timestamp":244296774642600,"circlet_count":0,"master_deck":["AscendersBane","Strike_B","Strike_B","Strike_B","Strike_B","Defend_B","Defend_B","Defend_B","Defend_B","Zap","Dualcast","Streamline","Glacier","Gash","Leap","Double Energy","Defragment","Hologram","Compile Driver","Sunder","Coolheaded","Machine Learning","Cold Snap","Conserve Battery","Cold Snap","Coolheaded","Conserve Battery"],"relics":["Cracked Core","NeowsBlessing","Pen Nib","Orichalcum","Potion Belt","Juzu Bracelet","The Courier","Inserter","Thread and Needle","Prayer Wheel","FossilizedHelix"],"potions_floor_usage":[8,13,16,16,16,19,20,23,23,23,23,23,23],"damage_taken":[{"damage":0,"enemies":"Small Slimes","floor":1,"turns":1},{"damage":0,"enemies":"Cultist","floor":3,"turns":1},{"damage":0,"enemies":"2 Louse","floor":4,"turns":1},{"damage":28,"enemies":"Gremlin Nob","floor":6,"turns":5},{"damage":10,"enemies":"3 Sentries","floor":8,"turns":6},{"damage":6,"enemies":"Exordium Wildlife","floor":11,"turns":7},{"damage":23,"enemies":"Gremlin Nob","floor":12,"turns":4},{"damage":11,"enemies":"Large Slime","floor":13,"turns":4},{"damage":0,"enemies":"Looter","floor":14,"turns":4},{"damage":11,"enemies":"Slime Boss","floor":16,"turns":14},{"damage":11,"enemies":"Spheric Guardian","floor":18,"turns":5},{"damage":9,"enemies":"3 Byrds","floor":19,"turns":3},{"damage":15,"enemies":"Snake Plant","floor":20,"turns":7},{"damage":8,"enemies":"Cultist and Chosen","floor":22,"turns":7},{"damage":9,"enemies":"Book of Stabbing","floor":23,"turns":7},{"damage":40,"enemies":"3 Cultists","floor":28,"turns":7}],"seed_played":"9154495298720155257","potions_obtained":[{"floor":3,"key":"Explosive Potion"},{"floor":6,"key":"Poison Potion"},{"floor":12,"key":"EssenceOfSteel"},{"floor":13,"key":"EntropicBrew"},{"floor":19,"key":"Energy Potion"},{"floor":22,"key":"GamblersBrew"}],"is_trial":false,"path_per_floor":["M","?","M","M","?","E","R","E","T","$","M","E","M","M","R","B",null,"M","M","M","$","M","E","R","?","T","?","M"],"character_chosen":"DEFECT","items_purchased":["Defragment","Hologram","Thread and Needle","Fire Potion"],"campfire_rested":3,"item_purchase_floors":[10,10,21,21],"current_hp_per_floor":[64,64,64,64,64,36,57,47,47,47,41,18,7,7,28,17,58,47,38,23,23,15,6,27,27,27,27,0],"gold":0,"neow_bonus":"THREE_ENEMY_KILL","is_prod":false,"is_daily":false,"chose_seed":false,"campfire_upgraded":0,"win_rate":0,"timestamp":1566115402,"path_taken":["M","?","M","?","?","E","R","E","T","?","M","E","M","M","R","BOSS","M","M","M","$","M","E","R","?","T","?","M"],"build_version":"2019-07-17","purchased_purges":0,"victory":false,"max_hp_per_floor":[71,71,71,71,71,71,71,71,71,71,71,71,71,71,71,71,71,71,71,71,71,71,71,71,71,71,71,71],"card_choices":[{"not_picked":["Compile Driver","Sweeping Beam"],"picked":"Streamline","floor":1},{"not_picked":["Streamline","Coolheaded"],"picked":"Glacier","floor":3},{"not_picked":["Conserve Battery","Redo"],"picked":"Gash","floor":4},{"not_picked":["Darkness","Redo"],"picked":"Leap","floor":6},{"not_picked":["Thunder Strike","Steam"],"picked":"Double Energy","floor":8},{"not_picked":["Leap","Redo"],"picked":"Compile Driver","floor":11},{"not_picked":["Skim","Gash"],"picked":"Sunder","floor":12},{"not_picked":["Stack","FTL","Sweeping Beam"],"picked":"SKIP","floor":13},{"not_picked":["Beam Cell","Ball Lightning"],"picked":"Coolheaded","floor":14},{"not_picked":["Fission","Biased Cognition"],"picked":"Machine Learning","floor":16},{"not_picked":["Gash","Redo"],"picked":"Cold Snap","floor":18},{"not_picked":["Hello World","Go for the Eyes"],"picked":"Conserve Battery","floor":19},{"not_picked":["Barrage","Beam Cell"],"picked":"Cold Snap","floor":20},{"not_picked":["Gash","Stack+1"],"picked":"Coolheaded","floor":22},{"not_picked":["Ball Lightning","Loop+1"],"picked":"Conserve Battery","floor":23}],"player_experience":190941,"relics_obtained":[{"floor":6,"key":"Orichalcum"},{"floor":8,"key":"Potion Belt"},{"floor":9,"key":"Juzu Bracelet"},{"floor":12,"key":"The Courier"},{"floor":23,"key":"Prayer Wheel"},{"floor":26,"key":"FossilizedHelix"}],"event_choices":[{"damage_healed":0,"gold_gain":0,"player_choice":"Paid Gold","damage_taken":0,"relics_obtained":["Pen Nib"],"max_hp_gain":0,"max_hp_loss":0,"event_name":"WeMeetAgain","floor":2,"gold_loss":100},{"damage_healed":0,"gold_gain":77,"player_choice":"Gained Gold","damage_taken":0,"max_hp_gain":0,"max_hp_loss":0,"event_name":"Golden Wing","floor":5,"gold_loss":0},{"damage_healed":0,"gold_gain":0,"player_choice":"Paid Fearfully","damage_taken":0,"max_hp_gain":0,"max_hp_loss":0,"event_name":"Masked Bandits","floor":25,"gold_loss":45}],"is_beta":false,"boss_relics":[{"not_picked":["Lizard Tail","White Beast Statue"],"picked":"Inserter"}],"items_purged_floors":[],"is_endless":false,"potions_floor_spawned":[3,6,12,13,19,22],"killed_by":"3 Cultists","ascension_level":14}