{"gold_per_floor":[118,133,145,145,163,194,208,208,234,252,252,275,294,308,308,308],"floor_reached":16,"playtime":1577,"items_purged":[],"score":108,"play_id":"817744fc-c251-4afb-89eb-aa9010bc6dc1","local_time":"20190703205419","is_ascension_mode":false,"campfire_choices":[{"floor":11,"key":"REST"},{"data":"Whirlwind","floor":15,"key":"SMITH"}],"neow_cost":"","seed_source_timestamp":199357671008785,"circlet_count":0,"master_deck":["Strike_R","Strike_R","Strike_R","Strike_R","Strike_R","Defend_R","Defend_R","Defend_R","Defend_R","Bash","Thunderclap","Perfected Strike","Bloodletting","Whirlwind+1","True Grit","Anger","Clothesline","Fire Breathing","Twin Strike","Dual Wield"],"relics":["Burning Blood","Golden Idol","Anchor","Happy Flower"],"potions_floor_usage":[6,16,16,16],"damage_taken":[{"damage":17,"enemies":"Small Slimes","floor":1,"turns":3},{"damage":5,"enemies":"2 Louse","floor":2,"turns":2},{"damage":6,"enemies":"Jaw Worm","floor":3,"turns":2},{"damage":7,"enemies":"3 Louse","floor":5,"turns":4},{"damage":20,"enemies":"Gremlin Nob","floor":6,"turns":4},{"damage":23,"enemies":"Exordium Thugs","floor":7,"turns":5},{"damage":6,"enemies":"Large Slime","floor":10,"turns":5},{"damage":13,"enemies":"Red Slaver","floor":12,"turns":4},{"damage":0,"enemies":"Gremlin Gang","floor":13,"turns":4},{"damage":6,"enemies":"Lots of Slimes","floor":14,"turns":5},{"damage":42,"enemies":"The Guardian","floor":16,"turns":8}],"seed_played":"-498817126007365693","potions_obtained":[{"floor":2,"key":"AttackPotion"},{"floor":5,"key":"Poison Potion"},{"floor":7,"key":"FearPotion"},{"floor":13,"key":"SkillPotion"}],"is_trial":false,"path_per_floor":["M","M","M","?","M","E","M","?","T","M","R","M","M","M","R","B"],"character_chosen":"IRONCLAD","items_purchased":[],"campfire_rested":1,"item_purchase_floors":[],"current_hp_per_floor":[69,70,70,50,49,35,18,18,18,18,42,35,41,41,41,0],"gold":308,"neow_bonus":"","is_prod":false,"is_daily":false,"chose_seed":false,"campfire_upgraded":1,"win_rate":0.0,"timestamp":1562154859,"path_taken":["M","M","M","?","M","E","M","?","T","M","R","M","M","M","R","BOSS"],"build_version":"2019-07-01","purchased_purges":0,"victory":false,"max_hp_per_floor":[80,80,80,80,80,80,80,80,80,80,80,80,80,80,80,80],"card_choices":[{"not_picked":["Pommel Strike","Pummel"],"picked":"Thunderclap","floor":1},{"not_picked":["Hemokinesis","Body Slam"],"picked":"Perfected Strike","floor":2},{"not_picked":["Headbutt","Dropkick"],"picked":"Bloodletting","floor":3},{"not_picked":["Armaments","True Grit"],"picked":"Whirlwind","floor":5},{"not_picked":["Entrench","Thunderclap"],"picked":"True Grit","floor":6},{"not_picked":["Body Slam","Pummel"],"picked":"Anger","floor":7},{"not_picked":["Pummel","Blood for Blood"],"picked":"Clothesline","floor":10},{"not_picked":["Burning Pact","Rampage"],"picked":"Fire Breathing","floor":12},{"not_picked":["Dual Wield","Sword Boomerang"],"picked":"Twin Strike","floor":13},{"not_picked":["Combust","Body Slam"],"picked":"Dual Wield","floor":14}],"player_experience":0,"relics_obtained":[{"floor":6,"key":"Anchor"},{"floor":9,"key":"Happy Flower"}],"event_choices":[{"damage_healed":0,"gold_gain":0,"player_choice":"Take Damage","damage_taken":20,"relics_obtained":["Golden Idol"],"max_hp_gain":0,"max_hp_loss":0,"event_name":"Golden Idol","floor":4,"gold_loss":0},{"damage_healed":0,"gold_gain":0,"player_choice":"Fled","damage_taken":0,"max_hp_gain":0,"max_hp_loss":0,"event_name":"Scrap Ooze","floor":8,"gold_loss":0}],"is_beta":false,"boss_relics":[],"items_purged_floors":[],"is_endless":false,"potions_floor_spawned":[2,5,7,13,14],"killed_by":"The Guardian","ascension_level":0}