{"gold_per_floor":[118,118,136,136,57,86,86,120,145,8,37,96,113,147,147,147],"floor_reached":16,"playtime":355,"items_purged":[],"score":352,"play_id":"2ad0d332-c785-4116-a000-51b72dc7ac08","local_time":"20190321141951","is_ascension_mode":true,"campfire_choices":[{"data":"Armaments","floor":7,"key":"SMITH"},{"data":"Demon Form","floor":15,"key":"SMITH"}],"neow_cost":"NONE","seed_source_timestamp":15389063408341,"circlet_count":0,"master_deck":["AscendersBane","Strike_R","Strike_R","Strike_R","Strike_R","Strike_R","Defend_R","Defend_R","Defend_R","Defend_R","Bash","Perfected Strike+1","Infernal Blade","Armaments+1","Shrug It Off","Power Through+1","Infernal Blade+1","Thunderclap","Feel No Pain","Shrug It Off","Anger","Demon Form+1","Pommel Strike"],"relics":["Burning Blood","NeowsBlessing","Bag of Marbles","Smiling Mask","Boot","Ancient Tea Set","War Paint","Pen Nib","Pocketwatch"],"potions_floor_usage":[8,8],"damage_taken":[{"damage":0,"enemies":"Small Slimes","floor":1,"turns":1},{"damage":0,"enemies":"Cultist","floor":3,"turns":1},{"damage":0,"enemies":"Lagavulin","floor":6,"turns":1},{"damage":22,"enemies":"3 Sentries","floor":8,"turns":7},{"damage":18,"enemies":"Lagavulin","floor":11,"turns":4},{"damage":35,"enemies":"Lagavulin Event","floor":12,"turns":7},{"damage":0,"enemies":"Jaw Worm","floor":13,"turns":3},{"damage":0,"enemies":"Gremlin Nob","floor":14,"turns":2},{"damage":30,"enemies":"Slime Boss","floor":16,"turns":5}],"seed_played":"-4155043132308842802","potions_obtained":[{"floor":1,"key":"BloodPotion"},{"floor":3,"key":"Strength Potion"},{"floor":6,"key":"SneckoOil"},{"floor":13,"key":"Explosive Potion"}],"is_trial":false,"path_per_floor":["M","?","M","?","$","E","R","E","T","$","E","?","M","E","R","B"],"character_chosen":"IRONCLAD","items_purchased":["Armaments","Shrug It Off","Thunderclap","Feel No Pain"],"campfire_rested":0,"item_purchase_floors":[5,5,10,10],"current_hp_per_floor":[74,74,75,75,75,75,75,59,59,59,47,18,24,30,30,0],"gold":147,"neow_bonus":"THREE_ENEMY_KILL","is_prod":false,"is_daily":false,"chose_seed":false,"campfire_upgraded":2,"win_rate":0,"timestamp":1553203191,"path_taken":["M","?","?","?","?","E","R","E","T","$","E","?","M","E","R","BOSS"],"build_version":"2019-03-15","purchased_purges":0,"victory":false,"max_hp_per_floor":[75,75,75,75,75,75,75,75,75,75,75,75,75,75,75,75],"card_choices":[{"not_picked":["Seeing Red","Iron Wave"],"picked":"Perfected Strike","floor":1},{"not_picked":["Evolve","Heavy Blade"],"picked":"Infernal Blade","floor":3},{"not_picked":["Iron Wave","Clothesline"],"picked":"Power Through","floor":6},{"not_picked":["Clothesline","Sentinel"],"picked":"Infernal Blade","floor":8},{"not_picked":["Dropkick","Clothesline"],"picked":"Shrug It Off","floor":11},{"not_picked":["Cleave","Corruption"],"picked":"Anger","floor":12},{"not_picked":["Havoc","Body Slam"],"picked":"Demon Form","floor":13},{"not_picked":["Flex","Reckless Charge"],"picked":"Pommel Strike","floor":14}],"player_experience":1348355,"relics_obtained":[{"floor":6,"key":"Smiling Mask"},{"floor":8,"key":"Boot"},{"floor":9,"key":"Ancient Tea Set"},{"floor":11,"key":"War Paint"},{"floor":12,"key":"Pen Nib"},{"floor":14,"key":"Pocketwatch"}],"event_choices":[{"damage_healed":0,"gold_gain":0,"player_choice":"Gave Potion","damage_taken":0,"relics_obtained":["Bag of Marbles"],"max_hp_gain":0,"max_hp_loss":0,"event_name":"WeMeetAgain","floor":2,"gold_loss":0},{"damage_healed":0,"gold_gain":0,"player_choice":"Upgraded","damage_taken":0,"max_hp_gain":0,"max_hp_loss":0,"event_name":"Upgrade Shrine","floor":4,"gold_loss":0,"cards_upgraded":["Perfected Strike"]},{"damage_healed":0,"gold_gain":30,"player_choice":"Searched \u00272\u0027 times","damage_taken":0,"max_hp_gain":0,"max_hp_loss":0,"event_name":"Dead Adventurer","floor":12,"gold_loss":0}],"is_beta":true,"boss_relics":[],"items_purged_floors":[],"is_endless":false,"potions_floor_spawned":[1,3,6,13],"killed_by":"Slime Boss","ascension_level":20}