{"gold_per_floor":[118,134,134,149,165,165,181,181,207,207,207,238,11,27,27,123,123,137,156,176,101,114,114,114],"floor_reached":24,"playtime":3715,"items_purged":["Strike_R"],"score":260,"play_id":"4cec7165-fcbb-4d50-9b83-72b7e11c384a","local_time":"20190827012433","is_ascension_mode":true,"campfire_choices":[{"data":"Armaments","floor":6,"key":"SMITH"},{"data":"Body Slam","floor":8,"key":"SMITH"},{"data":"True Grit","floor":11,"key":"SMITH"},{"data":"Infernal Blade","floor":15,"key":"SMITH"},{"floor":23,"key":"REST"}],"neow_cost":"NONE","seed_source_timestamp":114362163583243,"circlet_count":0,"master_deck":["Strike_R","Strike_R","Defend_R","Defend_R","Defend_R","Defend_R","Bash","Exhume","True Grit+1","Burning Pact","Infernal Blade+1","Armaments+1","Body Slam+1","Flex","Feel No Pain","Barricade","Ghostly Armor","Body Slam+1","Iron Wave","Thunderclap+1"],"relics":["Burning Blood","Bag of Marbles","Blood Vial","Ancient Tea Set","Oddly Smooth Stone","Mark of Pain"],"potions_floor_usage":[7,12,16,19,22,22],"damage_taken":[{"damage":1,"enemies":"Cultist","floor":1,"turns":3},{"damage":8,"enemies":"Jaw Worm","floor":2,"turns":5},{"damage":2,"enemies":"2 Louse","floor":4,"turns":3},{"damage":5,"enemies":"Blue Slaver","floor":5,"turns":6},{"damage":13,"enemies":"Large Slime","floor":7,"turns":7},{"damage":9,"enemies":"Lagavulin","floor":12,"turns":6},{"damage":2,"enemies":"Exordium Wildlife","floor":14,"turns":6},{"damage":12,"enemies":"The Guardian","floor":16,"turns":12},{"damage":37,"enemies":"3 Byrds","floor":18,"turns":9},{"damage":6,"enemies":"Chosen","floor":19,"turns":3},{"damage":6,"enemies":"Centurion and Healer","floor":20,"turns":7},{"damage":12,"enemies":"3 Cultists","floor":22,"turns":9},{"damage":71,"enemies":"Gremlin Leader","floor":24,"turns":7}],"seed_played":"-2981302580728084517","potions_obtained":[{"floor":1,"key":"Explosive Potion"},{"floor":5,"key":"Strength Potion"},{"floor":7,"key":"Poison Potion"},{"floor":14,"key":"Ancient Potion"},{"floor":18,"key":"Fire Potion"},{"floor":19,"key":"FearPotion"}],"is_trial":false,"path_per_floor":["M","M","?","M","M","R","M","R","T","?","R","E","$","M","R","B",null,"M","M","M","?","M","R","E"],"character_chosen":"IRONCLAD","items_purchased":["Oddly Smooth Stone"],"campfire_rested":1,"item_purchase_floors":[13],"current_hp_per_floor":[77,75,63,67,68,68,61,61,61,54,54,53,53,59,59,55,74,45,47,49,49,45,69,0],"gold":114,"neow_bonus":"ONE_RANDOM_RARE_CARD","is_prod":false,"is_daily":false,"chose_seed":false,"campfire_upgraded":4,"win_rate":0,"timestamp":1566861873,"path_taken":["M","M","?","M","M","R","M","R","T","?","R","E","$","M","R","BOSS","M","M","M","?","M","R","E"],"build_version":"2019-07-17","purchased_purges":1,"victory":false,"max_hp_per_floor":[80,80,80,80,80,80,80,80,80,80,80,80,80,80,80,80,80,80,80,80,80,80,80,80],"card_choices":[{"not_picked":["Metallicize","Havoc"],"picked":"True Grit","floor":1},{"not_picked":["Twin Strike","Havoc"],"picked":"Burning Pact","floor":2},{"not_picked":["Carnage","Warcry"],"picked":"Infernal Blade","floor":4},{"not_picked":["Blood for Blood","Pummel"],"picked":"Armaments","floor":5},{"not_picked":["Clothesline","Twin Strike"],"picked":"Body Slam","floor":7},{"not_picked":["True Grit","Flame Barrier"],"picked":"Flex","floor":12},{"not_picked":["Searing Blow","Dual Wield"],"picked":"Feel No Pain","floor":14},{"not_picked":["Double Tap","Reaper"],"picked":"Barricade","floor":16},{"not_picked":["Havoc+1","Cleave+1"],"picked":"Ghostly Armor","floor":18},{"not_picked":["Twin Strike","Headbutt"],"picked":"Body Slam+1","floor":19},{"not_picked":["Clothesline","Sword Boomerang"],"picked":"Iron Wave","floor":20},{"not_picked":["Pummel","Limit Break"],"picked":"Thunderclap+1","floor":22}],"player_experience":418870,"relics_obtained":[{"floor":9,"key":"Blood Vial"},{"floor":12,"key":"Ancient Tea Set"}],"event_choices":[{"damage_healed":0,"gold_gain":0,"player_choice":"Success","damage_taken":12,"relics_obtained":["Bag of Marbles"],"max_hp_gain":0,"max_hp_loss":0,"event_name":"Scrap Ooze","floor":3,"gold_loss":0},{"cards_removed":["Strike_R"],"damage_healed":0,"gold_gain":0,"player_choice":"Card Removal","damage_taken":7,"max_hp_gain":0,"max_hp_loss":0,"event_name":"Golden Wing","floor":10,"gold_loss":0},{"cards_removed":["Strike_R"],"damage_healed":0,"gold_gain":0,"player_choice":"Gave Gold","damage_taken":0,"max_hp_gain":0,"max_hp_loss":0,"event_name":"Beggar","floor":21,"gold_loss":75}],"is_beta":false,"boss_relics":[{"not_picked":["Coffee Dripper","Ectoplasm"],"picked":"Mark of Pain"}],"items_purged_floors":[13],"is_endless":false,"potions_floor_spawned":[1,5,7,14,18,19],"killed_by":"Gremlin Leader","ascension_level":6}