{"gold_per_floor":[116,191,203,213,31,65,65,76,76,105,105,121,152,52,52,154,154,173,173,173,92,118,149,149,149,149,149,180,194,194,226,238,354,366,398,424,436,461,473,485,511,68,139,166,166,2,2,34,34,34,34,34,34,60,60],"floor_reached":55,"playtime":2965,"items_purged":["Shame","Strike_R","Writhe"],"score":861,"play_id":"ba95799e-56f5-4bd6-add2-5088e749c17f","local_time":"20190605224854","is_ascension_mode":true,"campfire_choices":[{"data":"Heavy Blade","floor":7.0,"key":"SMITH"},{"data":"Spot Weakness","floor":11.0,"key":"SMITH"},{"floor":15.0,"key":"REST"},{"data":"Inflame","floor":24.0,"key":"SMITH"},{"data":"Inflame","floor":27.0,"key":"SMITH"},{"data":"Spot Weakness","floor":32.0,"key":"SMITH"},{"data":"Heavy Blade","floor":40.0,"key":"SMITH"},{"data":"Brutality","floor":45.0,"key":"SMITH"},{"floor":49.0,"key":"RECALL"},{"data":"Inflame","floor":52,"key":"SMITH"}],"neow_cost":"CURSE","seed_source_timestamp":514520077133000,"circlet_count":0,"master_deck":["Defend_R+1","Defend_R+1","Defend_R+1","Defend_R+1","Bash+1","Dark Embrace","Heavy Blade+1","Shrug It Off","Inflame+1","Spot Weakness+1","Spot Weakness+1","Inflame+1","Shrug It Off","Impervious","Bite","Bite+1","Bite","Bite","Bite","Inflame+1","Evolve","Brutality+1","Heavy Blade+1","Reaper","Whirlwind","Rupture+1"],"special_seed":0,"relics":["Burning Blood","Sundial","Meat on the Bone","Mummified Hand","Velvet Choker","Potion Belt","Dream Catcher","MutagenicStrength","Whetstone","Bag of Preparation","MawBank","Philosopher\u0027s Stone","Magic Flower","Mercury Hourglass","Juzu Bracelet","Ancient Tea Set","Kunai"],"potions_floor_usage":[50,50,54,54,55,55],"damage_taken":[{"damage":3.0,"enemies":"Small Slimes","floor":1.0,"turns":4.0},{"damage":6.0,"enemies":"Cultist","floor":3.0,"turns":3.0},{"damage":0.0,"enemies":"2 Louse","floor":4.0,"turns":2.0},{"damage":26.0,"enemies":"Lagavulin","floor":6.0,"turns":7.0},{"damage":8.0,"enemies":"Exordium Wildlife","floor":8.0,"turns":5.0},{"damage":28.0,"enemies":"Gremlin Nob","floor":10.0,"turns":4.0},{"damage":10.0,"enemies":"Looter","floor":12.0,"turns":2.0},{"damage":32.0,"enemies":"3 Sentries","floor":13.0,"turns":7.0},{"damage":46.0,"enemies":"Slime Boss","floor":16.0,"turns":9.0},{"damage":20.0,"enemies":"2 Thieves","floor":18.0,"turns":4.0},{"damage":30.0,"enemies":"Book of Stabbing","floor":23.0,"turns":5.0},{"damage":20.0,"enemies":"Slavers","floor":28.0,"turns":4.0},{"damage":2.0,"enemies":"3 Byrds","floor":29.0,"turns":4.0},{"damage":12.0,"enemies":"Gremlin Leader","floor":31.0,"turns":6.0},{"damage":18.0,"enemies":"Champ","floor":33.0,"turns":5.0},{"damage":6.0,"enemies":"3 Shapes","floor":35.0,"turns":4.0},{"damage":22.0,"enemies":"3 Darklings","floor":36.0,"turns":4.0},{"damage":3.0,"enemies":"4 Shapes","floor":38.0,"turns":5.0},{"damage":1.0,"enemies":"Jaw Worm Horde","floor":41.0,"turns":3.0},{"damage":32.0,"enemies":"Giant Head","floor":44.0,"turns":7.0},{"damage":24.0,"enemies":"Nemesis","floor":48.0,"turns":5.0},{"damage":50,"enemies":"Donu and Deca","floor":50,"turns":5},{"damage":8,"enemies":"Shield and Spear","floor":54,"turns":5},{"damage":74,"enemies":"The Heart","floor":55,"turns":3}],"seed_played":"7155246510627073125","potions_obtained":[{"floor":1.0,"key":"Poison Potion"},{"floor":10.0,"key":"LiquidBronze"},{"floor":12.0,"key":"Poison Potion"},{"floor":13.0,"key":"Explosive Potion"},{"floor":28.0,"key":"Poison Potion"},{"floor":31.0,"key":"LiquidBronze"},{"floor":33.0,"key":"Weak Potion"},{"floor":44.0,"key":"EssenceOfSteel"},{"floor":48.0,"key":"AttackPotion"},{"floor":54,"key":"Block Potion"}],"is_trial":false,"path_per_floor":["M","?","M","M","$","E","R","M","T","E","R","M","E","$","R","B",null,"M","?","?","$","T","E","R","?","T","R","E","M","?","E","R","B",null,"M","M","?","M","?","R","M","$","T","E","R","$","$","E","R","B",null,"R","$","E","B"],"character_chosen":"IRONCLAD","items_purchased":["Inflame","Spot Weakness","Inflame","Reaper","Magic Flower","Whirlwind"],"campfire_rested":1,"item_purchase_floors":[5,5,21,42,42,46],"current_hp_per_floor":[80,72,72,78,78,58,58,56,56,34,34,42,28,28,52,24,80,66,56,56,56,56,44,44,44,44,44,43,54,54,56,56,50,56,56,44,56,56,56,56,56,56,56,52,52,52,52,49,49,56,56,56,56,56,0],"gold":60,"neow_bonus":"THREE_RARE_CARDS","is_prod":false,"is_daily":false,"chose_seed":false,"campfire_upgraded":8,"win_rate":0,"timestamp":1559792934,"path_taken":["M","?","M","M","$","E","R","M","T","E","R","?","E","$","R","BOSS","M","?","?","$","?","E","R","?","T","R","E","?","?","E","R","BOSS","M","M","?","M","?","R","M","$","T","E","R","?","$","E","R","BOSS","R","$","E","BOSS"],"build_version":"2019-01-23","purchased_purges":3,"victory":false,"max_hp_per_floor":[80,80,80,80,80,80,80,80,80,80,80,80,80,80,80,80,80,80,56,56,56,56,56,56,56,56,56,56,56,56,56,56,56,56,56,56,56,56,56,56,56,56,56,56,56,56,56,56,56,56,56,56,56,56,56],"card_choices":[{"not_picked":["Fiend Fire","Bludgeon"],"picked":"Dark Embrace","floor":0.0},{"not_picked":["Perfected Strike","Iron Wave","Clash"],"picked":"SKIP","floor":1.0},{"not_picked":["Power Through","Sever Soul"],"picked":"Heavy Blade","floor":3.0},{"not_picked":["Reckless Charge","Clothesline"],"picked":"Shrug It Off","floor":4.0},{"not_picked":["Sword Boomerang","Rage"],"picked":"Spot Weakness","floor":6.0},{"not_picked":["Wild Strike","Clash","Second Wind"],"picked":"SKIP","floor":8.0},{"not_picked":["Body Slam","Fiend Fire"],"picked":"Inflame","floor":10.0},{"not_picked":["Headbutt","Whirlwind"],"picked":"Shrug It Off","floor":12.0},{"not_picked":["Exhume","Havoc","Pommel Strike"],"picked":"SKIP","floor":13.0},{"not_picked":["Immolate","Berserk"],"picked":"Impervious","floor":16.0},{"not_picked":["Anger+1","Dropkick+1","True Grit"],"picked":"SKIP","floor":18.0},{"not_picked":["Immolate","True Grit","Iron Wave"],"picked":"SKIP","floor":23.0},{"not_picked":["Seeing Red","Wild Strike"],"picked":"Evolve","floor":28.0},{"not_picked":["Intimidate","Flex","Thunderclap"],"picked":"SKIP","floor":29.0},{"not_picked":["Dropkick","Clothesline","Blood for Blood"],"picked":"SKIP","floor":31.0},{"not_picked":["Juggernaut","Bludgeon"],"picked":"Brutality","floor":33.0},{"not_picked":["Wild Strike+1","Reckless Charge","Spot Weakness"],"picked":"SKIP","floor":35.0},{"not_picked":["True Grit","Anger"],"picked":"Heavy Blade","floor":36.0},{"not_picked":["Flex+1","Anger+1","Whirlwind"],"picked":"SKIP","floor":38.0},{"not_picked":["Pommel Strike+1","Headbutt","Combust+1"],"picked":"SKIP","floor":41.0},{"not_picked":["Dropkick","Intimidate","Wild Strike+1"],"picked":"SKIP","floor":44.0},{"not_picked":["Sword Boomerang+1","Cleave+1"],"picked":"Rupture+1","floor":48.0},{"not_picked":["Feel No Pain+1","Combust+1","Infernal Blade"],"picked":"SKIP","floor":54}],"player_experience":337510,"relics_obtained":[{"floor":6.0,"key":"Sundial"},{"floor":10.0,"key":"Meat on the Bone"},{"floor":13.0,"key":"Mummified Hand"},{"floor":22.0,"key":"Potion Belt"},{"floor":23.0,"key":"Dream Catcher"},{"floor":26.0,"key":"Whetstone"},{"floor":28.0,"key":"Bag of Preparation"},{"floor":31.0,"key":"MawBank"},{"floor":43.0,"key":"Mercury Hourglass"},{"floor":44.0,"key":"Juzu Bracelet"},{"floor":48.0,"key":"Ancient Tea Set"},{"floor":54,"key":"Kunai"}],"event_choices":[{"damage_healed":0.0,"max_hp_gain":0.0,"max_hp_loss":0.0,"gold_gain":75.0,"event_name":"FaceTrader","player_choice":"Touch","floor":2.0,"gold_loss":0.0,"damage_taken":8.0},{"damage_healed":0.0,"max_hp_gain":0.0,"max_hp_loss":24.0,"gold_gain":0.0,"event_name":"Vampires","player_choice":"Became a vampire","floor":19.0,"gold_loss":0.0,"damage_taken":0.0,"cards_obtained":["Bite","Bite","Bite","Bite","Bite"]},{"damage_healed":0.0,"max_hp_gain":0.0,"max_hp_loss":0.0,"gold_gain":0.0,"event_name":"Back to Basics","player_choice":"Simplicity","floor":20.0,"gold_loss":0.0,"damage_taken":0.0,"cards_upgraded":["Defend_R","Defend_R","Defend_R","Defend_R"]},{"damage_healed":0.0,"max_hp_gain":0.0,"max_hp_loss":0.0,"gold_gain":0.0,"event_name":"Drug Dealer","player_choice":"Inject Mutagens","floor":25.0,"gold_loss":0.0,"damage_taken":0.0,"relics_obtained":["MutagenicStrength"]},{"damage_healed":0.0,"max_hp_gain":0.0,"max_hp_loss":0.0,"gold_gain":0.0,"event_name":"Ghosts","player_choice":"Ignored","floor":30.0,"gold_loss":0.0,"damage_taken":0.0},{"damage_healed":14.0,"max_hp_gain":0.0,"max_hp_loss":0.0,"gold_gain":0.0,"event_name":"Winding Halls","player_choice":"Writhe","floor":37.0,"gold_loss":0.0,"damage_taken":0.0,"cards_obtained":["Writhe"]},{"damage_healed":0.0,"max_hp_gain":0.0,"max_hp_loss":0.0,"gold_gain":0.0,"event_name":"Tomb of Lord Red Mask","player_choice":"Ignored","floor":39.0,"gold_loss":0.0,"damage_taken":0.0}],"is_beta":false,"boss_relics":[{"not_picked":["Black Blood","Tiny House"],"picked":"Velvet Choker"},{"not_picked":["Pandora\u0027s Box","Empty Cage"],"picked":"Philosopher\u0027s Stone"}],"items_purged_floors":[5,14,46],"is_endless":false,"potions_floor_spawned":[1,10,12,13,16,28,31,33,35,44,48,54],"killed_by":"The Heart","ascension_level":1}