{"gold_per_floor":[114,114,140,163,38,38,62,98,98,48,48,83,12,12,12,132,132,153,153,169,169,181,209,308,308,308,323,352,369,444,476,476,578,628,644,744,758,758,105,105,105,30,30,40,40,68,93,108,108,108,108,108,8,40,40],"floor_reached":56,"playtime":3982,"items_purged":["Injury","Neutralize"],"score":1344,"play_id":"1d016f64-b27f-496d-8b1c-dafa6f895d0f","local_time":"20190528214905","is_ascension_mode":false,"campfire_choices":[{"floor":6,"key":"REST"},{"data":"Dagger Spray","floor":11,"key":"SMITH"},{"data":"Envenom","floor":15,"key":"SMITH"},{"data":"Malaise","floor":25,"key":"SMITH"},{"floor":32,"key":"RECALL"},{"data":"Noxious Fumes","floor":40,"key":"SMITH"},{"data":"Doppelganger","floor":45,"key":"SMITH"},{"data":"Bullet Time","floor":49,"key":"SMITH"},{"data":"Wraith Form v2","floor":52,"key":"SMITH"}],"neow_cost":"PERCENT_DAMAGE","seed_source_timestamp":1122913127428085,"circlet_count":0,"master_deck":["Defend_G+1","Defend_G+1","Defend_G+1","Defend_G+1","Defend_G+1","Strike_G+1","Strike_G+1","Strike_G+1","Survivor","Flying Knee","Dagger Throw","Dagger Spray+1","Noxious Fumes+1","Leg Sweep","Envenom+1","Malaise+1","Riddle With Holes","Skewer+1","Deflect+1","Bullet Time+1","Bane","PiercingWail","Burst+1","Wraith Form v2+1","Backflip+1","Caltrops+1","Doppelganger+1","Poisoned Stab+1","Footwork+1","Deflect","Noxious Fumes+1","Dash+1"],"relics":["Ring of the Snake","WingedGreaves","Bloody Idol","PreservedInsect","Vajra","Pocketwatch","Snake Skull","Sozu","The Specimen","Tough Bandages","Ginger","Tiny House","Girya","Regal Pillow","HandDrill","Mummified Hand","Centennial Puzzle","Pantograph","Prayer Wheel","Pear"],"potions_floor_usage":[8,18,33],"damage_taken":[{"damage":1,"enemies":"2 Louse","floor":1,"turns":3},{"damage":3,"enemies":"Jaw Worm","floor":4,"turns":5},{"damage":0,"enemies":"Small Slimes","floor":7,"turns":3},{"damage":8,"enemies":"Gremlin Nob","floor":8,"turns":4},{"damage":3,"enemies":"3 Sentries","floor":12,"turns":5},{"damage":0,"enemies":"Hexaghost","floor":16,"turns":8},{"damage":6,"enemies":"2 Thieves","floor":18,"turns":4},{"damage":0,"enemies":"Spheric Guardian","floor":20,"turns":3},{"damage":8,"enemies":"Centurion and Healer","floor":22,"turns":4},{"damage":1,"enemies":"Gremlin Leader","floor":23,"turns":5},{"damage":10,"enemies":"Shelled Parasite and Fungi","floor":27,"turns":5},{"damage":0,"enemies":"Book of Stabbing","floor":28,"turns":4},{"damage":0,"enemies":"Chosen and Byrds","floor":29,"turns":3},{"damage":12,"enemies":"Slavers","floor":31,"turns":2},{"damage":48,"enemies":"Automaton","floor":33,"turns":9},{"damage":9,"enemies":"3 Darklings","floor":35,"turns":5},{"damage":2,"enemies":"Mind Bloom Boss Battle","floor":36,"turns":6},{"damage":3,"enemies":"Orb Walker","floor":37,"turns":4},{"damage":4,"enemies":"3 Darklings","floor":44,"turns":4},{"damage":10,"enemies":"Giant Head","floor":46,"turns":8},{"damage":0,"enemies":"Nemesis","floor":47,"turns":7},{"damage":6,"enemies":"Jaw Worm Horde","floor":48,"turns":5},{"damage":53,"enemies":"Awakened One","floor":50,"turns":13},{"damage":44,"enemies":"Shield and Spear","floor":54,"turns":7},{"damage":62,"enemies":"The Heart","floor":55,"turns":10}],"seed_played":"6188441309481939137","potions_obtained":[{"floor":4,"key":"Block Potion"},{"floor":7,"key":"Block Potion"},{"floor":16,"key":"EssenceOfSteel"}],"is_trial":false,"path_per_floor":["M","?","T","M","$","R","M","E","T","?","R","E","$","?","R","B",null,"M","?","M","?","M","E","?","R","T","M","E","M","?","E","R","B",null,"M","?","M","?","$","R","?","$","T","M","R","E","E","M","R","B",null,"R","$","E","B",null],"character_chosen":"THE_SILENT","items_purchased":["Dagger Spray","Leg Sweep","Caltrops","Regal Pillow","HandDrill","Mummified Hand","Doppelganger"],"campfire_rested":1,"item_purchase_floors":[5,13,39,39,39,39,42],"current_hp_per_floor":[48,48,48,45,45,66,66,58,58,58,58,55,55,55,55,55,70,64,64,69,69,66,70,70,70,70,65,70,70,63,56,56,13,75,71,74,75,75,75,75,75,75,75,75,75,70,75,74,74,22,75,75,75,46,9],"gold":40,"neow_bonus":"ONE_RARE_RELIC","is_prod":false,"is_daily":false,"chose_seed":false,"campfire_upgraded":7,"win_rate":0,"timestamp":1559094545,"path_taken":["M","?","?","M","$","R","M","E","T","?","R","E","$","?","R","BOSS","M","?","M","?","M","E","?","R","T","M","E","M","?","E","R","BOSS","M","?","M","?","$","R","?","$","T","?","R","E","E","?","R","BOSS","R","$","E","BOSS"],"build_version":"2019-01-23","purchased_purges":2,"victory":true,"max_hp_per_floor":[70,70,70,70,70,70,70,70,70,70,70,70,70,70,70,70,70,70,70,70,70,70,70,70,70,70,70,70,70,70,70,70,70,75,75,75,75,75,75,75,75,75,75,75,75,75,75,75,75,75,75,75,75,85,85],"card_choices":[{"not_picked":["Deflect","Slice"],"picked":"Flying Knee","floor":1},{"not_picked":["Poisoned Stab","Sucker Punch"],"picked":"Dagger Throw","floor":4},{"not_picked":["Calculated Gamble","Quick Slash","Bane"],"picked":"SKIP","floor":7},{"not_picked":["Skewer","Deflect"],"picked":"Noxious Fumes","floor":8},{"not_picked":["Slice","Escape Plan","Eviscerate"],"picked":"SKIP","floor":12},{"not_picked":["Tools of the Trade","Glass Knife"],"picked":"Malaise","floor":16},{"not_picked":["Accuracy","Eviscerate"],"picked":"Riddle With Holes","floor":18},{"not_picked":["Calculated Gamble+1","Dagger Spray+1"],"picked":"Skewer+1","floor":20},{"not_picked":["Slice","Poisoned Stab"],"picked":"Deflect+1","floor":22},{"not_picked":["Accuracy","Unload"],"picked":"Bullet Time","floor":23},{"not_picked":["Deadly Poison","Slice"],"picked":"Bane","floor":27},{"not_picked":["Cloak And Dagger","Blade Dance"],"picked":"PiercingWail","floor":28},{"not_picked":["Poisoned Stab","Blade Dance","Masterful Stab+1"],"picked":"SKIP","floor":29},{"not_picked":["PiercingWail+1","Blade Dance"],"picked":"Burst","floor":31},{"not_picked":["Die Die Die","Venomology"],"picked":"Wraith Form v2","floor":33},{"not_picked":["Acrobatics","Flying Knee"],"picked":"Backflip+1","floor":34},{"not_picked":["Blade Dance+1","Flying Knee+1","Accuracy"],"picked":"SKIP","floor":35},{"not_picked":["Blade Dance","Backflip+1","Outmaneuver+1"],"picked":"SKIP","floor":37},{"not_picked":["Acrobatics","Leg Sweep"],"picked":"Poisoned Stab+1","floor":44},{"not_picked":["Storm of Steel","Flechettes","Underhanded Strike+1"],"picked":"SKIP","floor":46},{"not_picked":["Reflex","Backflip+1"],"picked":"Footwork+1","floor":47},{"not_picked":["Eviscerate+1","Blade Dance+1"],"picked":"Deflect","floor":48},{"not_picked":["Escape Plan+1","Poisoned Stab"],"picked":"Noxious Fumes+1","floor":48},{"not_picked":["Deflect","Poisoned Stab+1"],"picked":"Dash+1","floor":54}],"player_experience":47641,"relics_obtained":[{"floor":3,"key":"PreservedInsect"},{"floor":8,"key":"Vajra"},{"floor":9,"key":"Pocketwatch"},{"floor":12,"key":"Snake Skull"},{"floor":23,"key":"The Specimen"},{"floor":28,"key":"Tough Bandages"},{"floor":31,"key":"Ginger"},{"floor":36,"key":"Girya"},{"floor":43,"key":"Centennial Puzzle"},{"floor":46,"key":"Pantograph"},{"floor":47,"key":"Prayer Wheel"},{"floor":54,"key":"Pear"}],"event_choices":[{"damage_healed":0,"gold_gain":0,"player_choice":"Take Wound","damage_taken":0,"relics_obtained":["Golden Idol"],"max_hp_gain":0,"max_hp_loss":0,"event_name":"Golden Idol","floor":2,"gold_loss":0,"cards_obtained":["Injury"]},{"cards_removed":["Strike_G"],"damage_healed":0,"gold_gain":0,"player_choice":"Card Removal","damage_taken":0,"max_hp_gain":0,"max_hp_loss":0,"event_name":"The Cleric","floor":10,"gold_loss":50},{"damage_healed":0,"gold_gain":0,"cards_transformed":["Strike_G"],"player_choice":"Change","damage_taken":0,"max_hp_gain":0,"max_hp_loss":0,"event_name":"Living Wall","floor":14,"gold_loss":0,"cards_obtained":["Envenom"]},{"damage_healed":0,"gold_gain":0,"player_choice":"Gave Idol","damage_taken":0,"relics_obtained":["Bloody Idol"],"max_hp_gain":0,"max_hp_loss":0,"event_name":"Forgotten Altar","floor":19,"relics_lost":["Golden Idol"],"gold_loss":0},{"damage_healed":0,"gold_gain":0,"player_choice":"Simplicity","damage_taken":0,"max_hp_gain":0,"max_hp_loss":0,"event_name":"Back to Basics","floor":21,"gold_loss":0,"cards_upgraded":["Defend_G","Defend_G","Defend_G","Defend_G","Defend_G","Strike_G","Strike_G","Strike_G"]},{"damage_healed":0,"gold_gain":99,"player_choice":"Stole From Cult","damage_taken":0,"max_hp_gain":0,"max_hp_loss":0,"event_name":"Nest","floor":24,"gold_loss":0},{"damage_healed":0,"gold_gain":75,"player_choice":"Touch","damage_taken":7,"max_hp_gain":0,"max_hp_loss":0,"event_name":"FaceTrader","floor":30,"gold_loss":0},{"damage_healed":0,"gold_gain":0,"player_choice":"Fight","damage_taken":0,"max_hp_gain":0,"max_hp_loss":0,"event_name":"MindBloom","floor":36,"gold_loss":0},{"damage_healed":0,"gold_gain":0,"player_choice":"Ignored","damage_taken":0,"max_hp_gain":0,"max_hp_loss":0,"event_name":"Tomb of Lord Red Mask","floor":38,"gold_loss":0},{"damage_healed":0,"gold_gain":0,"player_choice":"Forge","damage_taken":0,"max_hp_gain":0,"max_hp_loss":0,"event_name":"Accursed Blacksmith","floor":41,"gold_loss":0,"cards_upgraded":["Caltrops"]}],"is_beta":false,"boss_relics":[{"not_picked":["Lizard Tail","Runic Dome"],"picked":"Sozu"},{"not_picked":["White Beast Statue","Velvet Choker"],"picked":"Tiny House"}],"items_purged_floors":[5,53],"is_endless":false,"potions_floor_spawned":[4,7,16,18,20,27,28,33,37,44,46,47],"ascension_level":0}