{"gold_per_floor":[110,185,185,185,33,65,65,76,158,170,170,182,182,199,199,273,273,286,201,218,268,293,318,318,318],"floor_reached":25,"playtime":640,"items_purged":["Regret"],"score":498,"play_id":"9d5ed520-77ec-41e4-afe3-d2f3826b8b17","local_time":"20190819160844","is_ascension_mode":true,"campfire_choices":[{"data":"Dualcast","floor":7,"key":"SMITH"},{"floor":11,"key":"REST"},{"data":"Consume","floor":15,"key":"SMITH"},{"floor":24,"key":"REST"}],"neow_cost":"NONE","seed_source_timestamp":328027917900700,"circlet_count":0,"master_deck":["AscendersBane","Strike_B","Strike_B","Strike_B","Strike_B+1","Defend_B+1","Defend_B","Defend_B","Defend_B+1","Zap+1","Dualcast+1","Capacitor","Ball Lightning","Conserve Battery","Steam","Ball Lightning","Leap","Consume+1","Electrodynamics","Stack+1","Rebound","Self Repair","Redo+1"],"relics":["Cracked Core","NeowsBlessing","War Paint","Matryoshka","Lantern","The Courier","Runic Pyramid","Bag of Marbles","Red Mask","Potion Belt"],"potions_floor_usage":[16,16],"damage_taken":[{"damage":0,"enemies":"Jaw Worm","floor":1,"turns":1},{"damage":0,"enemies":"3 Sentries","floor":6,"turns":1},{"damage":0,"enemies":"2 Louse","floor":8,"turns":1},{"damage":3,"enemies":"Small Slimes","floor":10,"turns":3},{"damage":3,"enemies":"Blue Slaver","floor":12,"turns":3},{"damage":1,"enemies":"Looter","floor":14,"turns":2},{"damage":17,"enemies":"Slime Boss","floor":16,"turns":8},{"damage":10,"enemies":"Chosen","floor":18,"turns":4},{"damage":19,"enemies":"2 Thieves","floor":20,"turns":3},{"damage":20,"enemies":"Masked Bandits","floor":22,"turns":3},{"damage":0,"enemies":"Gremlin Leader","floor":23,"turns":5},{"damage":48,"enemies":"Book of Stabbing","floor":25,"turns":5}],"seed_played":"-3146397732507338078","potions_obtained":[{"floor":1,"key":"AttackPotion"},{"floor":8,"key":"Strength Potion"},{"floor":18,"key":"Ancient Potion"}],"is_trial":false,"path_per_floor":["M","?","?","?","$","E","R","M","T","M","R","M","?","M","R","B",null,"M","?","M","?","?","E","R","E"],"character_chosen":"DEFECT","items_purchased":["Ball Lightning","Conserve Battery"],"campfire_rested":2,"item_purchase_floors":[5,5],"current_hp_per_floor":[64,53,53,32,32,32,32,32,32,29,50,47,47,46,46,29,61,51,51,32,32,12,19,40,0],"gold":318,"neow_bonus":"THREE_ENEMY_KILL","is_prod":false,"is_daily":false,"chose_seed":false,"campfire_upgraded":2,"win_rate":0,"timestamp":1566198524,"path_taken":["M","?","?","?","$","E","R","?","T","M","R","M","?","M","R","BOSS","M","?","M","?","?","E","R","E"],"build_version":"2019-07-17","purchased_purges":1,"victory":false,"max_hp_per_floor":[71,71,71,71,71,71,71,71,71,71,71,71,71,71,71,71,71,71,71,71,71,71,71,71,71],"card_choices":[{"not_picked":["Lockon","Blizzard"],"picked":"Capacitor","floor":1},{"not_picked":["Go for the Eyes","Undo"],"picked":"Steam","floor":6},{"not_picked":["Steam","Redo","Rip and Tear"],"picked":"SKIP","floor":8},{"not_picked":["Barrage","Rip and Tear"],"picked":"Ball Lightning","floor":10},{"not_picked":["Turbo","Sweeping Beam"],"picked":"Leap","floor":12},{"not_picked":["Reinforced Body","Stack"],"picked":"Consume","floor":14},{"not_picked":["Fission","Echo Form"],"picked":"Electrodynamics","floor":16},{"not_picked":["Streamline","Chaos"],"picked":"Stack+1","floor":18},{"not_picked":["Reprogram","Compile Driver+1"],"picked":"Rebound","floor":20},{"not_picked":["Genetic Algorithm","Ball Lightning"],"picked":"Self Repair","floor":22},{"not_picked":["Conserve Battery+1","Coolheaded"],"picked":"Redo+1","floor":23}],"player_experience":204540,"relics_obtained":[{"floor":6,"key":"Matryoshka"},{"floor":9,"key":"Lantern"},{"floor":9,"key":"The Courier"},{"floor":22,"key":"Red Mask"},{"floor":23,"key":"Potion Belt"}],"event_choices":[{"damage_healed":0,"gold_gain":75,"player_choice":"Gather Gold","damage_taken":11,"max_hp_gain":0,"max_hp_loss":0,"event_name":"World of Goop","floor":2,"gold_loss":0},{"damage_healed":0,"gold_gain":0,"player_choice":"Box","damage_taken":0,"relics_obtained":["War Paint"],"max_hp_gain":0,"max_hp_loss":0,"event_name":"Big Fish","floor":3,"gold_loss":0,"cards_obtained":["Regret"]},{"damage_healed":0,"gold_gain":0,"player_choice":"Entered Light","damage_taken":21,"max_hp_gain":0,"max_hp_loss":0,"event_name":"Shining Light","floor":4,"gold_loss":0,"cards_upgraded":["Strike_B","Zap"]},{"damage_healed":0,"gold_gain":0,"player_choice":"Ignored","damage_taken":0,"max_hp_gain":0,"max_hp_loss":0,"event_name":"Liars Game","floor":13,"gold_loss":0},{"damage_healed":0,"gold_gain":0,"player_choice":"Obtained Relic","damage_taken":0,"relics_obtained":["Bag of Marbles"],"max_hp_gain":0,"max_hp_loss":0,"event_name":"Addict","floor":19,"gold_loss":85},{"damage_healed":0,"gold_gain":50,"player_choice":"Stole From Cult","damage_taken":0,"max_hp_gain":0,"max_hp_loss":0,"event_name":"Nest","floor":21,"gold_loss":0},{"damage_healed":0,"gold_gain":0,"player_choice":"Fought Bandits","damage_taken":0,"max_hp_gain":0,"max_hp_loss":0,"event_name":"Masked Bandits","floor":22,"gold_loss":0}],"is_beta":false,"boss_relics":[{"not_picked":["Snecko Eye","Sozu"],"picked":"Runic Pyramid"}],"items_purged_floors":[5],"is_endless":false,"potions_floor_spawned":[1,8,10,18],"killed_by":"Book of Stabbing","ascension_level":17}