{"gold_per_floor":[111,28,103,28,28,28,59,59,82,82,112,127,155,169,169,245,245,259,259,259,278,297,297,308,308],"floor_reached":25,"playtime":763,"items_purged":[],"score":588,"play_id":"11b131f7-e01e-4039-ac14-7bec8512dd22","local_time":"20190302130009","is_ascension_mode":true,"campfire_choices":[{"data":"Blizzard","floor":6.0,"key":"SMITH"},{"data":"Zap","floor":8.0,"key":"SMITH"},{"data":"Cold Snap","floor":10.0,"key":"SMITH"},{"data":"Consume","floor":15.0,"key":"SMITH"},{"data":"Echo Form","floor":23,"key":"SMITH"}],"neow_cost":"NONE","seed_source_timestamp":5824256167308,"circlet_count":0,"master_deck":["AscendersBane","Strike_B+1","Strike_B","Strike_B+1","Strike_B","Defend_B","Defend_B","Defend_B","Zap+1","Dualcast","Glacier","Blizzard+1","Cold Snap+1","Consume+1","Hello World","Undo","Echo Form+1","Core Surge","Turbo","Conserve Battery+1","Leap"],"special_seed":0,"relics":["Cracked Core","NeowsBlessing","Whetstone","Oddly Smooth Stone","Dream Catcher","Ancient Tea Set","Velvet Choker","Mercury Hourglass"],"potions_floor_usage":[],"damage_taken":[{"damage":0.0,"enemies":"Jaw Worm","floor":1.0,"turns":1.0},{"damage":0.0,"enemies":"Lagavulin","floor":7.0,"turns":1.0},{"damage":0.0,"enemies":"Gremlin Nob","floor":11.0,"turns":1.0},{"damage":1.0,"enemies":"2 Louse","floor":12.0,"turns":2.0},{"damage":0.0,"enemies":"Lagavulin","floor":13.0,"turns":6.0},{"damage":0.0,"enemies":"Cultist","floor":14.0,"turns":4.0},{"damage":24.0,"enemies":"Hexaghost","floor":16.0,"turns":9.0},{"damage":12,"enemies":"3 Byrds","floor":18,"turns":6},{"damage":0,"enemies":"Spheric Guardian","floor":21,"turns":3},{"damage":0,"enemies":"Chosen and Byrds","floor":22,"turns":10},{"damage":19,"enemies":"Snake Plant","floor":24,"turns":5},{"damage":0,"enemies":"Slavers","floor":25,"turns":1}],"seed_played":"-996645959274402116","potions_obtained":[{"floor":1.0,"key":"PowerPotion"},{"floor":12.0,"key":"SteroidPotion"},{"floor":13.0,"key":"FearPotion"}],"is_trial":false,"path_per_floor":["M","$","?","$","?","R","E","R","T","R","E","M","E","M","R","B",null,"M","?","T","M","M","R","M","E"],"character_chosen":"DEFECT","items_purchased":["Glacier","Blizzard"],"campfire_rested":0,"item_purchase_floors":[2,4],"current_hp_per_floor":[64,64,53,53,46,46,46,46,46,46,46,45,45,45,45,21,59,47,47,47,47,47,47,28,28],"gold":308,"neow_bonus":"THREE_ENEMY_KILL","is_prod":false,"is_daily":false,"chose_seed":false,"campfire_upgraded":5,"win_rate":0,"timestamp":1551560409,"path_taken":["M","$","?","$","?","R","E","R","T","R","E","M","E","M","R","BOSS","M","?","?","?","M","R","M","E"],"build_version":"2019-02-06","purchased_purges":0,"victory":false,"max_hp_per_floor":[71,71,71,71,71,71,71,71,71,71,71,71,71,71,71,71,71,71,71,71,71,71,71,71,71],"card_choices":[{"not_picked":["Darkness","Static Discharge"],"picked":"Cold Snap","floor":7.0},{"not_picked":["Redo","Steam Power"],"picked":"Consume","floor":11.0},{"not_picked":["Ball Lightning","Loop"],"picked":"Hello World","floor":12.0},{"not_picked":["Skim","Heatsinks"],"picked":"Undo","floor":13.0},{"not_picked":["Loop","Cold Snap"],"picked":"Echo Form","floor":14.0},{"not_picked":["Reboot","Amplify"],"picked":"Core Surge","floor":16.0},{"not_picked":["Skim","Redo"],"picked":"Turbo","floor":21},{"not_picked":["Stack","Creative AI"],"picked":"Conserve Battery+1","floor":22},{"not_picked":["Beam Cell","Compile Driver"],"picked":"Leap","floor":24}],"player_experience":1264865,"relics_obtained":[{"floor":7.0,"key":"Whetstone"},{"floor":9.0,"key":"Oddly Smooth Stone"},{"floor":11.0,"key":"Dream Catcher"},{"floor":13.0,"key":"Ancient Tea Set"},{"floor":20,"key":"Mercury Hourglass"}],"event_choices":[{"damage_healed":0.0,"max_hp_gain":0.0,"max_hp_loss":0.0,"gold_gain":75.0,"event_name":"World of Goop","player_choice":"Gather Gold","floor":3.0,"gold_loss":0.0,"damage_taken":11.0},{"cards_removed":["Defend_B"],"damage_healed":0.0,"max_hp_gain":0.0,"max_hp_loss":0.0,"gold_gain":0.0,"event_name":"Golden Wing","player_choice":"Card Removal","floor":5.0,"gold_loss":0.0,"damage_taken":7.0},{"damage_healed":0,"gold_gain":0,"player_choice":"Ignored","damage_taken":0,"max_hp_gain":0,"max_hp_loss":0,"event_name":"Cursed Tome","floor":19,"gold_loss":0}],"is_beta":true,"boss_relics":[{"not_picked":["Astrolabe","Calling Bell"],"picked":"Velvet Choker"}],"items_purged_floors":[],"is_endless":false,"potions_floor_spawned":[1,12,13,21],"killed_by":"Slavers","ascension_level":20}