{"gold_per_floor":[117,117,9,28,28,28,178,178,178,210,210,235,0,26,26,99,99,119,119,119,19,19,19,39,73,73,85,85,98,98,98,98,171,171,185,202,202,212,87,87,87,87,87,87,87,102,119,151,151,151,151],"floor_reached":51,"playtime":1135,"items_purged":["Doubt","Strike_R","Perfected Strike+1"],"score":1594,"play_id":"e0cce375-72d4-458a-b312-da53c12456b9","local_time":"20190812013034","is_ascension_mode":true,"campfire_choices":[{"data":"Searing Blow","floor":6.0,"key":"SMITH"},{"data":"Searing Blow+1","floor":8.0,"key":"SMITH"},{"data":"Searing Blow+2","floor":11.0,"key":"SMITH"},{"data":"Searing Blow+3","floor":15.0,"key":"SMITH"},{"data":"Searing Blow+4","floor":23.0,"key":"SMITH"},{"data":"Searing Blow+5","floor":28.0,"key":"SMITH"},{"data":"Searing Blow+6","floor":30.0,"key":"SMITH"},{"data":"Searing Blow+7","floor":32.0,"key":"SMITH"},{"data":"Searing Blow+8","floor":40.0,"key":"SMITH"},{"data":"Searing Blow+10","floor":42.0,"key":"SMITH"},{"data":"Searing Blow+11","floor":49.0,"key":"SMITH"}],"neow_cost":"NONE","seed_source_timestamp":7818795337832,"circlet_count":0,"master_deck":["AscendersBane","Defend_R+1","Defend_R+1","Defend_R+1","Bash+1","Anger+1","Searing Blow+12","Armaments+1","Armaments+1","Double Tap+1","Battle Trance+1","Barricade+1","Armaments+1","Immolate+1","Whirlwind+1","Offering+1","Shockwave+1","Battle Trance","Headbutt+1"],"special_seed":0,"relics":["Burning Blood","NeowsBlessing","Singing Bowl","FossilizedHelix","War Paint","Omamori","Odd Mushroom","Philosopher\u0027s Stone","Sundial","Art of War","Bottled Flame","Charon\u0027s Ashes","Astrolabe","Mark of the Bloom","Pear","Happy Flower"],"potions_floor_usage":[],"damage_taken":[{"damage":0.0,"enemies":"Jaw Worm","floor":1.0,"turns":1.0},{"damage":0.0,"enemies":"Cultist","floor":4.0,"turns":1.0},{"damage":0.0,"enemies":"Lagavulin","floor":10.0,"turns":1.0},{"damage":20.0,"enemies":"Gremlin Nob","floor":12.0,"turns":4.0},{"damage":10.0,"enemies":"The Mushroom Lair","floor":14.0,"turns":5.0},{"damage":32.0,"enemies":"Hexaghost","floor":16.0,"turns":7.0},{"damage":3.0,"enemies":"2 Thieves","floor":18.0,"turns":4.0},{"damage":0.0,"enemies":"Shell Parasite","floor":24.0,"turns":2.0},{"damage":56.0,"enemies":"Slavers","floor":25.0,"turns":9.0},{"damage":9.0,"enemies":"Snake Plant","floor":27.0,"turns":2.0},{"damage":0.0,"enemies":"Centurion and Healer","floor":29.0,"turns":3.0},{"damage":0.0,"enemies":"Collector","floor":33.0,"turns":3.0},{"damage":0.0,"enemies":"3 Darklings","floor":35.0,"turns":1.0},{"damage":0.0,"enemies":"Orb Walker","floor":36.0,"turns":2.0},{"damage":0.0,"enemies":"Jaw Worm Horde","floor":38.0,"turns":3.0},{"damage":12.0,"enemies":"Transient","floor":46.0,"turns":6.0},{"damage":0.0,"enemies":"4 Shapes","floor":47.0,"turns":4.0},{"damage":6.0,"enemies":"Reptomancer","floor":48.0,"turns":2.0},{"damage":62.0,"enemies":"Awakened One","floor":50.0,"turns":6.0},{"damage":13,"enemies":"Donu and Deca","floor":51,"turns":1}],"seed_played":"-1236322760246690650","potions_obtained":[{"floor":10.0,"key":"SneckoOil"},{"floor":12.0,"key":"AttackPotion"},{"floor":14.0,"key":"Ancient Potion"},{"floor":33.0,"key":"SpeedPotion"},{"floor":36.0,"key":"Poison Potion"},{"floor":38.0,"key":"SteroidPotion"}],"is_trial":false,"path_per_floor":["M","?","$","M","?","R","?","R","T","E","R","E","$","?","R","B",null,"M","?","?","$","?","R","M","E","T","M","R","M","R","T","R","B",null,"M","M","?","M","$","R","?","R","T","?","$","M","M","E","R","B","B"],"character_chosen":"IRONCLAD","items_purchased":["Searing Blow","Armaments","Omamori"],"campfire_rested":0,"item_purchase_floors":[3,3,13],"current_hp_per_floor":[74,74,74,75,52,52,52,52,52,60,60,48,48,46,46,20,66,71,71,71,71,71,71,77,29,29,28,28,34,34,34,34,42,77,85,93,93,93,93,93,93,93,93,93,93,81,81,75,75,13,0],"gold":151,"neow_bonus":"THREE_ENEMY_KILL","is_prod":false,"is_daily":false,"chose_seed":false,"campfire_upgraded":11,"win_rate":0,"timestamp":1565598634,"path_taken":["M","?","$","?","?","R","?","R","T","E","R","E","$","?","R","BOSS","M","?","?","$","?","R","?","E","T","?","R","M","R","?","R","BOSS","M","M","?","M","$","R","?","R","T","?","?","M","M","E","R","BOSS","BOSS"],"build_version":"2019-07-18","purchased_purges":3,"victory":false,"max_hp_per_floor":[75,75,75,75,75,75,75,75,75,77,77,79,79,81,81,81,81,83,83,83,83,83,83,83,85,85,87,87,87,87,87,87,89,89,91,93,93,93,93,93,93,93,103,103,103,103,103,105,105,105,105],"card_choices":[{"not_picked":["Cleave","Fire Breathing"],"picked":"Anger","floor":1.0},{"not_picked":["Spot Weakness","Pommel Strike"],"picked":"Armaments","floor":4.0},{"not_picked":["Iron Wave","Burning Pact","True Grit"],"picked":"Singing Bowl","floor":10.0},{"not_picked":["Cleave","Uppercut","Perfected Strike"],"picked":"Singing Bowl","floor":12.0},{"not_picked":["Dual Wield","Rupture","Blood for Blood"],"picked":"Singing Bowl","floor":14.0},{"not_picked":["Reaper","Impervious"],"picked":"Double Tap","floor":16.0},{"not_picked":["Clash","Heavy Blade","Dropkick"],"picked":"Singing Bowl","floor":18.0},{"not_picked":["Warcry","Flex"],"picked":"Armaments","floor":24.0},{"not_picked":["Blood for Blood","Feel No Pain","Intimidate"],"picked":"Singing Bowl","floor":25.0},{"not_picked":["Fire Breathing","Intimidate","Body Slam"],"picked":"Singing Bowl","floor":27.0},{"not_picked":["Twin Strike+1","Blood for Blood"],"picked":"Immolate","floor":29.0},{"not_picked":["Barricade","Feed","Exhume"],"picked":"Singing Bowl","floor":33.0},{"not_picked":["Wild Strike","Perfected Strike","Heavy Blade"],"picked":"Singing Bowl","floor":35.0},{"not_picked":["Anger","Wild Strike+1","Sword Boomerang"],"picked":"Singing Bowl","floor":36.0},{"not_picked":["Clash","Uppercut"],"picked":"Shockwave+1","floor":38.0},{"not_picked":["Evolve","Anger"],"picked":"Battle Trance","floor":46.0},{"not_picked":["Rupture","Searing Blow"],"picked":"Headbutt+1","floor":47.0},{"not_picked":["Inflame","Dual Wield+1","Twin Strike"],"picked":"Singing Bowl","floor":48.0}],"player_experience":1402071,"relics_obtained":[{"floor":9.0,"key":"Singing Bowl"},{"floor":10.0,"key":"FossilizedHelix"},{"floor":12.0,"key":"War Paint"},{"floor":14.0,"key":"Odd Mushroom"},{"floor":25.0,"key":"Art of War"},{"floor":26.0,"key":"Bottled Flame"},{"floor":31.0,"key":"Charon\u0027s Ashes"},{"floor":43.0,"key":"Pear"},{"floor":48.0,"key":"Happy Flower"}],"event_choices":[{"damage_healed":0.0,"max_hp_gain":0.0,"max_hp_loss":0.0,"gold_gain":0.0,"event_name":"Upgrade Shrine","player_choice":"Upgraded","floor":2.0,"gold_loss":0.0,"damage_taken":0.0,"cards_upgraded":["Bash"]},{"damage_healed":0.0,"max_hp_gain":0.0,"max_hp_loss":0.0,"gold_gain":0.0,"event_name":"Shining Light","player_choice":"Entered Light","floor":5.0,"gold_loss":0.0,"damage_taken":23.0,"cards_upgraded":["Defend_R","Strike_R"]},{"damage_healed":0.0,"max_hp_gain":0.0,"max_hp_loss":0.0,"gold_gain":150.0,"event_name":"Liars Game","player_choice":"AGREE","floor":7.0,"gold_loss":0.0,"damage_taken":0.0,"cards_obtained":["Doubt"]},{"damage_healed":0.0,"max_hp_gain":0.0,"max_hp_loss":0.0,"gold_gain":0.0,"event_name":"Mushrooms","player_choice":"Fought Mushrooms","floor":14.0,"gold_loss":0.0,"damage_taken":0.0},{"damage_healed":0.0,"max_hp_gain":0.0,"max_hp_loss":0.0,"gold_gain":0.0,"event_name":"Ghosts","player_choice":"Ignored","floor":19.0,"gold_loss":0.0,"damage_taken":0.0},{"damage_healed":0.0,"max_hp_gain":0.0,"max_hp_loss":0.0,"gold_gain":0.0,"event_name":"The Mausoleum","player_choice":"Opened","floor":20.0,"gold_loss":0.0,"damage_taken":0.0,"relics_obtained":["Sundial"],"cards_obtained":["Writhe"]},{"damage_healed":0.0,"max_hp_gain":0.0,"max_hp_loss":0.0,"gold_gain":0.0,"cards_transformed":["Strike_R","Strike_R"],"event_name":"Drug Dealer","player_choice":"Became Test Subject","floor":22.0,"gold_loss":0.0,"damage_taken":0.0,"cards_obtained":["Battle Trance","Barricade"]},{"damage_healed":0.0,"max_hp_gain":0.0,"max_hp_loss":0.0,"gold_gain":0.0,"event_name":"Tomb of Lord Red Mask","player_choice":"Ignored","floor":37.0,"gold_loss":0.0,"damage_taken":0.0},{"damage_healed":0.0,"max_hp_gain":0.0,"max_hp_loss":0.0,"gold_gain":0.0,"event_name":"MindBloom","player_choice":"Upgrade","floor":41.0,"gold_loss":0.0,"damage_taken":0.0,"cards_upgraded":["Defend_R","Anger","Searing Blow","Armaments","Double Tap","Battle Trance","Barricade","Armaments","Immolate"],"relics_obtained":["Mark of the Bloom"]},{"damage_healed":0.0,"max_hp_gain":0.0,"max_hp_loss":0.0,"gold_gain":0.0,"event_name":"Mysterious Sphere","player_choice":"Ignored","floor":44.0,"gold_loss":0.0,"damage_taken":0.0}],"is_beta":true,"boss_relics":[{"not_picked":["Lizard Tail","Pandora\u0027s Box"],"picked":"Philosopher\u0027s Stone"},{"not_picked":["Black Star","Black Blood"],"picked":"Astrolabe"}],"items_purged_floors":[13,21,39],"is_endless":false,"potions_floor_spawned":[10,12,14,33,36,38],"killed_by":"Donu and Deca","ascension_level":20}