{"gold_per_floor":[117,129,149,224,242,272,290,306,306,306,4,63,89,108,108,180,180,193,193,193,38,38,38,49,82,82,97,123,123,123,133,133,210,210,224,240,340,340,189,220,24,24,95,0,0,0,0,27,27,27,27],"floor_reached":52,"playtime":1991,"items_purged":["Writhe","Strike_B"],"score":2137,"play_id":"5edb4890-e099-4d8f-b325-d4614b390672","local_time":"20190228231920","is_ascension_mode":true,"campfire_choices":[{"floor":10.0,"key":"REST"},{"floor":15.0,"key":"REST"},{"floor":23.0,"key":"REST"},{"floor":30,"key":"REST"},{"floor":32,"key":"REST"},{"floor":45,"key":"REST"},{"floor":46,"key":"REST"},{"floor":49,"key":"REST"}],"neow_cost":"NONE","seed_source_timestamp":20142672280047,"circlet_count":0,"master_deck":["AscendersBane","Defend_B","Defend_B","Defend_B","Defend_B","Zap","Dualcast","Ball Lightning","Streamline","Beam Cell","Core Surge","Beam Cell","Hologram+1","Apotheosis+1","Consume+1","FTL","Glacier+1","Stack+1","Buffer","Undo+1","Capacitor","Go for the Eyes","Leap+1","Hologram+1","BootSequence+1","Redo+1","Seek+1","Redo+1","Blizzard","Loop","Multi-Cast+1","White Noise+1","Hello World","Leap+1","Skim+1"],"special_seed":0,"relics":["Fusion Hammer","Toxic Egg 2","Pear","Tiny Chest","Lantern","White Beast Statue","Enchiridion","Potion Belt","Shuriken","Blue Candle","Symbiotic Virus","Philosopher\u0027s Stone","WingedGreaves","Ice Cream","Happy Flower","Darkstone Periapt","Red Mask","Bag of Preparation"],"potions_floor_usage":[28,28,40,40,40,51,51],"damage_taken":[{"damage":3.0,"enemies":"2 Louse","floor":1.0,"turns":2.0},{"damage":4.0,"enemies":"Jaw Worm","floor":2.0,"turns":3.0},{"damage":0.0,"enemies":"Cultist","floor":3.0,"turns":3.0},{"damage":8.0,"enemies":"Blue Slaver","floor":5.0,"turns":2.0},{"damage":8.0,"enemies":"Gremlin Nob","floor":6.0,"turns":3.0},{"damage":0.0,"enemies":"2 Fungi Beasts","floor":7.0,"turns":2.0},{"damage":6.0,"enemies":"Lots of Slimes","floor":8.0,"turns":4.0},{"damage":15.0,"enemies":"3 Sentries","floor":12.0,"turns":5.0},{"damage":8.0,"enemies":"3 Louse","floor":14.0,"turns":2.0},{"damage":14.0,"enemies":"The Guardian","floor":16.0,"turns":9.0},{"damage":13.0,"enemies":"Shell Parasite","floor":18.0,"turns":6.0},{"damage":0.0,"enemies":"Spheric Guardian","floor":24.0,"turns":6.0},{"damage":20.0,"enemies":"Slavers","floor":25.0,"turns":7.0},{"damage":0.0,"enemies":"Centurion and Healer","floor":27.0,"turns":6.0},{"damage":0,"enemies":"Book of Stabbing","floor":28,"turns":6},{"damage":10,"enemies":"Snecko","floor":31,"turns":5},{"damage":0,"enemies":"Champ","floor":33,"turns":12},{"damage":0,"enemies":"3 Shapes","floor":35,"turns":4},{"damage":0,"enemies":"Orb Walker","floor":36,"turns":4},{"damage":0,"enemies":"Mind Bloom Boss Battle","floor":37,"turns":11},{"damage":35,"enemies":"Reptomancer","floor":40,"turns":7},{"damage":0,"enemies":"Nemesis","floor":48,"turns":5},{"damage":11,"enemies":"Donu and Deca","floor":50,"turns":7},{"damage":11,"enemies":"Time Eater","floor":51,"turns":5}],"seed_played":"956712269806556935","potions_obtained":[{"floor":1.0,"key":"SteroidPotion"},{"floor":3.0,"key":"SteroidPotion"},{"floor":6.0,"key":"Fire Potion"},{"floor":18.0,"key":"LiquidBronze"},{"floor":24.0,"key":"Weak Potion"},{"floor":25.0,"key":"SkillPotion"},{"floor":27.0,"key":"SkillPotion"},{"floor":28,"key":"Explosive Potion"},{"floor":31,"key":"Explosive Potion"},{"floor":33,"key":"SpeedPotion"},{"floor":35,"key":"FocusPotion"},{"floor":40,"key":"Fire Potion"},{"floor":48,"key":"GamblersBrew"}],"is_trial":false,"path_per_floor":["M","M","M","?","M","E","M","M","T","R","$","E","T","M","R","B",null,"M","?","?","$","?","R","M","E","T","M","E","?","R","M","R","B",null,"M","M","?","T","$","E","$","?","T","?","R","R","$","E","R","B","B",null],"character_chosen":"DEFECT","items_purchased":["Apotheosis+1","Consume+1","FTL","Capacitor","Multi-Cast+1","Hello World","Leap+1"],"campfire_rested":8,"item_purchase_floors":[11,11,11,21,39,41,41],"current_hp_per_floor":[61,57,57,46,38,30,30,24,34,58,58,43,43,35,59,45,72,59,38,38,38,38,62,62,42,42,42,42,42,66,56,80,80,81,81,81,81,81,81,46,46,46,46,46,70,81,81,81,81,70,59],"gold":27,"neow_bonus":"BOSS_RELIC","is_prod":false,"is_daily":false,"chose_seed":false,"campfire_upgraded":0,"win_rate":0,"timestamp":1551424760,"path_taken":["M","M","M","?","M","E","M","M","T","R","$","E","?","?","R","BOSS","M","?","?","$","?","R","M","E","T","?","E","?","R","M","R","BOSS","M","M","?","?","$","E","$","?","T","?","R","R","$","E","R","BOSS","BOSS"],"build_version":"2019-02-06","purchased_purges":2,"victory":true,"max_hp_per_floor":[71,71,71,71,71,71,71,71,81,81,81,81,81,81,81,81,81,81,81,81,81,81,81,81,81,81,81,81,81,81,81,81,81,81,81,81,81,81,81,81,81,81,81,81,81,81,81,81,81,81,81],"card_choices":[{"not_picked":["Self Repair","Steam"],"picked":"Ball Lightning","floor":1.0},{"not_picked":["Genetic Algorithm","Leap"],"picked":"Ball Lightning","floor":2.0},{"not_picked":["Compile Driver","Turbo"],"picked":"Streamline","floor":3.0},{"not_picked":["Heatsinks","Stack"],"picked":"Beam Cell","floor":5.0},{"not_picked":["Loop","Chill"],"picked":"Core Surge","floor":6.0},{"not_picked":["Turbo+1","Redo+1"],"picked":"Beam Cell","floor":7.0},{"not_picked":["Reprogram+1","Stack+1"],"picked":"Hologram+1","floor":8.0},{"not_picked":["Reprogram+1","Darkness+1"],"picked":"Glacier+1","floor":12.0},{"not_picked":["Barrage","Gash"],"picked":"Stack+1","floor":14.0},{"not_picked":["Biased Cognition","Meteor Strike"],"picked":"Buffer","floor":16.0},{"not_picked":["Loop","Redo+1"],"picked":"Undo+1","floor":18.0},{"not_picked":["Streamline","Double Energy+1"],"picked":"Go for the Eyes","floor":24.0},{"not_picked":["Ball Lightning","Lockon"],"picked":"Leap+1","floor":25.0},{"not_picked":["Force Field+1","Redo+1"],"picked":"Hologram+1","floor":27.0},{"not_picked":["Amplify+1","Thunder Strike"],"picked":"Seek+1","floor":33},{"not_picked":["Double Energy+1","Doom and Gloom"],"picked":"Redo+1","floor":35},{"not_picked":["Turbo+1","Steam+1"],"picked":"Blizzard","floor":36},{"not_picked":["Barrage+1","Ball Lightning+1"],"picked":"Loop","floor":37},{"not_picked":["Tempest+1","Fusion+1"],"picked":"White Noise+1","floor":40},{"not_picked":["Thunder Strike","Leap+1"],"picked":"Skim+1","floor":48}],"player_experience":1242542,"relics_obtained":[{"floor":6.0,"key":"Toxic Egg 2"},{"floor":9.0,"key":"Pear"},{"floor":12.0,"key":"Tiny Chest"},{"floor":13.0,"key":"Lantern"},{"floor":19.0,"key":"Enchiridion"},{"floor":25.0,"key":"Shuriken"},{"floor":26.0,"key":"Blue Candle"},{"floor":28,"key":"Symbiotic Virus"},{"floor":37,"key":"WingedGreaves"},{"floor":38,"key":"Ice Cream"},{"floor":40,"key":"Happy Flower"},{"floor":43,"key":"Darkstone Periapt"},{"floor":48,"key":"Bag of Preparation"}],"event_choices":[{"damage_healed":0.0,"max_hp_gain":0.0,"max_hp_loss":0.0,"gold_gain":75.0,"event_name":"World of Goop","player_choice":"Gather Gold","floor":4.0,"gold_loss":0.0,"damage_taken":11.0},{"damage_healed":0.0,"max_hp_gain":0.0,"max_hp_loss":0.0,"gold_gain":0.0,"event_name":"Cursed Tome","player_choice":"Obtained Book","floor":19.0,"gold_loss":0.0,"damage_taken":21.0},{"damage_healed":0.0,"max_hp_gain":0.0,"max_hp_loss":0.0,"gold_gain":0.0,"event_name":"The Mausoleum","player_choice":"Opened","floor":20.0,"gold_loss":0.0,"damage_taken":0.0,"relics_obtained":["Potion Belt"],"cards_obtained":["Writhe"]},{"cards_removed":["Strike_B"],"damage_healed":0.0,"max_hp_gain":0.0,"max_hp_loss":0.0,"gold_gain":0.0,"event_name":"Purifier","player_choice":"Purged","floor":22.0,"gold_loss":0.0,"damage_taken":0.0},{"damage_healed":0,"gold_gain":0,"cards_transformed":["Strike_B","Strike_B"],"player_choice":"Became Test Subject","damage_taken":0,"max_hp_gain":0,"max_hp_loss":0,"event_name":"Drug Dealer","floor":29,"gold_loss":0,"cards_obtained":["BootSequence","Redo"]},{"damage_healed":0,"gold_gain":0,"player_choice":"Fight","damage_taken":0,"max_hp_gain":0,"max_hp_loss":0,"event_name":"MindBloom","floor":37,"gold_loss":0},{"cards_removed":["Ball Lightning"],"damage_healed":0,"gold_gain":0,"player_choice":"Removed Attack","damage_taken":0,"max_hp_gain":0,"max_hp_loss":0,"event_name":"Falling","floor":42,"gold_loss":0},{"damage_healed":0,"gold_gain":0,"player_choice":"Paid","damage_taken":0,"relics_obtained":["Red Mask"],"max_hp_gain":0,"max_hp_loss":0,"event_name":"Tomb of Lord Red Mask","floor":44,"gold_loss":95}],"is_beta":true,"boss_relics":[{"not_picked":["Tiny House","Calling Bell"],"picked":"White Beast Statue"},{"not_picked":["Eternal Feather","Sozu"],"picked":"Philosopher\u0027s Stone"}],"items_purged_floors":[21,41],"is_endless":false,"potions_floor_spawned":[1,3,6,18,24,25,27,28,31,33,35,36,37,40,48],"ascension_level":20}