{"gold_per_floor":[110,110,110,110,124,124,155,178,202,202,243,243,281,305,305,429,429,453,472,487,327,350,393,393,436,487,523,538,581,581,616,616,746,746,759,782,841,856,900,941,953,1008,1045,1070,1123,655,693,525,525,525,525,525,65,103,103],"floor_reached":56,"playtime":1655,"items_purged":["Dramatic Entrance+1","Intimidate"],"score":2036,"play_id":"f97d0933-6656-4e1b-8f32-15d53438bfea","local_time":"20190826193934","daily_mods":["SealedDeck","Red Cards","Colorless Cards","DeadlyEvents","Elite Swarm","Lethality","Night Terrors","Terminal"],"is_ascension_mode":false,"campfire_choices":[{"data":"Impatience","floor":6.0,"key":"SMITH"},{"data":"Limit Break","floor":10.0,"key":"SMITH"},{"data":"Impatience","floor":12.0,"key":"SMITH"},{"data":"Apotheosis","floor":15.0,"key":"SMITH"},{"floor":24.0,"key":"RECALL"},{"data":"Seeing Red","floor":30.0,"key":"SMITH"},{"data":"Madness","floor":32.0,"key":"SMITH"},{"data":"Deep Breath","floor":41,"key":"SMITH"},{"data":"Impervious","floor":49,"key":"SMITH"},{"floor":52,"key":"REST"}],"neow_cost":"","seed_source_timestamp":0,"circlet_count":0,"master_deck":["Impatience+1","Blind+1","Seeing Red+1","Madness+1","Slice+1","Impatience+1","Limit Break+1","Apotheosis+1","Deep Breath+1","Backflip+1","Barricade","Impervious+1","Evolve","Adrenaline"],"special_seed":0,"relics":["Ring of the Snake","Golden Idol","Darkstone Periapt","Centennial Puzzle","PreservedInsect","Tingsha","Black Star","Potion Belt","Snake Skull","Happy Flower","Art of War","Ginger","Tough Bandages","The Courier","Bag of Marbles","Meat on the Bone","Lantern","Empty Cage","Thread and Needle","Regal Pillow","Sundial","StoneCalendar","MawBank","Anchor","Vajra","Omamori","Singing Bowl","Ancient Tea Set","Medical Kit","Bronze Scales","Orichalcum","Strawberry","Bag of Preparation","Membership Card","War Paint","Unceasing Top","Mercury Hourglass","Boot","Gremlin Horn","Letter Opener","Bottled Flame"],"potions_floor_usage":[55],"damage_taken":[{"damage":0.0,"enemies":"Small Slimes","floor":1.0,"turns":2.0},{"damage":0.0,"enemies":"2 Louse","floor":5.0,"turns":1.0},{"damage":0.0,"enemies":"Lagavulin","floor":7.0,"turns":1.0},{"damage":0.0,"enemies":"Cultist","floor":8.0,"turns":2.0},{"damage":0.0,"enemies":"Gremlin Nob","floor":11.0,"turns":2.0},{"damage":0.0,"enemies":"3 Sentries","floor":13.0,"turns":1.0},{"damage":0.0,"enemies":"Exordium Thugs","floor":14.0,"turns":1.0},{"damage":0.0,"enemies":"Slime Boss","floor":16.0,"turns":1.0},{"damage":0.0,"enemies":"Spheric Guardian","floor":18.0,"turns":3.0},{"damage":0.0,"enemies":"3 Byrds","floor":19.0,"turns":1.0},{"damage":0.0,"enemies":"Snake Plant","floor":20.0,"turns":1.0},{"damage":0.0,"enemies":"3 Cultists","floor":22.0,"turns":2.0},{"damage":0.0,"enemies":"Book of Stabbing","floor":23.0,"turns":1.0},{"damage":0.0,"enemies":"Gremlin Leader","floor":25.0,"turns":1.0},{"damage":0.0,"enemies":"Slavers","floor":27.0,"turns":1.0},{"damage":0.0,"enemies":"Snecko","floor":28.0,"turns":1.0},{"damage":0.0,"enemies":"Book of Stabbing","floor":29.0,"turns":1.0},{"damage":1.0,"enemies":"Slavers","floor":31.0,"turns":2.0},{"damage":0.0,"enemies":"Automaton","floor":33.0,"turns":1.0},{"damage":0.0,"enemies":"3 Shapes","floor":35.0,"turns":1.0},{"damage":0.0,"enemies":"Orb Walker","floor":36.0,"turns":1.0},{"damage":0.0,"enemies":"2 Orb Walkers","floor":37.0,"turns":1.0},{"damage":0.0,"enemies":"Writhing Mass","floor":38.0,"turns":1.0},{"damage":0.0,"enemies":"Giant Head","floor":39.0,"turns":1.0},{"damage":0,"enemies":"Reptomancer","floor":40,"turns":1},{"damage":0,"enemies":"Giant Head","floor":42,"turns":1},{"damage":0,"enemies":"4 Shapes","floor":44,"turns":1},{"damage":0,"enemies":"Reptomancer","floor":45,"turns":1},{"damage":0,"enemies":"Nemesis","floor":47,"turns":1},{"damage":0,"enemies":"Donu and Deca","floor":50,"turns":1},{"damage":0,"enemies":"Shield and Spear","floor":54,"turns":1},{"damage":0,"enemies":"The Heart","floor":55,"turns":3}],"seed_played":"324410424880951932","potions_obtained":[{"floor":5.0,"key":"GamblersBrew"},{"floor":7.0,"key":"EssenceOfSteel"},{"floor":8.0,"key":"PowerPotion"},{"floor":27.0,"key":"Swift Potion"},{"floor":28.0,"key":"LiquidBronze"},{"floor":45,"key":"GamblersBrew"},{"floor":47,"key":"GhostInAJar"}],"is_trial":true,"path_per_floor":["M","?","?","?","M","R","E","M","T","R","E","R","E","M","R","B",null,"M","M","M","$","M","E","R","E","T","E","M","E","R","E","R","B",null,"M","M","?","M","E","E","R","E","T","M","E","$","E","$","R","B",null,"R","$","E","B",null],"character_chosen":"THE_SILENT","items_purchased":["Deep Breath","Medical Kit","Bronze Scales","Orichalcum","Membership Card","War Paint","Unceasing Top","Mercury Hourglass","Boot","Gremlin Horn","Evolve"],"campfire_rested":1,"item_purchase_floors":[21,46,46,46,48,53,53,53,53,53,53],"current_hp_per_floor":[68,54,54,60,59,58,57,56,55,54,53,52,51,50,49,48,47,46,45,44,43,42,41,40,39,38,37,36,35,34,33,32,31,30,29,28,27,26,25,24,23,22,21,20,21,20,28,27,26,25,24,18,17,16,15],"gold":103,"neow_bonus":"","is_prod":false,"is_daily":false,"chose_seed":false,"campfire_upgraded":8,"win_rate":0,"timestamp":1566819574,"path_taken":["M","?","?","?","M","R","E","M","T","R","E","R","E","M","R","BOSS","M","?","M","$","M","E","R","E","T","E","M","E","R","E","R","BOSS","M","M","?","?","?","E","R","E","T","M","E","$","E","$","R","BOSS","R","$","E","BOSS"],"build_version":"2019-07-17","purchased_purges":2,"victory":true,"max_hp_per_floor":[68,67,61,60,59,58,57,56,55,54,53,52,51,50,49,48,47,46,45,44,43,42,41,40,39,38,37,36,35,34,33,32,31,30,29,28,27,26,25,24,23,22,21,20,21,20,28,27,26,25,24,18,17,16,15],"card_choices":[{"not_picked":["Dodge and Roll","Masterful Stab","Havoc"],"picked":"SKIP","floor":1.0},{"not_picked":["Flying Knee","Heel Hook","Pommel Strike"],"picked":"SKIP","floor":5.0},{"not_picked":["Wraith Form v2","Corpse Explosion"],"picked":"Limit Break","floor":7.0},{"not_picked":["Prepared","Blood for Blood","Outmaneuver"],"picked":"SKIP","floor":8.0},{"not_picked":["Bullet Time","Mayhem","Exhume"],"picked":"SKIP","floor":11.0},{"not_picked":["Secret Weapon","Sadistic Nature"],"picked":"Apotheosis","floor":13.0},{"not_picked":["Flame Barrier","Dual Wield","Wild Strike"],"picked":"SKIP","floor":14.0},{"not_picked":["Dropkick","Acrobatics","Sucker Punch"],"picked":"SKIP","floor":18.0},{"not_picked":["Rupture","Heel Hook+1","Dagger Throw+1"],"picked":"SKIP","floor":19.0},{"not_picked":["Endless Agony+1","Headbutt","Mind Blast"],"picked":"SKIP","floor":20.0},{"not_picked":["Accuracy","Dagger Spray","Cloak And Dagger"],"picked":"SKIP","floor":22.0},{"not_picked":["Die Die Die","Grand Finale","Malaise"],"picked":"SKIP","floor":23.0},{"not_picked":["Wraith Form v2","Juggernaut","Double Tap"],"picked":"SKIP","floor":25.0},{"not_picked":["Juggernaut","Demon Form"],"picked":"Feed","floor":27.0},{"not_picked":["Dodge and Roll+1","Headbutt"],"picked":"Backflip","floor":28.0},{"not_picked":["Storm of Steel","Phantasmal Killer"],"picked":"Barricade","floor":29.0},{"not_picked":["Double Tap","Metamorphosis","Sadistic Nature"],"picked":"SKIP","floor":31.0},{"not_picked":["Poisoned Stab+1","Acrobatics+1","Outmaneuver+1"],"picked":"SKIP","floor":35.0},{"not_picked":["Dodge and Roll","Whirlwind+1","Bane"],"picked":"SKIP","floor":36.0},{"not_picked":["Outmaneuver","PiercingWail+1","A Thousand Cuts"],"picked":"SKIP","floor":38.0},{"not_picked":["Outmaneuver","PiercingWail+1","A Thousand Cuts"],"picked":"SKIP","floor":38.0},{"not_picked":["Fiend Fire","Mayhem","Master of Strategy"],"picked":"SKIP","floor":39.0},{"not_picked":["Exhume","Dark Embrace","Bullet Time"],"picked":"SKIP","floor":40},{"not_picked":["Exhume","Impervious","Glass Knife"],"picked":"SKIP","floor":42},{"not_picked":["Exhume","Glass Knife"],"picked":"Impervious","floor":42},{"not_picked":["Poisoned Stab","Bane","Dodge and Roll"],"picked":"SKIP","floor":44},{"not_picked":["Corpse Explosion","HandOfGreed","Metamorphosis"],"picked":"Singing Bowl","floor":45},{"not_picked":["Magnetism","Chrysalis","Glass Knife"],"picked":"Singing Bowl","floor":47},{"not_picked":["Glass Knife","Limit Break"],"picked":"Adrenaline","floor":54}],"player_experience":883715,"relics_obtained":[{"floor":7.0,"key":"Darkstone Periapt"},{"floor":9.0,"key":"Centennial Puzzle"},{"floor":11.0,"key":"PreservedInsect"},{"floor":13.0,"key":"Tingsha"},{"floor":23.0,"key":"Potion Belt"},{"floor":23.0,"key":"Snake Skull"},{"floor":25.0,"key":"Happy Flower"},{"floor":25.0,"key":"Art of War"},{"floor":27.0,"key":"Ginger"},{"floor":27.0,"key":"Tough Bandages"},{"floor":29.0,"key":"The Courier"},{"floor":29.0,"key":"Bag of Marbles"},{"floor":31.0,"key":"Meat on the Bone"},{"floor":31.0,"key":"Lantern"},{"floor":37.0,"key":"Thread and Needle"},{"floor":39.0,"key":"Regal Pillow"},{"floor":39.0,"key":"Sundial"},{"floor":40,"key":"StoneCalendar"},{"floor":40,"key":"MawBank"},{"floor":42,"key":"Anchor"},{"floor":42,"key":"Vajra"},{"floor":43,"key":"Omamori"},{"floor":45,"key":"Singing Bowl"},{"floor":45,"key":"Ancient Tea Set"},{"floor":47,"key":"Strawberry"},{"floor":47,"key":"Bag of Preparation"},{"floor":54,"key":"Letter Opener"},{"floor":54,"key":"Bottled Flame"}],"event_choices":[{"damage_healed":0.0,"max_hp_gain":0.0,"max_hp_loss":0.0,"gold_gain":0.0,"event_name":"Shining Light","player_choice":"Entered Light","floor":2.0,"gold_loss":0.0,"damage_taken":14.0,"cards_upgraded":["Slice","Dramatic Entrance"]},{"damage_healed":0.0,"max_hp_gain":0.0,"max_hp_loss":5.0,"gold_gain":0.0,"event_name":"Golden Idol","player_choice":"Lose Max HP","floor":3.0,"gold_loss":0.0,"damage_taken":0.0,"relics_obtained":["Golden Idol"]},{"cards_removed":["Jack Of All Trades"],"damage_healed":7.0,"max_hp_gain":0.0,"max_hp_loss":0.0,"gold_gain":0.0,"event_name":"Bonfire Elementals","player_choice":"Offered Uncommon","floor":4.0,"gold_loss":0.0,"damage_taken":0.0},{"damage_healed":0.0,"max_hp_gain":0.0,"max_hp_loss":0.0,"gold_gain":0.0,"event_name":"Mysterious Sphere","player_choice":"Fight","floor":37.0,"gold_loss":0.0,"damage_taken":0.0}],"is_beta":false,"boss_relics":[{"not_picked":["Cursed Key","Velvet Choker"],"picked":"Black Star"},{"not_picked":["Snecko Eye","WristBlade"],"picked":"Empty Cage"}],"items_purged_floors":[21,46],"is_endless":false,"potions_floor_spawned":[5,7,8,13,18,20,22,27,28,29,39,42,45,47],"ascension_level":0}