{"gold_per_floor":[118,138,149,167,178,178,213,213,238,248,273,273,305,316,316,419,419,438,353,369,369,60,87,87,87,114,130,130,55,55,85,85,188,188,208,57,72,87,1086,1086,1118,1118,1118,1118,1118,1135,1166,16,16,16],"floor_reached":51,"playtime":2776,"items_purged":["Strike_R","Strike_R"],"score":1281,"play_id":"b56e0363-8744-4b8a-a4ed-b7a5ef71da0f","local_time":"20190828132536","is_ascension_mode":true,"campfire_choices":[{"data":"Hemokinesis","floor":6,"key":"SMITH"},{"data":"Body Slam","floor":8,"key":"SMITH"},{"data":"Armaments","floor":12,"key":"SMITH"},{"floor":15,"key":"REST"},{"data":"Barricade","floor":25,"key":"SMITH"},{"floor":32,"key":"REST"},{"data":"Corruption","floor":40,"key":"SMITH"},{"data":"True Grit","floor":42,"key":"SMITH"},{"data":"Power Through","floor":44,"key":"SMITH"},{"data":"Evolve","floor":49,"key":"SMITH"}],"neow_cost":"NONE","seed_source_timestamp":692750708877000,"circlet_count":0,"master_deck":["AscendersBane","Strike_R","Strike_R","Defend_R","Defend_R","Defend_R","Defend_R","Bash+1","Body Slam+1","Shrug It Off","Hemokinesis+1","Juggernaut","Feel No Pain","Armaments+1","Shrug It Off","Corruption+1","Warcry","Barricade+1","Power Through+1","Iron Wave","True Grit+1","Shrug It Off","Warcry+1","Body Slam+1","Demon Form","Heavy Blade","True Grit+1","Normality","Normality","Power Through","Armaments+1","Offering","Evolve+1","Finesse","Power Through+1","Chrysalis","Shockwave"],"relics":["Burning Blood","Letter Opener","Bag of Preparation","Odd Mushroom","Potion Belt","Runic Cube","Centennial Puzzle","Matryoshka","Kunai","PreservedInsect","Juzu Bracelet","Blue Candle","Coffee Dripper","Lantern","Unceasing Top","Happy Flower","Bottled Tornado","FossilizedHelix","Du-Vu Doll","DollysMirror"],"potions_floor_usage":[7,11,20,20,23,31,31,33,33,38,46,47,50,50,50],"damage_taken":[{"damage":1,"enemies":"Cultist","floor":1,"turns":3},{"damage":13,"enemies":"Jaw Worm","floor":2,"turns":4},{"damage":4,"enemies":"Small Slimes","floor":3,"turns":5},{"damage":20,"enemies":"Looter","floor":4,"turns":3},{"damage":1,"enemies":"Exordium Wildlife","floor":5,"turns":5},{"damage":21,"enemies":"Lagavulin","floor":7,"turns":7},{"damage":15,"enemies":"Exordium Thugs","floor":10,"turns":6},{"damage":8,"enemies":"The Mushroom Lair","floor":11,"turns":4},{"damage":21,"enemies":"3 Sentries","floor":13,"turns":9},{"damage":1,"enemies":"2 Fungi Beasts","floor":14,"turns":4},{"damage":18,"enemies":"Slime Boss","floor":16,"turns":7},{"damage":27,"enemies":"Shell Parasite","floor":18,"turns":5},{"damage":2,"enemies":"3 Byrds","floor":20,"turns":4},{"damage":4,"enemies":"Slavers","floor":23,"turns":4},{"damage":19,"enemies":"Sentry and Sphere","floor":27,"turns":12},{"damage":21,"enemies":"Book of Stabbing","floor":31,"turns":3},{"damage":51,"enemies":"Collector","floor":33,"turns":9},{"damage":0,"enemies":"Orb Walker","floor":35,"turns":4},{"damage":5,"enemies":"3 Shapes","floor":37,"turns":4},{"damage":27,"enemies":"Transient","floor":38,"turns":5},{"damage":31,"enemies":"Reptomancer","floor":41,"turns":4},{"damage":11,"enemies":"Maw","floor":46,"turns":8},{"damage":1,"enemies":"Nemesis","floor":47,"turns":7},{"damage":12,"enemies":"Time Eater","floor":50,"turns":8}],"seed_played":"-7408424933647191498","potions_obtained":[{"floor":4,"key":"SneckoOil"},{"floor":5,"key":"Energy Potion"},{"floor":10,"key":"Fire Potion"},{"floor":13,"key":"EntropicBrew"},{"floor":16,"key":"Explosive Potion"},{"floor":18,"key":"Explosive Potion"},{"floor":35,"key":"FearPotion"},{"floor":37,"key":"SkillPotion"},{"floor":46,"key":"PowerPotion"}],"is_trial":false,"path_per_floor":["M","M","M","M","M","R","E","R","T","M","?","R","E","M","R","B",null,"M","?","M","?","$","E","?","R","T","M","?","$","?","E","R","B",null,"M","$","M","M","?","R","E","R","T","R","?","M","E","$","R","B",null],"character_chosen":"IRONCLAD","items_purchased":["True Grit","Matryoshka","Lantern","Evolve","Du-Vu Doll","Finesse","DollysMirror","PowerPotion","Strength Potion","Block Potion","Chrysalis","Shockwave"],"campfire_rested":2,"item_purchase_floors":[22,22,36,48,48,48,48,48,48,48,48,48],"current_hp_per_floor":[77,70,72,58,63,63,48,48,48,39,37,37,22,27,51,39,70,49,49,53,53,53,55,55,55,55,42,68,68,53,43,68,23,70,76,76,77,56,56,56,31,31,31,31,31,26,31,31,31,25],"gold":16,"neow_bonus":"UPGRADE_CARD","is_prod":false,"is_daily":false,"chose_seed":false,"campfire_upgraded":8,"win_rate":0,"timestamp":1566966336,"path_taken":["M","M","?","M","M","R","E","R","T","M","?","R","E","M","R","BOSS","M","?","M","?","$","E","?","R","T","M","?","$","?","E","R","BOSS","M","$","M","M","?","R","E","R","T","R","?","M","E","$","R","BOSS"],"build_version":"2019-07-17","purchased_purges":2,"victory":true,"max_hp_per_floor":[80,80,80,80,80,80,80,80,80,80,80,80,80,80,80,80,80,80,80,80,80,80,80,80,80,80,80,80,80,85,85,85,85,85,85,85,85,85,85,85,85,85,85,85,85,85,85,85,85,85],"card_choices":[{"not_picked":["Anger","Wild Strike"],"picked":"Body Slam","floor":1},{"not_picked":["Power Through","Body Slam"],"picked":"Shrug It Off","floor":2},{"not_picked":["Dual Wield","True Grit"],"picked":"Hemokinesis","floor":3},{"not_picked":["Havoc","Wild Strike"],"picked":"Juggernaut","floor":4},{"not_picked":["Armaments","Fire Breathing"],"picked":"Feel No Pain","floor":5},{"not_picked":["Clash","Burning Pact","Bloodletting"],"picked":"SKIP","floor":7},{"not_picked":["Perfected Strike","Heavy Blade"],"picked":"Armaments","floor":10},{"not_picked":["Bloodletting","Warcry"],"picked":"Shrug It Off","floor":11},{"not_picked":["Limit Break","Shrug It Off"],"picked":"Corruption","floor":13},{"not_picked":["Wild Strike","Reaper"],"picked":"Warcry","floor":14},{"not_picked":["Feed","Offering"],"picked":"Barricade","floor":16},{"not_picked":["Cleave","Bloodletting+1"],"picked":"Power Through","floor":18},{"not_picked":["Sword Boomerang+1","Wild Strike"],"picked":"Iron Wave","floor":20},{"not_picked":["Shockwave","Hemokinesis"],"picked":"Shrug It Off","floor":23},{"not_picked":["Sentinel","Clothesline"],"picked":"Warcry+1","floor":27},{"not_picked":["Heavy Blade","Thunderclap"],"picked":"Body Slam+1","floor":31},{"not_picked":["Reaper","Limit Break"],"picked":"Demon Form","floor":33},{"not_picked":["Anger","Pommel Strike","Second Wind+1"],"picked":"SKIP","floor":35},{"not_picked":["Sword Boomerang+1","Bloodletting"],"picked":"Heavy Blade","floor":37},{"not_picked":["Flex+1","Perfected Strike"],"picked":"True Grit+1","floor":38},{"not_picked":["Double Tap","Armaments"],"picked":"Power Through","floor":41},{"not_picked":["Heavy Blade+1","Thunderclap"],"picked":"Armaments+1","floor":46},{"not_picked":["Rampage+1","Infernal Blade+1"],"picked":"Offering","floor":47}],"player_experience":270987,"relics_obtained":[{"floor":7,"key":"Letter Opener"},{"floor":9,"key":"Bag of Preparation"},{"floor":11,"key":"Odd Mushroom"},{"floor":13,"key":"Potion Belt"},{"floor":23,"key":"Kunai"},{"floor":26,"key":"PreservedInsect"},{"floor":26,"key":"Juzu Bracelet"},{"floor":31,"key":"Blue Candle"},{"floor":41,"key":"Unceasing Top"},{"floor":43,"key":"Happy Flower"},{"floor":43,"key":"Bottled Tornado"},{"floor":47,"key":"FossilizedHelix"}],"event_choices":[{"damage_healed":0,"gold_gain":0,"player_choice":"Fought Mushrooms","damage_taken":0,"max_hp_gain":0,"max_hp_loss":0,"event_name":"Mushrooms","floor":11,"gold_loss":0},{"damage_healed":0,"gold_gain":0,"player_choice":"Obtained Relic","damage_taken":0,"relics_obtained":["Centennial Puzzle"],"max_hp_gain":0,"max_hp_loss":0,"event_name":"Addict","floor":19,"gold_loss":85},{"damage_healed":0,"gold_gain":0,"player_choice":"Ignored","damage_taken":0,"max_hp_gain":0,"max_hp_loss":0,"event_name":"Vampires","floor":21,"gold_loss":0},{"cards_removed":["Strike_R"],"damage_healed":0,"gold_gain":0,"player_choice":"Offered Basic","damage_taken":0,"max_hp_gain":0,"max_hp_loss":0,"event_name":"Bonfire Elementals","floor":24,"gold_loss":0},{"damage_healed":26,"gold_gain":0,"player_choice":"Heal","damage_taken":0,"max_hp_gain":0,"max_hp_loss":0,"event_name":"The Library","floor":28,"gold_loss":0},{"damage_healed":0,"gold_gain":0,"player_choice":"Shed Blood","damage_taken":20,"max_hp_gain":5,"max_hp_loss":0,"event_name":"Forgotten Altar","floor":30,"gold_loss":0},{"damage_healed":0,"gold_gain":999,"player_choice":"Gold","damage_taken":0,"max_hp_gain":0,"max_hp_loss":0,"event_name":"MindBloom","floor":39,"gold_loss":0,"cards_obtained":["Normality","Normality"]},{"damage_healed":0,"gold_gain":0,"player_choice":"Ignored","damage_taken":0,"max_hp_gain":0,"max_hp_loss":0,"event_name":"Mysterious Sphere","floor":45,"gold_loss":0}],"is_beta":false,"boss_relics":[{"not_picked":["Orrery","Philosopher\u0027s Stone"],"picked":"Runic Cube"},{"not_picked":["Lizard Tail","Calling Bell"],"picked":"Coffee Dripper"}],"items_purged_floors":[29,48],"is_endless":false,"potions_floor_spawned":[4,5,10,13,16,18,35,37,46],"ascension_level":11}