{"gold_per_floor":[118,21,35,46,23,23,36,36,115,147,147,167,167,179,179,179],"floor_reached":16,"playtime":189,"items_purged":["Defend_R"],"score":102,"play_id":"23535e45-84f5-4666-977c-c0eb081d9e12","local_time":"20180703234717","is_ascension_mode":false,"campfire_choices":[{"data":"Perfected Strike","floor":6,"key":"SMITH"},{"data":"Double Tap","floor":11,"key":"SMITH"},{"data":"Dual Wield","floor":13,"key":"SMITH"},{"floor":15,"key":"REST"}],"neow_cost":"","seed_source_timestamp":81811010488978,"circlet_count":0,"master_deck":["Strike_R","Strike_R","Strike_R","Strike_R","Strike_R","Defend_R","Defend_R","Defend_R","Bash","Perfected Strike+1","Pommel Strike","Wild Strike","Pommel Strike","Double Tap+1","Dual Wield+1","Spot Weakness"],"relics":["Burning Blood","Pantograph","Vajra"],"potions_floor_usage":[10],"damage_taken":[{"damage":6,"enemies":"Cultist","floor":1,"turns":3},{"damage":11,"enemies":"Jaw Worm","floor":3,"turns":2},{"damage":17,"enemies":"Small Slimes","floor":4,"turns":3},{"damage":19,"enemies":"Exordium Wildlife","floor":7,"turns":3},{"damage":19,"enemies":"3 Sentries","floor":10,"turns":6},{"damage":12,"enemies":"Blue Slaver","floor":12,"turns":2},{"damage":17,"enemies":"Large Slime","floor":14,"turns":3},{"damage":0,"enemies":"The Guardian","floor":16,"turns":1}],"seed_played":"4412450717233239617","potions_obtained":[{"floor":1,"key":"Ancient Potion"},{"floor":12,"key":"PowerPotion"}],"is_trial":false,"path_per_floor":["M","$","M","M","$","R","M","?","T","E","R","M","R","M","R"],"character_chosen":"IRONCLAD","items_purchased":["Pommel Strike","Pommel Strike"],"campfire_rested":1,"item_purchase_floors":[2,5],"current_hp_per_floor":[80,80,75,64,64,64,51,56,56,43,43,37,37,26,51,76],"gold":179,"neow_bonus":"","is_prod":false,"is_daily":false,"chose_seed":false,"campfire_upgraded":3,"win_rate":0,"timestamp":1530686837,"path_taken":["M","$","?","?","$","R","M","?","T","E","R","M","R","M","R","BOSS"],"build_version":"2018-07-02","purchased_purges":1,"victory":false,"max_hp_per_floor":[80,80,80,80,80,80,80,85,85,85,85,85,85,85,85,85],"card_choices":[{"not_picked":["Anger","Clothesline"],"picked":"Perfected Strike","floor":1},{"not_picked":["Sword Boomerang","Cleave"],"picked":"Wild Strike","floor":4},{"not_picked":["Clash","Cleave"],"picked":"Double Tap","floor":10},{"not_picked":["Pummel","Rampage"],"picked":"Dual Wield","floor":12},{"not_picked":["Warcry","Body Slam"],"picked":"Spot Weakness","floor":14}],"player_experience":484530,"relics_obtained":[{"floor":9,"key":"Pantograph"},{"floor":10,"key":"Vajra"}],"event_choices":[{"event_name":"Big Fish","player_choice":"Donut","floor":8,"damage_taken":0}],"boss_relics":[],"items_purged_floors":[2],"is_endless":false,"potions_floor_spawned":[1,12],"killed_by":"The Guardian","ascension_level":0}