{"gold_per_floor":[116,116,41,60,72,72,105,105,185,220,238,238,238,261,261,354,354,372,412,160,210,224,224,260,260,285,285,285,10,42,42,54,66],"floor_reached":33,"playtime":905,"items_purged":["Decay","Strike_R"],"score":653,"play_id":"a0ab6574-e18d-4f1e-8d08-8c7f641e84dd","local_time":"20190112111938","is_ascension_mode":true,"campfire_choices":[{"data":"Feel No Pain","floor":6,"key":"SMITH"},{"data":"Shockwave","floor":8,"key":"SMITH"},{"data":"Disarm","floor":15,"key":"SMITH"},{"data":"True Grit","floor":23,"key":"SMITH"},{"data":"Metallicize","floor":25,"key":"SMITH"},{"data":"Discovery","floor":32,"key":"SMITH"}],"neow_cost":"CURSE","seed_source_timestamp":74759230935159,"circlet_count":0,"master_deck":["AscendersBane","Defend_R","Defend_R","Defend_R","Defend_R+1","Bash","Feel No Pain+1","Dual Wield","Shockwave+1","Infernal Blade","Disarm+1","Exhume","Metallicize+1","Pommel Strike+1","True Grit+1","Discovery+1","Shrug It Off","Havoc","Offering","Bite","Bite","Bite","Bite","Bite","Ghostly Armor"],"relics":["Burning Blood","Charon\u0027s Ashes","Smiling Mask","Bottled Lightning","Centennial Puzzle","Bloody Idol","Velvet Choker","Red Mask","Happy Flower","Potion Belt","Dodecahedron","Turnip","MawBank"],"potions_floor_usage":[5,7,16,19,24,30],"damage_taken":[{"damage":19,"enemies":"Jaw Worm","floor":1,"turns":4},{"damage":4,"enemies":"2 Louse","floor":4,"turns":4},{"damage":7,"enemies":"Small Slimes","floor":5,"turns":2},{"damage":8,"enemies":"Gremlin Nob","floor":7,"turns":3},{"damage":10,"enemies":"Lagavulin","floor":10,"turns":6},{"damage":8,"enemies":"Looter","floor":11,"turns":3},{"damage":0,"enemies":"3 Louse","floor":14,"turns":1},{"damage":18,"enemies":"Hexaghost","floor":16,"turns":8},{"damage":0,"enemies":"Chosen","floor":18,"turns":5},{"damage":26,"enemies":"Masked Bandits","floor":19,"turns":5},{"damage":7,"enemies":"2 Thieves","floor":22,"turns":4},{"damage":18,"enemies":"Slavers","floor":24,"turns":4},{"damage":0,"enemies":"Gremlin Leader","floor":30,"turns":4},{"damage":6,"enemies":"Champ","floor":33,"turns":9}],"seed_played":"-5920652932630418935","potions_obtained":[{"floor":1,"key":"Explosive Potion"},{"floor":4,"key":"SteroidPotion"},{"floor":7,"key":"LiquidBronze"},{"floor":16,"key":"Strength Potion"},{"floor":22,"key":"Swift Potion"},{"floor":24,"key":"AttackPotion"}],"is_trial":false,"path_per_floor":["M","?","$","M","M","R","E","R","T","E","M","?","?","M","R","B",null,"M","?","$","?","M","R","E","R","T","?","?","$","E","?","R","B"],"character_chosen":"IRONCLAD","items_purchased":["True Grit","Discovery","Shrug It Off","Dodecahedron"],"campfire_rested":0,"item_purchase_floors":[20,20,20,29],"current_hp_per_floor":[55,32,32,34,33,33,31,31,31,27,25,50,50,56,56,44,62,68,48,48,48,47,47,35,35,35,35,35,35,47,47,47,45],"gold":66,"neow_bonus":"ONE_RARE_RELIC","is_prod":false,"is_daily":false,"chose_seed":false,"campfire_upgraded":6,"win_rate":0,"timestamp":1547320778,"path_taken":["M","?","$","M","M","R","E","R","T","E","M","?","?","M","R","BOSS","M","?","$","?","M","R","E","R","T","?","?","$","E","?","R","BOSS"],"build_version":"2019-01-10","purchased_purges":2,"victory":false,"max_hp_per_floor":[75,75,75,75,75,75,75,75,75,75,75,75,68,68,68,68,68,68,68,68,68,68,68,68,68,68,47,47,47,47,47,47,47],"card_choices":[{"not_picked":["Perfected Strike","Shockwave"],"picked":"Feel No Pain","floor":1},{"not_picked":["Searing Blow","Warcry"],"picked":"Sever Soul","floor":4},{"not_picked":["Bloodletting","Sword Boomerang"],"picked":"Dual Wield","floor":5},{"not_picked":["Warcry","Hemokinesis"],"picked":"Shockwave","floor":7},{"not_picked":["Shrug It Off","Cleave"],"picked":"Infernal Blade","floor":10},{"not_picked":["Havoc","Spot Weakness"],"picked":"Disarm","floor":14},{"not_picked":["Double Tap","Bludgeon"],"picked":"Exhume","floor":16},{"not_picked":["Bloodletting","Pummel"],"picked":"Metallicize","floor":18},{"not_picked":["Heavy Blade+1","Whirlwind"],"picked":"Pommel Strike+1","floor":19},{"not_picked":["Clash","Twin Strike+1"],"picked":"Havoc","floor":22},{"not_picked":["Clothesline","Body Slam"],"picked":"Offering","floor":24},{"not_picked":["Armaments","Rampage"],"picked":"Ghostly Armor","floor":30}],"player_experience":1012290,"relics_obtained":[{"floor":7,"key":"Smiling Mask"},{"floor":9,"key":"Bottled Lightning"},{"floor":10,"key":"Centennial Puzzle"},{"floor":19,"key":"Red Mask"},{"floor":24,"key":"Happy Flower"},{"floor":26,"key":"Potion Belt"},{"floor":30,"key":"Turnip"}],"event_choices":[{"damage_healed":0,"gold_gain":0,"player_choice":"Entered Light","damage_taken":23,"max_hp_gain":0,"max_hp_loss":0,"event_name":"Shining Light","floor":2,"gold_loss":0,"cards_upgraded":["Defend_R","Strike_R"]},{"damage_healed":25,"gold_gain":0,"player_choice":"Banana","damage_taken":0,"max_hp_gain":0,"max_hp_loss":0,"event_name":"Big Fish","floor":12,"gold_loss":0},{"damage_healed":0,"gold_gain":0,"player_choice":"Lose Max HP","damage_taken":0,"relics_obtained":["Golden Idol"],"max_hp_gain":0,"max_hp_loss":7,"event_name":"Golden Idol","floor":13,"gold_loss":0},{"damage_healed":0,"gold_gain":0,"player_choice":"Fought Bandits","damage_taken":0,"max_hp_gain":0,"max_hp_loss":0,"event_name":"Masked Bandits","floor":19,"gold_loss":0},{"damage_healed":0,"gold_gain":50,"player_choice":"Stole From Cult","damage_taken":0,"max_hp_gain":0,"max_hp_loss":0,"event_name":"Nest","floor":21,"gold_loss":0},{"damage_healed":0,"gold_gain":0,"player_choice":"Became a vampire","damage_taken":0,"max_hp_gain":0,"max_hp_loss":21,"event_name":"Vampires","floor":27,"gold_loss":0,"cards_obtained":["Bite","Bite","Bite","Bite","Bite"]},{"damage_healed":0,"gold_gain":0,"player_choice":"Gave Idol","damage_taken":0,"relics_obtained":["Bloody Idol"],"max_hp_gain":0,"max_hp_loss":0,"event_name":"Forgotten Altar","floor":28,"relics_lost":["Golden Idol"],"gold_loss":0},{"cards_removed":["Sever Soul"],"damage_healed":0,"gold_gain":0,"player_choice":"Gave Card","damage_taken":0,"relics_obtained":["MawBank"],"max_hp_gain":0,"max_hp_loss":0,"event_name":"WeMeetAgain","floor":31,"gold_loss":0}],"is_beta":true,"boss_relics":[{"not_picked":["Empty Cage","Runic Pyramid"],"picked":"Velvet Choker"}],"items_purged_floors":[3,20],"is_endless":false,"potions_floor_spawned":[1,4,7,16,22,24],"killed_by":"Champ","ascension_level":20}