{"path_per_floor":["M","M","$","M","$","R","M","?","T","R","E","M","R","M","R","B",null,"M","$","?","?","?","R","E","R","T","M","R","?","$","E","R"],"character_chosen":"IRONCLAD","items_purchased":["Pommel Strike","Iron Wave","Combust","Bag of Preparation","Anger"],"gold_per_floor":[114,133,133,150,4,4,20,20,20,20,49,59,59,79,79,177,177,191,39,39,39,39,39,74,74,74,93,93,93,42,75,75],"floor_reached":33,"campfire_rested":6,"playtime":5365,"current_hp_per_floor":[73,68,68,66,66,66,56,56,56,80,53,52,76,76,76,12,80,51,51,51,36,36,61,39,64,64,46,71,71,71,35,60],"items_purged":[],"gold":75,"score":307,"play_id":"f289b8b0-2829-4f9f-999b-8a1c58e0386f","is_prod":false,"is_daily":false,"is_ascension_mode":false,"campfire_upgraded":2,"path_taken":["M","M","$","M","?","R","M","?","T","R","E","M","R","M","R","BOSS","M","$","?","?","?","R","E","R","T","?","R","?","$","E","R","BOSS"],"build_version":"2018-02-15-PROD1","purchased_purges":0,"victory":false,"master_deck":["Strike_R+1","Strike_R+1","Strike_R+1","Strike_R+1","Strike_R+1","Defend_R+1","Defend_R+1","Defend_R+1","Defend_R+1","Bash+1","Thunderclap","Anger","Intimidate","Pommel Strike","Iron Wave","Combust+1","Flex","Anger","Anger","Bloodletting+1","Impervious","Brutality+1","Infernal Blade","Anger","Flex"],"max_hp_per_floor":[80,80,80,80,80,80,80,80,80,80,80,80,80,80,80,80,80,80,80,80,85,85,85,85,85,85,85,85,85,85,85,85],"relics":["Burning Blood","Bird Faced Urn","Shuriken","Philosopher\u0027s Stone","Bag of Preparation","Mummified Hand","Girya","Bottled Flame"],"card_choices":[{"not_picked":["Blood for Blood","Body Slam"],"picked":"Thunderclap"},{"not_picked":["Thunderclap","Sword Boomerang"],"picked":"Anger"},{"not_picked":["Sever Soul","Warcry"],"picked":"Intimidate"},{"not_picked":["Thunderclap","True Grit"],"picked":"Flex"},{"not_picked":["Armaments","Pummel"],"picked":"Anger"},{"not_picked":["Clothesline","Body Slam"],"picked":"Anger"},{"not_picked":["Armaments","Clash"],"picked":"Bloodletting"},{"not_picked":["Barricade","Fiend Fire"],"picked":"Impervious"},{"not_picked":["Battle Trance","Cleave"],"picked":"Brutality"},{"not_picked":["Warcry","Thunderclap"],"picked":"Infernal Blade"},{"not_picked":["Anger","Twin Strike"],"picked":"Flex"}],"player_experience":0,"potions_floor_usage":[31,33,33],"damage_taken":[{"damage":13.0,"enemies":"Cultist","floor":1.0,"turns":5.0},{"damage":11.0,"enemies":"Jaw Worm","floor":2.0,"turns":4.0},{"damage":8.0,"enemies":"2 Louse","floor":4.0,"turns":3.0},{"damage":16.0,"enemies":"Large Slime","floor":7.0,"turns":5.0},{"damage":33.0,"enemies":"Gremlin Nob","floor":11.0,"turns":5.0},{"damage":9.0,"enemies":"3 Louse","floor":12.0,"turns":4.0},{"damage":8.0,"enemies":"Red Slaver","floor":14.0,"turns":3.0},{"damage":81.0,"enemies":"The Guardian","floor":16.0,"turns":9.0},{"damage":35.0,"enemies":"3 Byrds","floor":18.0,"turns":3.0},{"damage":28.0,"enemies":"Book of Stabbing","floor":24.0,"turns":5.0},{"damage":28.0,"enemies":"2 Thieves","floor":27.0,"turns":4.0},{"damage":46,"enemies":"Slavers","floor":31,"turns":5},{"damage":71,"enemies":"Champ","floor":33,"turns":7}],"event_choices":[{"event_name":"Upgrade Shrine","player_choice":"Upgraded","floor":8.0,"damage_taken":0.0},{"event_name":"Back to Basics","player_choice":"Simplicity","floor":20.0,"damage_taken":0.0},{"event_name":"Forgotten Altar","player_choice":"Shed Blood","floor":21.0,"damage_taken":0.0},{"event_name":"Vampires","player_choice":"Ignored","floor":22.0,"damage_taken":0.0},{"event_name":"Upgrade Shrine","player_choice":"Upgraded","floor":29.0,"damage_taken":0.0}],"boss_relics":[],"potions_floor_spawned":[1,7,12,16,18,24,27],"seed_played":"7370937693293595076","killed_by":"Champ","ascension_level":0,"is_trial":false}