{"gold_per_floor":[112,122,122,136,61,88,102,113,113,140,15,35,51,70,70,173,173,188,103,130,140,239,266,282,300,354,77,108,108,108,119,119,220,220,238,238,238,254,254,254,270,270,295,321,337,355,355,355,355,355],"floor_reached":50,"playtime":2523,"items_purged":["Strike_R","Strike_R","Strike_R"],"score":526,"play_id":"e66ea093-8fa0-4551-a7a2-c8bfbb5e8d50","local_time":"20190608213525","is_ascension_mode":false,"campfire_choices":[{"data":"Inflame","floor":15,"key":"SMITH"},{"floor":30,"key":"RECALL"},{"floor":32,"key":"REST"},{"data":"Double Tap","floor":40,"key":"SMITH"},{"data":"Demon Form","floor":42,"key":"SMITH"},{"data":"Heavy Blade","floor":47,"key":"SMITH"},{"data":"Bash","floor":49,"key":"SMITH"}],"neow_cost":"NONE","seed_source_timestamp":1768805854740195,"circlet_count":0,"master_deck":["Strike_R","Strike_R","Defend_R","Defend_R","Defend_R","Defend_R","Bash+1","Inflame+1","Whirlwind","Sword Boomerang","Impervious","Body Slam","Shrug It Off","Pummel","Anger","Double Tap+1","Demon Form+1","Shrug It Off","Spot Weakness+1","Heavy Blade+1","Flame Barrier+1","Limit Break","Madness","Madness","Dramatic Entrance","Dramatic Entrance","Madness","Inflame+1","Shrug It Off+1"],"relics":["Burning Blood","NeowsBlessing","Bottled Tornado","Oddly Smooth Stone","Philosopher\u0027s Stone","Sundial","Blood Vial","Frozen Egg 2","Lantern","Omamori","Orichalcum","Coffee Dripper","PreservedInsect","Gambling Chip"],"potions_floor_usage":[6,16,23,24,28,33,50,50],"damage_taken":[{"damage":0,"enemies":"Cultist","floor":1,"turns":1},{"damage":0,"enemies":"2 Louse","floor":2,"turns":1},{"damage":0,"enemies":"Jaw Worm","floor":4,"turns":1},{"damage":37,"enemies":"3 Sentries","floor":6,"turns":6},{"damage":9,"enemies":"Exordium Thugs","floor":7,"turns":4},{"damage":11,"enemies":"Gremlin Gang","floor":8,"turns":4},{"damage":14,"enemies":"Gremlin Nob","floor":10,"turns":4},{"damage":0,"enemies":"Exordium Wildlife","floor":12,"turns":2},{"damage":0,"enemies":"3 Louse","floor":13,"turns":2},{"damage":0,"enemies":"2 Fungi Beasts","floor":14,"turns":2},{"damage":25,"enemies":"The Guardian","floor":16,"turns":7},{"damage":22,"enemies":"2 Thieves","floor":18,"turns":4},{"damage":2,"enemies":"Spheric Guardian","floor":21,"turns":3},{"damage":21,"enemies":"Slavers","floor":23,"turns":3},{"damage":18,"enemies":"Snake Plant","floor":24,"turns":2},{"damage":14,"enemies":"Shelled Parasite and Fungi","floor":25,"turns":4},{"damage":22,"enemies":"Gremlin Leader","floor":28,"turns":5},{"damage":1,"enemies":"3 Cultists","floor":31,"turns":4},{"damage":15,"enemies":"Champ","floor":33,"turns":8},{"damage":2,"enemies":"Orb Walker","floor":35,"turns":3},{"damage":0,"enemies":"3 Shapes","floor":38,"turns":1},{"damage":0,"enemies":"Jaw Worm Horde","floor":41,"turns":3},{"damage":26,"enemies":"Giant Head","floor":44,"turns":6},{"damage":12,"enemies":"4 Shapes","floor":45,"turns":2},{"damage":18,"enemies":"Spire Growth","floor":46,"turns":3},{"damage":57,"enemies":"Donu and Deca","floor":50,"turns":4}],"seed_played":"8158349255657002978","potions_obtained":[{"floor":2,"key":"Weak Potion"},{"floor":4,"key":"Dexterity Potion"},{"floor":7,"key":"LiquidBronze"},{"floor":10,"key":"SkillPotion"},{"floor":16,"key":"Fire Potion"},{"floor":18,"key":"Fire Potion"},{"floor":31,"key":"Strength Potion"},{"floor":33,"key":"Fire Potion"},{"floor":41,"key":"PowerPotion"},{"floor":44,"key":"GamblersBrew"}],"is_trial":false,"path_per_floor":["M","M","?","M","$","E","M","M","T","E","$","M","M","M","R","B",null,"M","?","T","M","?","E","M","M","T","$","E","?","R","M","R","B",null,"M","?","?","M","?","R","M","R","T","E","M","M","R","?","R","B"],"character_chosen":"IRONCLAD","items_purchased":["Anger","Omamori"],"campfire_rested":1,"item_purchase_floors":[11,27],"current_hp_per_floor":[80,80,80,80,80,49,46,41,41,33,33,39,45,51,51,32,80,64,64,64,70,70,57,47,41,41,41,27,27,27,34,58,51,80,80,80,70,78,68,68,76,76,76,58,54,44,44,44,44,0],"gold":355,"neow_bonus":"THREE_ENEMY_KILL","is_prod":false,"is_daily":false,"chose_seed":false,"campfire_upgraded":5,"win_rate":0,"timestamp":1560047725,"path_taken":["M","?","?","M","?","E","M","?","T","E","$","M","M","M","R","BOSS","M","?","?","?","?","E","M","M","T","$","E","?","R","M","R","BOSS","M","?","?","M","?","R","M","R","T","E","M","M","R","?","R","BOSS"],"build_version":"2019-01-23","purchased_purges":3,"victory":false,"max_hp_per_floor":[80,80,80,80,80,80,80,80,80,80,80,80,80,80,80,80,80,80,80,80,80,80,80,80,80,80,80,80,80,80,80,80,80,80,80,80,80,80,80,80,80,80,80,80,80,80,80,80,80,80],"card_choices":[{"not_picked":["Twin Strike","Warcry"],"picked":"Inflame","floor":1},{"not_picked":["Second Wind","Hemokinesis"],"picked":"Whirlwind","floor":2},{"not_picked":["Iron Wave","Pommel Strike"],"picked":"Body Slam","floor":4},{"not_picked":["Berserk","Perfected Strike"],"picked":"Shrug It Off","floor":6},{"not_picked":["Sentinel","Cleave","Armaments"],"picked":"SKIP","floor":7},{"not_picked":["Flex","Reckless Charge","Warcry"],"picked":"SKIP","floor":8},{"not_picked":["Flex","Warcry"],"picked":"Pummel","floor":10},{"not_picked":["Fiend Fire","Body Slam"],"picked":"Twin Strike","floor":12},{"not_picked":["Fire Breathing","Second Wind","Cleave"],"picked":"SKIP","floor":13},{"not_picked":["Sword Boomerang","Iron Wave"],"picked":"Double Tap","floor":14},{"not_picked":["Immolate","Fiend Fire"],"picked":"Demon Form","floor":16},{"not_picked":["Wild Strike","Power Through"],"picked":"Shrug It Off","floor":18},{"not_picked":["Havoc+1","Perfected Strike"],"picked":"Spot Weakness+1","floor":21},{"not_picked":["Havoc","Wild Strike+1"],"picked":"Heavy Blade","floor":23},{"not_picked":["Clothesline","Headbutt+1"],"picked":"Flame Barrier","floor":24},{"not_picked":["Shockwave","Wild Strike","Clash"],"picked":"SKIP","floor":25},{"not_picked":["Whirlwind","Bloodletting","Heavy Blade"],"picked":"SKIP","floor":28},{"not_picked":["Intimidate","Perfected Strike","Entrench"],"picked":"SKIP","floor":31},{"not_picked":["Dark Embrace+1","Fiend Fire"],"picked":"Limit Break","floor":33},{"not_picked":["Havoc","Body Slam+1","Rampage+1"],"picked":"SKIP","floor":35},{"not_picked":["Perfected Strike","Intimidate+1","Havoc+1"],"picked":"SKIP","floor":38},{"not_picked":["Magnetism+1","Swift Strike"],"picked":"Dramatic Entrance","floor":39},{"not_picked":["Mayhem+1","Madness"],"picked":"Dramatic Entrance","floor":39},{"not_picked":["Forethought","Swift Strike"],"picked":"Madness","floor":39},{"not_picked":["Pommel Strike","Warcry","Flex+1"],"picked":"SKIP","floor":41},{"not_picked":["Anger","Infernal Blade+1"],"picked":"Inflame+1","floor":44},{"not_picked":["Flex+1","Seeing Red"],"picked":"Shrug It Off+1","floor":45},{"not_picked":["Thunderclap+1","Warcry","Entrench"],"picked":"SKIP","floor":46}],"player_experience":743960,"relics_obtained":[{"floor":6,"key":"Bottled Tornado"},{"floor":10,"key":"Oddly Smooth Stone"},{"floor":20,"key":"Blood Vial"},{"floor":23,"key":"Frozen Egg 2"},{"floor":26,"key":"Lantern"},{"floor":28,"key":"Orichalcum"},{"floor":43,"key":"PreservedInsect"},{"floor":44,"key":"Gambling Chip"}],"event_choices":[{"damage_healed":0,"gold_gain":0,"player_choice":"2 cards matched","damage_taken":0,"max_hp_gain":0,"max_hp_loss":0,"event_name":"Match and Keep!","floor":3,"gold_loss":0,"cards_obtained":["Sword Boomerang","Impervious"]},{"damage_healed":0,"gold_gain":0,"player_choice":"Obtained Relic","damage_taken":0,"relics_obtained":["Sundial"],"max_hp_gain":0,"max_hp_loss":0,"event_name":"Addict","floor":19,"gold_loss":85},{"damage_healed":0,"gold_gain":99,"player_choice":"Stole From Cult","damage_taken":0,"max_hp_gain":0,"max_hp_loss":0,"event_name":"Nest","floor":22,"gold_loss":0},{"damage_healed":0,"gold_gain":0,"player_choice":"Ignored","damage_taken":0,"max_hp_gain":0,"max_hp_loss":0,"event_name":"Ghosts","floor":29,"gold_loss":0},{"cards_removed":["Twin Strike"],"damage_healed":0,"gold_gain":0,"player_choice":"Removed Attack","damage_taken":0,"max_hp_gain":0,"max_hp_loss":0,"event_name":"Falling","floor":36,"gold_loss":0},{"damage_healed":0,"gold_gain":0,"player_choice":"Embrace Madness","damage_taken":10,"max_hp_gain":0,"max_hp_loss":0,"event_name":"Winding Halls","floor":37,"gold_loss":0,"cards_obtained":["Madness","Madness"]},{"damage_healed":0,"gold_gain":0,"player_choice":"Memory 3","damage_taken":10,"max_hp_gain":0,"max_hp_loss":0,"event_name":"SensoryStone","floor":39,"gold_loss":0},{"damage_healed":0,"gold_gain":0,"player_choice":"Forge","damage_taken":0,"max_hp_gain":0,"max_hp_loss":0,"event_name":"Accursed Blacksmith","floor":48,"gold_loss":0,"cards_upgraded":["Flame Barrier"]}],"is_beta":false,"boss_relics":[{"not_picked":["Black Blood","Calling Bell"],"picked":"Philosopher\u0027s Stone"},{"not_picked":["Runic Cube","Pandora\u0027s Box"],"picked":"Coffee Dripper"}],"items_purged_floors":[5,11,27],"is_endless":false,"potions_floor_spawned":[2,4,7,10,16,18,31,33,41,44],"killed_by":"Donu and Deca","ascension_level":0}