{"gold_per_floor":[210,210,234,254,66,101,117,129,155,169,204,267,267,285,285,386,386,399,409,421,421,521,521,471,471,471,471,487,487,506,525,525,525],"floor_reached":33,"playtime":2366,"items_purged":[],"score":259,"play_id":"3179f33f-1671-4c1b-a02a-8239339a49ac","local_time":"20180825165544","is_ascension_mode":false,"campfire_choices":[{"floor":15,"key":"REST"},{"floor":23,"key":"REST"},{"data":"Creative AI","floor":25,"key":"SMITH"},{"data":"Strike_B","floor":27,"key":"PURGE"},{"floor":29,"key":"REST"},{"floor":32,"key":"REST"}],"neow_cost":"NONE","seed_source_timestamp":701325441799441,"circlet_count":0,"master_deck":["Strike_B","Strike_B","Strike_B","Defend_B","Defend_B","Defend_B","Defend_B+1","Zap","Dualcast","Defragment+1","Cold Snap","Master of Strategy","Leap+1","Ball Lightning","Auto Shields","Fusion","Streamline","Creative AI+1","Cold Snap","Go for the Eyes+1","Steam Power","Hologram","Coolheaded"],"relics":["Cracked Core","Centennial Puzzle","Ancient Tea Set","Blood Vial","Boot","Letter Opener","Sozu","Peace Pipe","Meat on the Bone","Bronze Scales"],"potions_floor_usage":[12,14,22],"damage_taken":[{"damage":1,"enemies":"Jaw Worm","floor":1,"turns":3},{"damage":1,"enemies":"Cultist","floor":4,"turns":3},{"damage":38,"enemies":"Gremlin Nob","floor":6,"turns":5},{"damage":0,"enemies":"2 Louse","floor":7,"turns":3},{"damage":0,"enemies":"Exordium Wildlife","floor":8,"turns":3},{"damage":0,"enemies":"Blue Slaver","floor":10,"turns":3},{"damage":7,"enemies":"3 Sentries","floor":11,"turns":6},{"damage":6,"enemies":"Gremlin Nob","floor":12,"turns":3},{"damage":0,"enemies":"3 Louse","floor":14,"turns":2},{"damage":11,"enemies":"Hexaghost","floor":16,"turns":12},{"damage":14,"enemies":"Shell Parasite","floor":18,"turns":5},{"damage":1,"enemies":"3 Byrds","floor":19,"turns":4},{"damage":6,"enemies":"Centurion and Healer","floor":20,"turns":10},{"damage":0,"enemies":"Colosseum Slavers","floor":22,"turns":6},{"damage":40,"enemies":"Colosseum Nobs","floor":22,"turns":7},{"damage":6,"enemies":"Snake Plant","floor":28,"turns":4},{"damage":14,"enemies":"Shelled Parasite and Fungi","floor":30,"turns":5},{"damage":18,"enemies":"Cultist and Chosen","floor":31,"turns":7},{"damage":100,"enemies":"Automaton","floor":33,"turns":12}],"seed_played":"9184143376279507146","potions_obtained":[{"floor":1,"key":"Strength Potion"},{"floor":7,"key":"Explosive Potion"},{"floor":8,"key":"Block Potion"},{"floor":14,"key":"SpeedPotion"}],"is_trial":false,"path_per_floor":["M","?","T","M","$","E","M","M","T","M","E","?","?","M","R","B",null,"M","M","M","?","?","R","?","R","T","R","M","R","M","M","R"],"character_chosen":"DEFECT","items_purchased":["Master of Strategy"],"campfire_rested":4,"item_purchase_floors":[5],"current_hp_per_floor":[74,74,74,73,73,35,35,35,35,37,32,28,13,15,37,28,75,61,62,58,58,22,44,44,44,44,44,40,62,50,46,68,0],"gold":525,"neow_bonus":"HUNDRED_GOLD","is_prod":false,"is_daily":false,"chose_seed":false,"campfire_upgraded":1,"win_rate":0,"timestamp":1535230544,"path_taken":["M","?","?","M","$","E","M","M","T","?","E","?","?","M","R","BOSS","M","M","?","?","?","R","?","R","T","R","M","R","M","M","R","BOSS"],"build_version":"2018-08-23v2","purchased_purges":0,"victory":false,"max_hp_per_floor":[75,75,75,75,75,75,75,75,75,75,75,75,75,75,75,75,75,75,75,75,75,75,75,75,75,75,75,75,75,75,75,75,75],"card_choices":[{"not_picked":["Auto Shields","Beam Cell"],"picked":"Defragment","floor":1},{"not_picked":["Hello World","Gash"],"picked":"Cold Snap","floor":4},{"not_picked":["Compile Driver","White Noise"],"picked":"Leap","floor":6},{"not_picked":["Steam Power","Rebound"],"picked":"Ball Lightning","floor":7},{"not_picked":["Turbo","Gash"],"picked":"Auto Shields","floor":8},{"not_picked":["Double Energy","Darkness","Melter"],"picked":"SKIP","floor":10},{"not_picked":["Chaos","Reinforced Body","Double Energy"],"picked":"SKIP","floor":11},{"not_picked":["Steam Power","Gash"],"picked":"Fusion","floor":12},{"not_picked":["Beam Cell","Barrage"],"picked":"Streamline","floor":14},{"not_picked":["Buffer","Biased Cognition"],"picked":"Creative AI","floor":16},{"not_picked":["Turbo","Aggregate+1"],"picked":"Cold Snap","floor":18},{"not_picked":["Beam Cell","Redo+1","Blizzard"],"picked":"SKIP","floor":19},{"not_picked":["Turbo+1","Sweeping Beam"],"picked":"Go for the Eyes+1","floor":20},{"not_picked":["Chaos","White Noise"],"picked":"Steam Power","floor":22},{"not_picked":["Ball Lightning","Sweeping Beam","Genetic Algorithm+1"],"picked":"SKIP","floor":28},{"not_picked":["Rebound","Storm"],"picked":"Hologram","floor":30},{"not_picked":["Hologram","Streamline"],"picked":"Coolheaded","floor":31}],"player_experience":335533,"relics_obtained":[{"floor":3,"key":"Centennial Puzzle"},{"floor":6,"key":"Ancient Tea Set"},{"floor":9,"key":"Blood Vial"},{"floor":11,"key":"Boot"},{"floor":12,"key":"Letter Opener"},{"floor":22,"key":"Peace Pipe"},{"floor":22,"key":"Meat on the Bone"},{"floor":26,"key":"Bronze Scales"}],"event_choices":[{"event_name":"Accursed Blacksmith","player_choice":"Forge","floor":2,"damage_taken":0},{"event_name":"Dead Adventurer","player_choice":"Searched \u00271\u0027 times","floor":12,"damage_taken":0},{"event_name":"Shining Light","player_choice":"Entered Light","floor":13,"damage_taken":0},{"event_name":"The Woman in Blue","player_choice":"Bought 0 Potions","floor":21,"damage_taken":0},{"event_name":"Colosseum","player_choice":"Fight","floor":22,"damage_taken":0},{"event_name":"Colosseum","player_choice":"Fought Nobs","floor":22,"damage_taken":0},{"event_name":"The Joust","player_choice":"Bet on Owner","floor":24,"damage_taken":0}],"is_beta":true,"boss_relics":[{"not_picked":["Lizard Tail","Astrolabe"],"picked":"Sozu"}],"items_purged_floors":[],"is_endless":false,"potions_floor_spawned":[1,7,8,14,18,19],"killed_by":"Automaton","ascension_level":0}