{"gold_per_floor":[116,1,16,28,28,28,60,60,60,88,98,133,79,92,92,169,169,182,192,35,35,35,35,35,35,115,115,125,125,185,252,252,324,324,341,391,441,278,293,293,308,308,308,21,0,0,0,33,33,33,33],"floor_reached":52,"playtime":2758,"items_purged":["Fire Breathing"],"score":1892,"play_id":"1b35fe38-f7f4-4166-b08b-ab4eeecaf6f7","local_time":"20190329190924","is_ascension_mode":true,"campfire_choices":[{"data":"Whirlwind","floor":6.0,"key":"SMITH"},{"data":"Shockwave","floor":8.0,"key":"SMITH"},{"floor":15.0,"key":"REST"},{"data":"True Grit","floor":23.0,"key":"SMITH"},{"data":"True Grit","floor":25.0,"key":"SMITH"},{"data":"Metallicize","floor":29.0,"key":"SMITH"},{"floor":32.0,"key":"REST"},{"data":"Armaments","floor":40,"key":"SMITH"},{"floor":42,"key":"REST"},{"data":"Disarm","floor":46,"key":"SMITH"},{"floor":49,"key":"REST"}],"neow_cost":"NONE","seed_source_timestamp":0,"circlet_count":0,"master_deck":["AscendersBane","Bash","Thunderclap","Whirlwind+1","Battle Trance","Brutality","Clothesline","Reckless Charge","Power Through","Evolve","Wild Strike","Rupture","Shockwave+1","True Grit+1","Feed","True Grit+1","Shrug It Off","Impervious","Metallicize+1","Warcry+1","Ghostly Armor","Metallicize","Reaper","Disarm+1","Fiend Fire","Armaments+1"],"special_seed":0,"relics":["Pandora\u0027s Box","Pocketwatch","Peace Pipe","Regal Pillow","Art of War","Mark of Pain","Meat on the Bone","SsserpentHead","Lizard Tail","Happy Flower","Toxic Egg 2","Pantograph","Red Mask","Bronze Scales"],"potions_floor_usage":[39],"damage_taken":[{"damage":0.0,"enemies":"2 Louse","floor":1.0,"turns":2.0},{"damage":0.0,"enemies":"Cultist","floor":3.0,"turns":3.0},{"damage":9.0,"enemies":"Jaw Worm","floor":4.0,"turns":2.0},{"damage":8.0,"enemies":"Gremlin Nob","floor":7.0,"turns":3.0},{"damage":12.0,"enemies":"3 Sentries","floor":10.0,"turns":3.0},{"damage":22.0,"enemies":"Exordium Wildlife","floor":11.0,"turns":3.0},{"damage":3.0,"enemies":"Lagavulin","floor":12.0,"turns":4.0},{"damage":0.0,"enemies":"2 Fungi Beasts","floor":14.0,"turns":2.0},{"damage":10.0,"enemies":"The Guardian","floor":16.0,"turns":12.0},{"damage":9.0,"enemies":"Chosen","floor":18.0,"turns":5.0},{"damage":5.0,"enemies":"Shell Parasite","floor":19.0,"turns":6.0},{"damage":10.0,"enemies":"Snecko","floor":28.0,"turns":8.0},{"damage":9.0,"enemies":"Cultist and Chosen","floor":30.0,"turns":5.0},{"damage":25.0,"enemies":"Shelled Parasite and Fungi","floor":31.0,"turns":7.0},{"damage":66.0,"enemies":"Champ","floor":33.0,"turns":17.0},{"damage":24,"enemies":"3 Darklings","floor":35,"turns":5},{"damage":8,"enemies":"3 Shapes","floor":39,"turns":5},{"damage":20,"enemies":"Spire Growth","floor":41,"turns":8},{"damage":92,"enemies":"Reptomancer","floor":48,"turns":7},{"damage":72,"enemies":"Time Eater","floor":50,"turns":18},{"damage":93,"enemies":"Awakened One","floor":51,"turns":17}],"seed_played":"-1525559452095918996","potions_obtained":[{"floor":1.0,"key":"Weak Potion"},{"floor":3.0,"key":"SmokeBomb"},{"floor":4.0,"key":"Ancient Potion"},{"floor":35,"key":"AttackPotion"}],"is_trial":false,"path_per_floor":["M","$","M","M","?","R","E","R","T","E","M","E","$","M","R","B",null,"M","M","$","?","?","R","$","R","T","?","M","R","M","M","R","B",null,"M","?","?","$","M","R","M","R","T","$","?","R","$","E","R","B","B",null],"character_chosen":"IRONCLAD","items_purchased":["Evolve","True Grit","Ghostly Armor","Metallicize","Happy Flower","Pantograph"],"campfire_rested":4,"item_purchase_floors":[2,13,20,20,38,44],"current_hp_per_floor":[68,68,68,59,59,59,51,51,51,39,17,14,14,17,55,48,73,67,62,62,62,38,38,38,38,38,38,43,43,49,49,93,58,90,66,66,66,66,66,66,61,102,102,102,102,102,102,24,69,55,15],"gold":33,"neow_bonus":"BOSS_RELIC","is_prod":false,"is_daily":false,"chose_seed":true,"campfire_upgraded":7,"win_rate":0,"timestamp":1553911764,"path_taken":["M","$","M","M","?","R","E","R","T","E","?","E","$","M","R","BOSS","M","M","$","?","?","R","?","R","T","?","M","R","?","?","R","BOSS","M","?","?","$","M","R","M","R","T","$","?","R","$","E","R","BOSS","BOSS"],"build_version":"2019-03-15","purchased_purges":1,"victory":true,"max_hp_per_floor":[75,75,75,75,75,75,75,75,75,75,75,75,75,78,78,81,81,84,84,84,84,89,89,89,89,89,89,92,92,95,98,98,101,101,101,96,96,96,99,99,102,102,102,102,102,102,102,102,102,102,102],"card_choices":[{"not_picked":["Warcry","Twin Strike"],"picked":"Wild Strike","floor":3.0},{"not_picked":["Heavy Blade","Sword Boomerang"],"picked":"Rupture","floor":4.0},{"not_picked":["Twin Strike","Headbutt","Perfected Strike"],"picked":"SKIP","floor":7.0},{"not_picked":["Pommel Strike","Shockwave","Sentinel"],"picked":"SKIP","floor":10.0},{"not_picked":["Warcry","Anger"],"picked":"True Grit","floor":11.0},{"not_picked":["Evolve","Flex"],"picked":"Feed","floor":12.0},{"not_picked":["Cleave","Warcry"],"picked":"Shrug It Off","floor":14.0},{"not_picked":["Berserk","Offering"],"picked":"Impervious","floor":16.0},{"not_picked":["Twin Strike","Pommel Strike"],"picked":"Metallicize","floor":18.0},{"not_picked":["Body Slam","Headbutt"],"picked":"Warcry+1","floor":19.0},{"not_picked":["Headbutt","Wild Strike","Reckless Charge"],"picked":"SKIP","floor":28.0},{"not_picked":["Thunderclap+1","Warcry"],"picked":"Reaper","floor":30.0},{"not_picked":["Ghostly Armor","True Grit+1"],"picked":"Disarm","floor":31.0},{"not_picked":["Barricade","Exhume"],"picked":"Fiend Fire","floor":33.0},{"not_picked":["Twin Strike","Iron Wave","Sword Boomerang"],"picked":"SKIP","floor":35},{"not_picked":["Flex+1","Infernal Blade"],"picked":"Armaments","floor":39},{"not_picked":["Anger","Sword Boomerang","Flex+1"],"picked":"SKIP","floor":41},{"not_picked":["Iron Wave","Infernal Blade+1","Fire Breathing+1"],"picked":"SKIP","floor":48}],"player_experience":1383680,"relics_obtained":[{"floor":7.0,"key":"Pocketwatch"},{"floor":9.0,"key":"Peace Pipe"},{"floor":10.0,"key":"Regal Pillow"},{"floor":12.0,"key":"Art of War"},{"floor":26.0,"key":"Meat on the Bone"},{"floor":43,"key":"Toxic Egg 2"},{"floor":48,"key":"Bronze Scales"}],"event_choices":[{"damage_healed":0.0,"max_hp_gain":0.0,"max_hp_loss":0.0,"gold_gain":0.0,"cards_transformed":["Burning Pact"],"event_name":"Transmorgrifier","player_choice":"Transformed","floor":5.0,"gold_loss":0.0,"damage_taken":0.0,"cards_obtained":["Shockwave"]},{"damage_healed":0.0,"max_hp_gain":0.0,"max_hp_loss":0.0,"gold_gain":0.0,"event_name":"Vampires","player_choice":"Ignored","floor":21.0,"gold_loss":0.0,"damage_taken":0.0},{"damage_healed":0.0,"max_hp_gain":5.0,"max_hp_loss":0.0,"gold_gain":0.0,"event_name":"Forgotten Altar","player_choice":"Shed Blood","floor":22.0,"gold_loss":0.0,"damage_taken":29.0},{"damage_healed":0.0,"max_hp_gain":0.0,"max_hp_loss":0.0,"gold_gain":0.0,"event_name":"FaceTrader","player_choice":"Trade","floor":27.0,"gold_loss":0.0,"damage_taken":0.0,"relics_obtained":["SsserpentHead"]},{"damage_healed":0,"gold_gain":0,"player_choice":"Max HP","damage_taken":0,"max_hp_gain":0,"max_hp_loss":5,"event_name":"Winding Halls","floor":36,"gold_loss":0},{"damage_healed":0,"gold_gain":0,"player_choice":"Ignored","damage_taken":0,"max_hp_gain":0,"max_hp_loss":0,"event_name":"Mysterious Sphere","floor":37,"gold_loss":0},{"damage_healed":0,"gold_gain":0,"player_choice":"Paid","damage_taken":0,"relics_obtained":["Red Mask"],"max_hp_gain":0,"max_hp_loss":0,"event_name":"Tomb of Lord Red Mask","floor":45,"gold_loss":71}],"is_beta":true,"boss_relics":[{"not_picked":["Philosopher\u0027s Stone","Black Star"],"picked":"Mark of Pain"},{"not_picked":["Runic Dome","Runic Pyramid"],"picked":"Lizard Tail"}],"items_purged_floors":[2],"is_endless":false,"potions_floor_spawned":[1,3,4,18,28,35],"ascension_level":20}