{"gold_per_floor":[109,109,127,39,189,216,216,245,291,291,303,315,29,45,45,116,116,135,135,185,98,98,98,113,113,113,130,155,174,174,207,207,281,281,294,307,307,307,40,40,60,89,89,89,89,116,116,128,128,128,128],"floor_reached":52,"playtime":2314,"items_purged":["Doubt","Parasite"],"score":2237,"play_id":"837149ce-91f2-498e-a326-a050e93a3387","local_time":"20190424011243","is_ascension_mode":true,"campfire_choices":[{"data":"Bash","floor":7.0,"key":"SMITH"},{"data":"Barricade","floor":10.0,"key":"SMITH"},{"data":"Armaments","floor":15.0,"key":"SMITH"},{"data":"Armaments","floor":23.0,"key":"SMITH"},{"data":"Uppercut","floor":25.0,"key":"SMITH"},{"data":"Corruption","floor":32.0,"key":"SMITH"},{"data":"True Grit","floor":40.0,"key":"SMITH"},{"floor":45,"key":"REST"},{"data":"Disarm","floor":47,"key":"SMITH"},{"data":"Metallicize","floor":49,"key":"SMITH"}],"neow_cost":"NONE","seed_source_timestamp":19779616263365,"circlet_count":0,"master_deck":["AscendersBane","Strike_R","Strike_R","Strike_R","Strike_R","Defend_R","Defend_R","Defend_R","Defend_R","Bash+1","Disarm+1","Anger","Ghostly Armor","Barricade+1","Armaments+1","Corruption+1","Uppercut+1","True Grit+1","Feel No Pain","Impervious","Exhume","Armaments+1","Necronomicurse","Metallicize+1","Inflame","Carnage+1","Havoc+1","Ghostly+1","Ghostly+1","Ghostly+1","Shrug It Off+1","Feed","Flame Barrier+1","Second Wind+1","Dark Shackles+1","Trip+1","PanicButton+1","Metallicize","Feel No Pain+1"],"special_seed":0,"relics":["Burning Blood","NeowsBlessing","Lantern","Bag of Marbles","Oddly Smooth Stone","Cursed Key","Necronomicon","Gremlin Horn","Toxic Egg 2","Red Skull","Runic Pyramid","Omamori","Pantograph","Question Card","Art of War"],"potions_floor_usage":[48,50,51],"damage_taken":[{"damage":0.0,"enemies":"Small Slimes","floor":1.0,"turns":2.0},{"damage":0.0,"enemies":"Cultist","floor":3.0,"turns":1.0},{"damage":0.0,"enemies":"3 Sentries","floor":6.0,"turns":1.0},{"damage":46.0,"enemies":"Gremlin Nob","floor":8.0,"turns":5.0},{"damage":0.0,"enemies":"2 Louse","floor":11.0,"turns":3.0},{"damage":4.0,"enemies":"2 Fungi Beasts","floor":12.0,"turns":5.0},{"damage":11.0,"enemies":"3 Louse","floor":14.0,"turns":6.0},{"damage":4.0,"enemies":"The Guardian","floor":16.0,"turns":12.0},{"damage":12.0,"enemies":"Spheric Guardian","floor":18.0,"turns":6.0},{"damage":0.0,"enemies":"Shell Parasite","floor":24.0,"turns":6.0},{"damage":4.0,"enemies":"Centurion and Healer","floor":27.0,"turns":7.0},{"damage":0.0,"enemies":"Gremlin Leader","floor":28.0,"turns":7.0},{"damage":18.0,"enemies":"Shelled Parasite and Fungi","floor":29.0,"turns":6.0},{"damage":0.0,"enemies":"Slavers","floor":31.0,"turns":5.0},{"damage":11.0,"enemies":"Collector","floor":33.0,"turns":12.0},{"damage":0.0,"enemies":"3 Shapes","floor":35.0,"turns":6.0},{"damage":29.0,"enemies":"3 Darklings","floor":36.0,"turns":5.0},{"damage":6.0,"enemies":"4 Shapes","floor":41.0,"turns":6.0},{"damage":0,"enemies":"Nemesis","floor":42,"turns":13},{"damage":0,"enemies":"Reptomancer","floor":46,"turns":7},{"damage":5,"enemies":"Jaw Worm Horde","floor":48,"turns":6},{"damage":6,"enemies":"Awakened One","floor":50,"turns":15},{"damage":0,"enemies":"Time Eater","floor":51,"turns":19}],"seed_played":"4420223139390588229","potions_obtained":[{"floor":1.0,"key":"Ancient Potion"},{"floor":11.0,"key":"FearPotion"},{"floor":14.0,"key":"AttackPotion"},{"floor":16.0,"key":"Weak Potion"},{"floor":27.0,"key":"Explosive Potion"},{"floor":31.0,"key":"Swift Potion"},{"floor":36.0,"key":"PowerPotion"},{"floor":46,"key":"BloodPotion"},{"floor":48,"key":"Weak Potion"}],"is_trial":false,"path_per_floor":["M","?","M","$","?","E","R","E","T","R","M","M","$","M","R","B",null,"M","?","?","$","?","R","M","R","T","M","E","M","?","E","R","B",null,"M","M","?","?","$","R","M","E","T","?","R","E","R","M","R","B","B",null],"character_chosen":"IRONCLAD","items_purchased":["Ghostly Armor","Uppercut","True Grit","Feel No Pain","Metallicize","Omamori"],"campfire_rested":1,"item_purchase_floors":[4,13,13,13,21,39],"current_hp_per_floor":[74,74,75,75,75,75,75,35,35,35,41,43,43,38,38,40,66,60,39,39,39,44,44,50,50,50,52,58,46,37,37,37,32,36,40,21,36,34,31,31,37,41,41,31,41,45,45,48,48,52,56],"gold":128,"neow_bonus":"THREE_ENEMY_KILL","is_prod":false,"is_daily":false,"chose_seed":false,"campfire_upgraded":9,"win_rate":0,"timestamp":1556093563,"path_taken":["M","?","?","$","?","E","R","E","T","R","M","M","$","M","R","BOSS","M","?","?","$","?","R","?","R","T","M","E","M","?","E","R","BOSS","M","M","?","?","?","R","M","E","T","?","R","E","R","?","R","BOSS","BOSS"],"build_version":"2019-04-04","purchased_purges":2,"victory":true,"max_hp_per_floor":[75,75,75,75,75,75,75,75,75,75,75,75,75,75,75,75,75,75,75,75,75,75,75,75,75,75,75,75,75,37,37,37,37,37,40,44,36,34,31,31,37,41,41,41,41,45,45,48,48,52,56],"card_choices":[{"not_picked":["Warcry","Twin Strike"],"picked":"Disarm","floor":1.0},{"not_picked":["Intimidate","Clothesline"],"picked":"Anger","floor":3.0},{"not_picked":["Entrench","Power Through"],"picked":"Iron Wave","floor":6.0},{"not_picked":["Warcry","Fiend Fire"],"picked":"Barricade","floor":8.0},{"not_picked":["Perfected Strike","Body Slam"],"picked":"Armaments","floor":11.0},{"not_picked":["Anger","Heavy Blade"],"picked":"Corruption","floor":12.0},{"not_picked":["Twin Strike","Second Wind"],"picked":"Impervious","floor":14.0},{"not_picked":["Berserk","Barricade"],"picked":"Exhume","floor":16.0},{"not_picked":["Rage","Headbutt"],"picked":"Armaments","floor":18.0},{"not_picked":["Clothesline","Clash"],"picked":"Inflame","floor":24.0},{"not_picked":["Iron Wave","True Grit"],"picked":"Carnage+1","floor":27.0},{"not_picked":["Pommel Strike","Rage"],"picked":"Havoc","floor":28.0},{"not_picked":["Rage+1","Cleave","Searing Blow"],"picked":"SKIP","floor":29.0},{"not_picked":["Flex+1","Dropkick"],"picked":"Shrug It Off+1","floor":31.0},{"not_picked":["Berserk","Demon Form"],"picked":"Feed","floor":33.0},{"not_picked":["Combust","Power Through+1"],"picked":"Flame Barrier+1","floor":35.0},{"not_picked":["Flex+1","Armaments+1","Wild Strike"],"picked":"SKIP","floor":36.0},{"not_picked":["Heavy Blade","Wild Strike","Seeing Red+1"],"picked":"SKIP","floor":41},{"not_picked":["Anger","Sword Boomerang"],"picked":"Second Wind+1","floor":42},{"not_picked":["Blind+1","Deep Breath+1","PanicButton+1"],"picked":"Dark Shackles+1","floor":44},{"not_picked":["Swift Strike","Metamorphosis+1","Finesse+1"],"picked":"Trip+1","floor":44},{"not_picked":["Madness+1","Transmutation+1","Secret Weapon+1"],"picked":"PanicButton+1","floor":44},{"not_picked":["Carnage","Clash","Rampage"],"picked":"Metallicize","floor":46},{"not_picked":["Bloodletting+1","Havoc+1","Sword Boomerang+1"],"picked":"Feel No Pain+1","floor":48}],"player_experience":1427292,"relics_obtained":[{"floor":6.0,"key":"Lantern"},{"floor":8.0,"key":"Bag of Marbles"},{"floor":9.0,"key":"Oddly Smooth Stone"},{"floor":19.0,"key":"Necronomicon"},{"floor":26.0,"key":"Gremlin Horn"},{"floor":28.0,"key":"Toxic Egg 2"},{"floor":31.0,"key":"Red Skull"},{"floor":42,"key":"Pantograph"},{"floor":43,"key":"Question Card"},{"floor":46,"key":"Art of War"}],"event_choices":[{"cards_removed":["Strike_R"],"damage_healed":0.0,"max_hp_gain":0.0,"max_hp_loss":0.0,"gold_gain":0.0,"event_name":"Purifier","player_choice":"Purged","floor":2.0,"gold_loss":0.0,"damage_taken":0.0},{"damage_healed":0.0,"max_hp_gain":0.0,"max_hp_loss":0.0,"gold_gain":150.0,"event_name":"Liars Game","player_choice":"AGREE","floor":5.0,"gold_loss":0.0,"damage_taken":0.0,"cards_obtained":["Doubt"]},{"damage_healed":0.0,"max_hp_gain":0.0,"max_hp_loss":0.0,"gold_gain":0.0,"event_name":"Cursed Tome","player_choice":"Obtained Book","floor":19.0,"gold_loss":0.0,"damage_taken":21.0},{"damage_healed":0.0,"max_hp_gain":0.0,"max_hp_loss":0.0,"gold_gain":50.0,"event_name":"Nest","player_choice":"Stole From Cult","floor":20.0,"gold_loss":0.0,"damage_taken":0.0},{"cards_removed":["Iron Wave"],"damage_healed":5.0,"max_hp_gain":0.0,"max_hp_loss":0.0,"gold_gain":0.0,"event_name":"Bonfire Elementals","player_choice":"Offered Common","floor":22.0,"gold_loss":0.0,"damage_taken":0.0},{"cards_removed":["Iron Wave"],"damage_healed":5.0,"max_hp_gain":0.0,"max_hp_loss":0.0,"gold_gain":0.0,"event_name":"Bonfire Elementals","player_choice":"Offered Special","floor":22.0,"gold_loss":0.0,"damage_taken":0.0},{"damage_healed":0.0,"max_hp_gain":0.0,"max_hp_loss":38.0,"gold_gain":0.0,"event_name":"Ghosts","player_choice":"Became a Ghost","floor":30.0,"gold_loss":0.0,"damage_taken":0.0,"cards_obtained":["Ghostly","Ghostly","Ghostly"]},{"damage_healed":36.0,"max_hp_gain":0.0,"max_hp_loss":8.0,"gold_gain":0.0,"event_name":"The Moai Head","player_choice":"Heal","floor":37.0,"gold_loss":0.0,"damage_taken":0.0},{"damage_healed":0.0,"max_hp_gain":0.0,"max_hp_loss":2.0,"gold_gain":0.0,"event_name":"Winding Halls","player_choice":"Max HP","floor":38.0,"gold_loss":0.0,"damage_taken":0.0},{"damage_healed":0,"gold_gain":0,"player_choice":"Memory 3","damage_taken":10,"max_hp_gain":0,"max_hp_loss":0,"event_name":"SensoryStone","floor":44,"gold_loss":0}],"is_beta":true,"boss_relics":[{"not_picked":["Black Blood","Velvet Choker"],"picked":"Cursed Key"},{"not_picked":["Coffee Dripper","Orrery"],"picked":"Runic Pyramid"}],"items_purged_floors":[13,39],"is_endless":false,"potions_floor_spawned":[1,11,14,16,18,27,31,36,46,48],"ascension_level":20}