{"gold_per_floor":[113,113,63,63,138,182,182,182],"floor_reached":8,"playtime":248,"items_purged":[],"score":55,"play_id":"6624e524-34b1-4697-b876-93e8c4745d7c","local_time":"20190806222458","is_ascension_mode":true,"campfire_choices":[{"floor":7,"key":"REST"}],"neow_cost":"NONE","seed_source_timestamp":1596662860472,"circlet_count":0,"master_deck":["Strike_G","Strike_G","Strike_G","Strike_G","Strike_G","Defend_G","Defend_G","Defend_G","Defend_G","Survivor","Neutralize"],"special_seed":0,"relics":["Black Star","Golden Idol","Gremlin Horn","The Courier"],"potions_floor_usage":[],"damage_taken":[{"damage":0.0,"enemies":"Jaw Worm","floor":1.0,"turns":5.0},{"damage":51,"enemies":"Lagavulin","floor":6,"turns":12},{"damage":0,"enemies":"3 Sentries","floor":8,"turns":1}],"seed_played":"3768452430460221902","potions_obtained":[{"floor":6,"key":"Fire Potion"}],"is_trial":false,"path_per_floor":["M","?","?","?","?","E","R","E"],"character_chosen":"THE_SILENT","items_purchased":[],"campfire_rested":1,"item_purchase_floors":[],"current_hp_per_floor":[70,65,65,65,59,8,27,27],"gold":182,"neow_bonus":"BOSS_RELIC","is_prod":false,"is_daily":false,"chose_seed":false,"campfire_upgraded":0,"win_rate":0,"timestamp":1565155498,"path_taken":["M","?","?","?","?","E","R","E"],"build_version":"2019-07-18","purchased_purges":0,"victory":false,"max_hp_per_floor":[70,65,65,65,65,65,65,65],"card_choices":[{"not_picked":["Outmaneuver","Backflip","Masterful Stab"],"picked":"SKIP","floor":6}],"player_experience":1380830,"relics_obtained":[{"floor":6,"key":"Gremlin Horn"},{"floor":6,"key":"The Courier"}],"event_choices":[{"damage_healed":0.0,"max_hp_gain":0.0,"max_hp_loss":5.0,"gold_gain":0.0,"event_name":"Golden Idol","player_choice":"Lose Max HP","floor":2.0,"gold_loss":0.0,"damage_taken":0.0,"relics_obtained":["Golden Idol"]},{"cards_removed":["Defend_G"],"damage_healed":0.0,"max_hp_gain":0.0,"max_hp_loss":0.0,"gold_gain":0.0,"event_name":"The Cleric","player_choice":"Card Removal","floor":3.0,"gold_loss":50.0,"damage_taken":0.0},{"damage_healed":0.0,"max_hp_gain":0.0,"max_hp_loss":0.0,"gold_gain":0.0,"event_name":"Liars Game","player_choice":"Ignored","floor":4.0,"gold_loss":0.0,"damage_taken":0.0},{"damage_healed":0,"gold_gain":75,"player_choice":"Touch","damage_taken":6,"max_hp_gain":0,"max_hp_loss":0,"event_name":"FaceTrader","floor":5,"gold_loss":0}],"is_beta":true,"boss_relics":[],"items_purged_floors":[],"is_endless":false,"potions_floor_spawned":[6],"killed_by":"3 Sentries","ascension_level":1}