{"gold_per_floor":[117,134,148,148,166,166,180,200,200,200,220,246,66,82,82,159,159,171,188,188,188,205,205,120,120,120,120,136,147,175,7,7,81,81,96,96,110,129,149,162,162,191,191,225,16,16,16,71,71,71],"floor_reached":51,"playtime":4594,"items_purged":["Writhe"],"score":1382,"play_id":"a17db2c4-65f1-44e9-9c84-beb503679b70","local_time":"20190828100223","is_ascension_mode":true,"campfire_choices":[{"data":"Ball Lightning","floor":6.0,"key":"SMITH"},{"floor":10.0,"key":"REST"},{"data":"Defragment","floor":15.0,"key":"SMITH"},{"floor":23.0,"key":"REST"},{"floor":27.0,"key":"REST"},{"floor":32.0,"key":"DIG"},{"data":"Consume","floor":41.0,"key":"SMITH"},{"data":"Buffer","floor":46,"key":"SMITH"},{"floor":49,"key":"REST"}],"neow_cost":"NONE","seed_source_timestamp":341199351214257,"circlet_count":0,"master_deck":["AscendersBane","Defend_B","Defend_B","Defend_B","Zap+1","Dualcast","Ball Lightning+1","Capacitor","Self Repair","Coolheaded","Compile Driver","Barrage","Defragment+1","Cold Snap","Thunder Strike","Conserve Battery","Capacitor","Consume+1","Coolheaded","Core Surge","Barrage+1","Ball Lightning","BootSequence","Loop","Bite","Bite","Bite","Bite","Bite","Recycle+1","Buffer+1","Chill+1","Steam+1","Hologram+1","White Noise+1","Biased Cognition","Glacier+1","Storm","Redo+1","Parasite","Multi-Cast+1","Force Field+1","Recycle+1","Storm","Blizzard","Electrodynamics+1","Conserve Battery+1"],"special_seed":0,"relics":["Cracked Core","FaceOfCleric","Prayer Wheel","Shovel","Runic Pyramid","Toxic Egg 2","Bird Faced Urn","Darkstone Periapt","Turnip","Lantern","PreservedInsect","Philosopher\u0027s Stone","DataDisk","Letter Opener","Frozen Egg 2","Torii"],"potions_floor_usage":[],"damage_taken":[{"damage":5.0,"enemies":"Small Slimes","floor":1.0,"turns":4.0},{"damage":0.0,"enemies":"Cultist","floor":2.0,"turns":2.0},{"damage":12.0,"enemies":"2 Louse","floor":3.0,"turns":2.0},{"damage":10.0,"enemies":"2 Fungi Beasts","floor":5.0,"turns":3.0},{"damage":28.0,"enemies":"Exordium Wildlife","floor":7.0,"turns":5.0},{"damage":5.0,"enemies":"Large Slime","floor":8.0,"turns":5.0},{"damage":14.0,"enemies":"Red Slaver","floor":11.0,"turns":4.0},{"damage":8.0,"enemies":"Gremlin Nob","floor":12.0,"turns":3.0},{"damage":29.0,"enemies":"2 Fungi Beasts","floor":14.0,"turns":4.0},{"damage":25.0,"enemies":"Slime Boss","floor":16.0,"turns":9.0},{"damage":2.0,"enemies":"Chosen","floor":18.0,"turns":6.0},{"damage":48.0,"enemies":"3 Byrds","floor":19.0,"turns":4.0},{"damage":32.0,"enemies":"Shelled Parasite and Fungi","floor":22.0,"turns":6.0},{"damage":0.0,"enemies":"Book of Stabbing","floor":25.0,"turns":1.0},{"damage":26.0,"enemies":"Chosen and Byrds","floor":28.0,"turns":6.0},{"damage":16.0,"enemies":"Snake Plant","floor":29.0,"turns":5.0},{"damage":30.0,"enemies":"Slavers","floor":30.0,"turns":8.0},{"damage":20.0,"enemies":"Collector","floor":33.0,"turns":15.0},{"damage":24.0,"enemies":"3 Darklings","floor":35.0,"turns":8.0},{"damage":0.0,"enemies":"Orb Walker","floor":37.0,"turns":4.0},{"damage":8.0,"enemies":"Writhing Mass","floor":38.0,"turns":7.0},{"damage":30.0,"enemies":"Maw","floor":39.0,"turns":9.0},{"damage":13.0,"enemies":"Spire Growth","floor":40.0,"turns":7.0},{"damage":27.0,"enemies":"Nemesis","floor":42.0,"turns":5.0},{"damage":27,"enemies":"Giant Head","floor":44,"turns":9},{"damage":40,"enemies":"2 Orb Walkers","floor":48,"turns":4},{"damage":45,"enemies":"Donu and Deca","floor":50,"turns":8}],"seed_played":"8917264653285939884","potions_obtained":[{"floor":1.0,"key":"FearPotion"},{"floor":8.0,"key":"SmokeBomb"},{"floor":12.0,"key":"Regen Potion"},{"floor":18.0,"key":"EssenceOfSteel"},{"floor":28.0,"key":"AttackPotion"},{"floor":29.0,"key":"Dexterity Potion"},{"floor":35.0,"key":"Block Potion"},{"floor":36.0,"key":"SkillPotion"},{"floor":42.0,"key":"FearPotion"},{"floor":44,"key":"Weak Potion"}],"is_trial":false,"path_per_floor":["M","M","M","?","M","R","M","M","T","R","M","E","$","M","R","B",null,"M","M","?","?","M","R","?","E","T","R","M","M","E","$","R","B",null,"M","?","M","M","M","M","R","E","T","E","$","R","?","?","R","B",null],"character_chosen":"DEFECT","items_purchased":["Conserve Battery","Capacitor","Consume","Lantern","Electrodynamics+1","Conserve Battery+1"],"campfire_rested":4,"item_purchase_floors":[13,13,13,31,45,45],"current_hp_per_floor":[59,59,47,47,45,45,25,28,28,50,44,44,44,23,23,21,64,70,30,30,30,7,24,24,25,25,42,42,48,48,48,48,62,62,63,63,64,71,69,73,73,65,65,56,56,56,56,31,53,44],"gold":71,"neow_bonus":"UPGRADE_CARD","is_prod":false,"is_daily":false,"chose_seed":false,"campfire_upgraded":4,"win_rate":0,"timestamp":1567011743,"path_taken":["M","M","M","?","M","R","M","?","T","R","M","E","$","M","R","BOSS","M","M","?","?","M","R","?","E","T","R","?","M","E","$","R","BOSS","M","?","M","?","M","M","R","E","T","E","$","R","?","?","R","BOSS"],"build_version":"2019-07-17","purchased_purges":1,"victory":true,"max_hp_per_floor":[71,71,71,71,72,72,73,74,74,74,75,76,76,77,77,78,78,79,80,80,56,57,57,57,58,58,58,59,60,61,61,61,62,62,63,63,64,71,72,73,73,74,74,75,75,75,75,76,76,77],"card_choices":[{"not_picked":["Doom and Gloom","Stack"],"picked":"Ball Lightning","floor":1.0},{"not_picked":["Go for the Eyes","FTL"],"picked":"Capacitor","floor":2.0},{"not_picked":["Recycle","Amplify"],"picked":"Self Repair","floor":3.0},{"not_picked":["Chaos","Streamline"],"picked":"Coolheaded","floor":5.0},{"not_picked":["Genetic Algorithm","Redo"],"picked":"Compile Driver","floor":7.0},{"not_picked":["White Noise","Hologram"],"picked":"Barrage","floor":8.0},{"not_picked":["Auto Shields","Creative AI"],"picked":"Defragment","floor":11.0},{"not_picked":["Hologram","FTL"],"picked":"Cold Snap","floor":11.0},{"not_picked":["Turbo","Loop"],"picked":"Thunder Strike","floor":12.0},{"not_picked":["Streamline","Steam"],"picked":"Coolheaded","floor":14.0},{"not_picked":["Lockon","Beam Cell","Chaos"],"picked":"SKIP","floor":14.0},{"not_picked":["All For One","Multi-Cast"],"picked":"Core Surge","floor":16.0},{"not_picked":["Hologram","Scrape"],"picked":"Barrage+1","floor":18.0},{"not_picked":["Turbo","Sweeping Beam"],"picked":"Ball Lightning","floor":18.0},{"not_picked":["Rebound","Ball Lightning"],"picked":"BootSequence","floor":19.0},{"not_picked":["Static Discharge","Rebound"],"picked":"Loop","floor":19.0},{"not_picked":["Stack+1","Gash"],"picked":"Recycle+1","floor":22.0},{"not_picked":["Reprogram+1","Conserve Battery+1"],"picked":"Buffer","floor":22.0},{"not_picked":["Beam Cell","Leap+1"],"picked":"Chill+1","floor":28.0},{"not_picked":["Beam Cell","Rebound"],"picked":"Steam+1","floor":28.0},{"not_picked":["Reinforced Body+1","Undo+1"],"picked":"Hologram+1","floor":29.0},{"not_picked":["Sweeping Beam","FTL","Ball Lightning"],"picked":"SKIP","floor":29.0},{"not_picked":["Cold Snap+1","FTL"],"picked":"White Noise+1","floor":30.0},{"not_picked":["Fission+1","Machine Learning"],"picked":"Biased Cognition","floor":33.0},{"not_picked":["Chill+1","Reinforced Body+1"],"picked":"Glacier+1","floor":35.0},{"not_picked":["Rebound+1","Undo+1"],"picked":"Storm","floor":35.0},{"not_picked":["Stack+1","Hologram+1"],"picked":"Redo+1","floor":37.0},{"not_picked":["Turbo+1","Rebound","Beam Cell"],"picked":"SKIP","floor":37.0},{"not_picked":["Sunder","Sweeping Beam+1"],"picked":"Multi-Cast+1","floor":38.0},{"not_picked":["Ball Lightning+1","Beam Cell","Cold Snap"],"picked":"SKIP","floor":38.0},{"not_picked":["Rip and Tear","Chill+1"],"picked":"Force Field+1","floor":39.0},{"not_picked":["Darkness+1","Cold Snap+1","Auto Shields+1"],"picked":"SKIP","floor":39.0},{"not_picked":["Redo+1","Coolheaded+1"],"picked":"Recycle+1","floor":40.0},{"not_picked":["Rebound","Go for the Eyes"],"picked":"Storm","floor":40.0},{"not_picked":["Redo+1","Scrape","BootSequence+1"],"picked":"SKIP","floor":42.0},{"not_picked":["Compile Driver","Recycle+1"],"picked":"Blizzard","floor":44}],"player_experience":749095,"relics_obtained":[{"floor":9.0,"key":"Prayer Wheel"},{"floor":12.0,"key":"Shovel"},{"floor":26.0,"key":"Darkstone Periapt"},{"floor":30.0,"key":"Turnip"},{"floor":32.0,"key":"PreservedInsect"},{"floor":42.0,"key":"DataDisk"},{"floor":43.0,"key":"Letter Opener"},{"floor":44,"key":"Frozen Egg 2"},{"floor":48,"key":"Torii"}],"event_choices":[{"damage_healed":0.0,"max_hp_gain":0.0,"max_hp_loss":0.0,"gold_gain":0.0,"event_name":"FaceTrader","player_choice":"Trade","floor":4.0,"gold_loss":0.0,"damage_taken":0.0,"relics_obtained":["FaceOfCleric"]},{"damage_healed":0.0,"max_hp_gain":0.0,"max_hp_loss":0.0,"gold_gain":0.0,"event_name":"The Mausoleum","player_choice":"Opened","floor":20.0,"gold_loss":0.0,"damage_taken":0.0,"relics_obtained":["Toxic Egg 2"],"cards_obtained":["Writhe"]},{"damage_healed":0.0,"max_hp_gain":0.0,"max_hp_loss":24.0,"gold_gain":0.0,"event_name":"Vampires","player_choice":"Became a vampire","floor":21.0,"gold_loss":0.0,"damage_taken":0.0,"cards_obtained":["Bite","Bite","Bite","Bite","Bite"]},{"damage_healed":0.0,"max_hp_gain":0.0,"max_hp_loss":0.0,"gold_gain":0.0,"event_name":"Addict","player_choice":"Obtained Relic","floor":24.0,"gold_loss":85.0,"damage_taken":0.0,"relics_obtained":["Bird Faced Urn"]},{"damage_healed":0.0,"max_hp_gain":0.0,"max_hp_loss":0.0,"gold_gain":0.0,"event_name":"Lab","player_choice":"Got Potions","floor":36.0,"gold_loss":0.0,"damage_taken":0.0},{"cards_removed":["Defend_B"],"damage_healed":0,"gold_gain":0,"player_choice":"Removed Skill","damage_taken":0,"max_hp_gain":0,"max_hp_loss":0,"event_name":"Falling","floor":47,"gold_loss":0},{"damage_healed":0,"gold_gain":0,"player_choice":"Fight","damage_taken":0,"max_hp_gain":0,"max_hp_loss":0,"event_name":"Mysterious Sphere","floor":48,"gold_loss":0}],"is_beta":false,"boss_relics":[{"not_picked":["Runic Dome","Snecko Eye"],"picked":"Runic Pyramid"},{"not_picked":["Inserter","Pandora\u0027s Box"],"picked":"Philosopher\u0027s Stone"}],"items_purged_floors":[45],"is_endless":false,"potions_floor_spawned":[1,8,12,18,28,29,35,37,42,44],"ascension_level":18}