{"gold_per_floor":[113,133,133,151,151,151,183,201,201,201,201,221,221,4,4,78,78,98,111,161,161,76,76,87,101,127,127,139,149,49,99,99,99],"floor_reached":33,"playtime":968,"items_purged":["Strike_G","Strike_G"],"score":494,"play_id":"04e5c6a1-fea9-4204-9272-57e07edcd3ea","local_time":"20190412183317","is_ascension_mode":true,"campfire_choices":[{"data":"Noxious Fumes","floor":6.0,"key":"SMITH"},{"floor":10,"key":"REST"},{"data":"Catalyst","floor":13,"key":"SMITH"},{"data":"Well Laid Plans","floor":15,"key":"SMITH"},{"floor":23,"key":"REST"},{"floor":27,"key":"REST"},{"floor":32,"key":"REST"}],"neow_cost":"NONE","seed_source_timestamp":4583427258038,"circlet_count":0,"master_deck":["AscendersBane","Defend_G","Defend_G","Defend_G","Defend_G","Strike_G","Strike_G","Strike_G","Survivor","Neutralize+1","Noxious Fumes+1","PiercingWail","Backflip","Catalyst+1","Flying Knee","Well Laid Plans+1","Corpse Explosion","PiercingWail","Noxious Fumes","Leg Sweep","Skewer","PiercingWail"],"special_seed":0,"relics":["Sozu","Darkstone Periapt","Bottled Tornado","Ice Cream","Fusion Hammer","Question Card","Bag of Marbles","Bag of Preparation"],"potions_floor_usage":[],"damage_taken":[{"damage":0.0,"enemies":"Small Slimes","floor":1.0,"turns":4.0},{"damage":6.0,"enemies":"2 Louse","floor":2.0,"turns":4.0},{"damage":4.0,"enemies":"Jaw Worm","floor":4.0,"turns":4.0},{"damage":20,"enemies":"Lagavulin","floor":7,"turns":7},{"damage":10,"enemies":"Lots of Slimes","floor":8,"turns":5},{"damage":0,"enemies":"3 Louse","floor":12,"turns":3},{"damage":12,"enemies":"The Guardian","floor":16,"turns":11},{"damage":9,"enemies":"2 Thieves","floor":18,"turns":2},{"damage":0,"enemies":"Chosen","floor":19,"turns":5},{"damage":12,"enemies":"Sentry and Sphere","floor":24,"turns":5},{"damage":39,"enemies":"Cultist and Chosen","floor":25,"turns":5},{"damage":0,"enemies":"3 Cultists","floor":28,"turns":3},{"damage":22,"enemies":"Snecko","floor":29,"turns":6},{"damage":8,"enemies":"Automaton","floor":33,"turns":6}],"seed_played":"-1760767424157223762","potions_obtained":[],"is_trial":false,"path_per_floor":["M","M","?","M","?","R","E","M","T","R","T","M","R","$","R","B",null,"M","M","?","?","?","R","M","M","T","R","M","M","$","T","R","B"],"character_chosen":"THE_SILENT","items_purchased":["Flying Knee","Well Laid Plans"],"campfire_rested":4,"item_purchase_floors":[14,14],"current_hp_per_floor":[59,53,53,49,42,42,22,12,12,31,31,31,31,31,31,19,54,45,45,45,45,45,64,52,13,13,32,32,10,10,10,29,21],"gold":99,"neow_bonus":"BOSS_RELIC","is_prod":false,"is_daily":false,"chose_seed":false,"campfire_upgraded":3,"win_rate":0,"timestamp":1555119197,"path_taken":["M","M","?","M","?","R","E","M","T","R","?","?","R","$","R","BOSS","M","M","?","?","?","R","M","M","T","R","M","M","$","?","R","BOSS"],"build_version":"2019-04-04","purchased_purges":2,"victory":false,"max_hp_per_floor":[66,66,66,66,66,66,66,66,66,66,66,66,66,66,66,66,66,66,66,66,66,66,66,66,66,66,66,66,66,66,66,66,66],"card_choices":[{"not_picked":["Flying Knee","Escape Plan"],"picked":"Noxious Fumes","floor":1.0},{"not_picked":["Escape Plan","Sucker Punch"],"picked":"PiercingWail","floor":4.0},{"not_picked":["Outmaneuver","Blade Dance"],"picked":"Backflip","floor":7},{"not_picked":["Cloak And Dagger","Dodge and Roll"],"picked":"Catalyst","floor":8},{"not_picked":["Storm of Steel","Grand Finale"],"picked":"Corpse Explosion","floor":16},{"not_picked":["Finisher","Blur"],"picked":"PiercingWail","floor":18},{"not_picked":["Setup","Endless Agony"],"picked":"Noxious Fumes","floor":19},{"not_picked":["Prepared","Slice","Blade Dance"],"picked":"Leg Sweep","floor":25},{"not_picked":["Dash","Outmaneuver","Terror"],"picked":"Skewer","floor":28},{"not_picked":["Poisoned Stab","Endless Agony","Sucker Punch"],"picked":"PiercingWail","floor":29}],"player_experience":1412316,"relics_obtained":[{"floor":7,"key":"Darkstone Periapt"},{"floor":9,"key":"Bottled Tornado"},{"floor":11,"key":"Ice Cream"},{"floor":26,"key":"Bag of Marbles"},{"floor":31,"key":"Bag of Preparation"}],"event_choices":[{"damage_healed":0.0,"max_hp_gain":0.0,"max_hp_loss":0.0,"gold_gain":0.0,"event_name":"Living Wall","player_choice":"Grow","floor":3.0,"gold_loss":0.0,"damage_taken":0.0,"cards_upgraded":["Neutralize"]},{"cards_removed":["Defend_G"],"damage_healed":0.0,"max_hp_gain":0.0,"max_hp_loss":0.0,"gold_gain":0.0,"event_name":"Golden Wing","player_choice":"Card Removal","floor":5.0,"gold_loss":0.0,"damage_taken":7.0},{"damage_healed":0,"gold_gain":50,"player_choice":"Stole From Cult","damage_taken":0,"max_hp_gain":0,"max_hp_loss":0,"event_name":"Nest","floor":20,"gold_loss":0},{"damage_healed":0,"gold_gain":0,"player_choice":"Ignored","damage_taken":0,"max_hp_gain":0,"max_hp_loss":0,"event_name":"Vampires","floor":21,"gold_loss":0},{"damage_healed":0,"gold_gain":0,"player_choice":"Obtained Relic","damage_taken":0,"relics_obtained":["Question Card"],"max_hp_gain":0,"max_hp_loss":0,"event_name":"Addict","floor":22,"gold_loss":85}],"is_beta":true,"boss_relics":[{"not_picked":["HoveringKite","Empty Cage"],"picked":"Fusion Hammer"}],"items_purged_floors":[14,30],"is_endless":false,"potions_floor_spawned":[2,4,8,12,24,25],"killed_by":"Automaton","ascension_level":20}