{"gold_per_floor":[111,123,66,66,141,170,181,181,181,181,201,201,226,237,237,237],"floor_reached":16,"playtime":435,"items_purged":[],"score":245,"play_id":"eb04d22b-11c7-423c-88fc-7093317f99fc","local_time":"20190218151918","is_ascension_mode":true,"campfire_choices":[{"data":"True Grit","floor":8.0,"key":"SMITH"},{"data":"Dual Wield","floor":12.0,"key":"SMITH"},{"data":"Rage","floor":15.0,"key":"SMITH"}],"neow_cost":"NONE","seed_source_timestamp":1617404255202,"circlet_count":0,"master_deck":["AscendersBane","Strike_R","Strike_R","Strike_R","Strike_R","Strike_R","Defend_R","Defend_R","Defend_R","Defend_R","Bash+1","Clash","Anger","Anger","Clash","Flex+1","Rage+1","Clash","Pummel","True Grit+1","Dual Wield+1","Clash","Clash"],"special_seed":0,"relics":["Orrery","Dead Branch","Frozen Egg 2","Orichalcum"],"potions_floor_usage":[],"damage_taken":[{"damage":0.0,"enemies":"2 Louse","floor":1.0,"turns":2.0},{"damage":0.0,"enemies":"Small Slimes","floor":2.0,"turns":2.0},{"damage":9.0,"enemies":"Gremlin Nob","floor":6.0,"turns":3.0},{"damage":0.0,"enemies":"Cultist","floor":7.0,"turns":2.0},{"damage":13.0,"enemies":"Lots of Slimes","floor":11.0,"turns":6.0},{"damage":18.0,"enemies":"3 Sentries","floor":13.0,"turns":5.0},{"damage":6.0,"enemies":"3 Louse","floor":14.0,"turns":2.0},{"damage":35,"enemies":"Slime Boss","floor":16,"turns":3}],"seed_played":"-1271105455788684204","potions_obtained":[{"floor":2.0,"key":"Regen Potion"},{"floor":7.0,"key":"LiquidBronze"}],"is_trial":false,"path_per_floor":["M","M","$","?","?","E","M","R","T","?","M","R","E","M","R","B"],"character_chosen":"IRONCLAD","items_purchased":["Clash"],"campfire_rested":0,"item_purchase_floors":[3],"current_hp_per_floor":[68,68,68,68,57,48,48,48,48,48,50,50,32,26,26,0],"gold":237,"neow_bonus":"BOSS_RELIC","is_prod":false,"is_daily":false,"chose_seed":false,"campfire_upgraded":3,"win_rate":0,"timestamp":1550531958,"path_taken":["M","M","$","?","?","E","M","R","T","?","?","R","E","?","R","BOSS"],"build_version":"2019-02-06","purchased_purges":0,"victory":false,"max_hp_per_floor":[75,75,75,75,75,75,75,75,75,75,75,75,75,75,75,75],"card_choices":[{"not_picked":["Rampage","Warcry"],"picked":"Clash","floor":0.0},{"not_picked":["Warcry","Headbutt"],"picked":"Anger","floor":0.0},{"not_picked":["Burning Pact","Havoc"],"picked":"Anger","floor":0.0},{"not_picked":["Clothesline","True Grit"],"picked":"Clash","floor":0.0},{"not_picked":["Iron Wave","Bloodletting"],"picked":"Flex","floor":0.0},{"not_picked":["Body Slam","Demon Form"],"picked":"Rage","floor":1.0},{"not_picked":["Sword Boomerang","Shrug It Off"],"picked":"Pummel","floor":6.0},{"not_picked":["Clothesline","Iron Wave"],"picked":"True Grit","floor":7.0},{"not_picked":["Shrug It Off","Clash"],"picked":"Dual Wield","floor":11.0},{"not_picked":["Wild Strike","Headbutt"],"picked":"Clash","floor":13.0},{"not_picked":["Twin Strike","Havoc"],"picked":"Clash","floor":14.0}],"player_experience":1165943,"relics_obtained":[{"floor":6.0,"key":"Dead Branch"},{"floor":9.0,"key":"Frozen Egg 2"},{"floor":13.0,"key":"Orichalcum"}],"event_choices":[{"damage_healed":0.0,"max_hp_gain":0.0,"max_hp_loss":0.0,"gold_gain":0.0,"event_name":"Living Wall","player_choice":"Grow","floor":4.0,"gold_loss":0.0,"damage_taken":0.0,"cards_upgraded":["Bash"]},{"damage_healed":0.0,"max_hp_gain":0.0,"max_hp_loss":0.0,"gold_gain":75.0,"event_name":"World of Goop","player_choice":"Gather Gold","floor":5.0,"gold_loss":0.0,"damage_taken":11.0},{"damage_healed":0.0,"max_hp_gain":0.0,"max_hp_loss":0.0,"gold_gain":0.0,"event_name":"Upgrade Shrine","player_choice":"Upgraded","floor":10.0,"gold_loss":0.0,"damage_taken":0.0,"cards_upgraded":["Flex"]}],"is_beta":true,"boss_relics":[],"items_purged_floors":[],"is_endless":false,"potions_floor_spawned":[2,7],"killed_by":"Slime Boss","ascension_level":20}