{"gold_per_floor":[112,11,30,105,105,105,118,118,118,152,170,0,34,49,49,126,126,141,66,80,80,80,80,97,111,111,111,111],"floor_reached":28,"playtime":560,"items_purged":[],"score":556,"play_id":"d0027124-6b98-41e2-8499-bb1abe7f6396","local_time":"20190218182434","is_ascension_mode":true,"campfire_choices":[{"data":"Shockwave","floor":6.0,"key":"SMITH"},{"data":"Infernal Blade","floor":8.0,"key":"SMITH"},{"data":"Armaments","floor":15.0,"key":"SMITH"},{"data":"Immolate","floor":23,"key":"SMITH"},{"floor":27,"key":"REST"}],"neow_cost":"NONE","seed_source_timestamp":12596019448442,"circlet_count":0,"master_deck":["AscendersBane","Strike_R","Strike_R","Strike_R","Strike_R","Defend_R","Defend_R","Defend_R","Bash","Shockwave+1","Infernal Blade+1","Twin Strike","Spot Weakness","Fire Breathing","Anger","True Grit","Armaments+1","Evolve","Anger","Offering","Anger","Immolate+1","Sword Boomerang","Wild Strike","Writhe","Shrug It Off","Shockwave"],"special_seed":0,"relics":["Burning Blood","NeowsBlessing","Shuriken","Blue Candle","Thread and Needle","Philosopher\u0027s Stone","MutagenicStrength","Mummified Hand","Dodecahedron"],"potions_floor_usage":[20],"damage_taken":[{"damage":0.0,"enemies":"Cultist","floor":1.0,"turns":1.0},{"damage":0.0,"enemies":"Small Slimes","floor":3.0,"turns":2.0},{"damage":0.0,"enemies":"2 Louse","floor":7.0,"turns":1.0},{"damage":32.0,"enemies":"Gremlin Nob","floor":10.0,"turns":4.0},{"damage":21.0,"enemies":"Exordium Wildlife","floor":11.0,"turns":2.0},{"damage":13.0,"enemies":"3 Sentries","floor":13.0,"turns":5.0},{"damage":8.0,"enemies":"Exordium Thugs","floor":14.0,"turns":3.0},{"damage":6.0,"enemies":"Slime Boss","floor":16.0,"turns":5.0},{"damage":12.0,"enemies":"3 Byrds","floor":18.0,"turns":2.0},{"damage":4,"enemies":"Chosen","floor":20,"turns":3},{"damage":27,"enemies":"Shelled Parasite and Fungi","floor":24,"turns":3},{"damage":23,"enemies":"Cultist and Chosen","floor":25,"turns":5},{"damage":45,"enemies":"Book of Stabbing","floor":28,"turns":4}],"seed_played":"-3737192879855494422","potions_obtained":[{"floor":1.0,"key":"LiquidBronze"},{"floor":3.0,"key":"BloodPotion"},{"floor":16.0,"key":"Weak Potion"},{"floor":18.0,"key":"Swift Potion"},{"floor":25,"key":"BloodPotion"}],"is_trial":false,"path_per_floor":["M","$","M","?","?","R","M","R","T","E","M","$","E","M","R","B",null,"M","?","M","?","?","R","M","M","T","R","E"],"character_chosen":"IRONCLAD","items_purchased":["Infernal Blade","Twin Strike","Armaments","Evolve","Anger"],"campfire_rested":1,"item_purchase_floors":[2,2,12,12,12],"current_hp_per_floor":[74,74,75,64,64,64,70,70,70,44,36,36,29,27,27,27,63,57,57,59,59,59,59,38,21,21,43,0],"gold":111,"neow_bonus":"THREE_ENEMY_KILL","is_prod":false,"is_daily":false,"chose_seed":false,"campfire_upgraded":4,"win_rate":0,"timestamp":1550543074,"path_taken":["M","$","?","?","?","R","M","R","T","E","M","$","E","M","R","BOSS","M","?","M","?","?","R","M","?","T","R","E"],"build_version":"2019-02-06","purchased_purges":0,"victory":false,"max_hp_per_floor":[75,75,75,75,75,75,75,75,75,75,75,75,75,75,75,75,75,75,75,75,75,75,75,75,75,75,75,75],"card_choices":[{"not_picked":["Twin Strike","Sentinel"],"picked":"Shockwave","floor":1.0},{"not_picked":["Sword Boomerang","Warcry"],"picked":"Spot Weakness","floor":3.0},{"not_picked":["Sword Boomerang","Wild Strike"],"picked":"Fire Breathing","floor":7.0},{"not_picked":["Power Through","Searing Blow"],"picked":"Anger","floor":10.0},{"not_picked":["Cleave","Body Slam"],"picked":"True Grit","floor":11.0},{"not_picked":["Pommel Strike","Headbutt"],"picked":"Offering","floor":13.0},{"not_picked":["Iron Wave","Havoc"],"picked":"Anger","floor":14.0},{"not_picked":["Barricade","Feed"],"picked":"Immolate","floor":16.0},{"not_picked":["Rupture+1","Twin Strike"],"picked":"Sword Boomerang","floor":18.0},{"not_picked":["Searing Blow","Carnage"],"picked":"Wild Strike","floor":20},{"not_picked":["Clothesline","Clash"],"picked":"Shrug It Off","floor":24},{"not_picked":["Shrug It Off","Sword Boomerang"],"picked":"Shockwave","floor":25}],"player_experience":1174886,"relics_obtained":[{"floor":9.0,"key":"Shuriken"},{"floor":10.0,"key":"Blue Candle"},{"floor":13.0,"key":"Thread and Needle"},{"floor":26,"key":"Dodecahedron"}],"event_choices":[{"damage_healed":0.0,"max_hp_gain":0.0,"max_hp_loss":0.0,"gold_gain":75.0,"event_name":"World of Goop","player_choice":"Gather Gold","floor":4.0,"gold_loss":0.0,"damage_taken":11.0},{"cards_removed":["Defend_R"],"damage_healed":0.0,"max_hp_gain":0.0,"max_hp_loss":0.0,"gold_gain":0.0,"event_name":"Purifier","player_choice":"Purged","floor":5.0,"gold_loss":0.0,"damage_taken":0.0},{"cards_removed":["Strike_R"],"damage_healed":0.0,"max_hp_gain":0.0,"max_hp_loss":0.0,"gold_gain":0.0,"event_name":"Beggar","player_choice":"Gave Gold","floor":19.0,"gold_loss":75.0,"damage_taken":0.0},{"damage_healed":0,"gold_gain":0,"player_choice":"Inject Mutagens","damage_taken":0,"relics_obtained":["MutagenicStrength"],"max_hp_gain":0,"max_hp_loss":0,"event_name":"Drug Dealer","floor":21,"gold_loss":0},{"damage_healed":0,"gold_gain":0,"player_choice":"Opened","damage_taken":0,"relics_obtained":["Mummified Hand"],"max_hp_gain":0,"max_hp_loss":0,"event_name":"The Mausoleum","floor":22,"gold_loss":0,"cards_obtained":["Writhe"]}],"is_beta":true,"boss_relics":[{"not_picked":["Astrolabe","Eternal Feather"],"picked":"Philosopher\u0027s Stone"}],"items_purged_floors":[],"is_endless":false,"potions_floor_spawned":[1,3,16,18,25],"killed_by":"Book of Stabbing","ascension_level":20}