{"gold_per_floor":[111,35,51,51,51,77,89,128,208,237,249,261,299,331,343,432,444,476,507,519,547,572,584,596,621,633,645,675,703,502,74,74,148,148,163,163,176,20,295,295,328,347,347,21,33,33,84,84],"floor_reached":48,"playtime":1847,"items_purged":["Multi-Cast","Regret"],"score":1160,"play_id":"701aefa8-3425-47e8-b18e-43e9c1481d86","local_time":"20190314132012","is_ascension_mode":true,"campfire_choices":[{"data":"Zap","floor":7,"key":"SMITH"},{"data":"Streamline","floor":11,"key":"SMITH"},{"data":"Dualcast","floor":15,"key":"SMITH"},{"floor":23,"key":"REST"},{"floor":27,"key":"REST"},{"floor":32,"key":"REST"},{"data":"Defragment","floor":40,"key":"SMITH"},{"data":"Defragment","floor":46,"key":"SMITH"}],"neow_cost":"NONE","seed_source_timestamp":12430939634453,"circlet_count":0,"master_deck":["AscendersBane","Zap+1","Dualcast+1","Cold Snap","FTL","Fission+1","Core Surge","Steam","Streamline+1","Auto Shields","Stack","Echo Form","Lockon","Echo Form","Streamline","Electrodynamics","Force Field","Defragment+1","Conserve Battery","Conserve Battery","Defragment+1","BootSequence","Fission","Go for the Eyes","Double Energy+1","Cold Snap","White Noise","Self Repair","Hello World","Stack","Buffer","Rebound+1","Writhe","Force Field","Discovery","Hologram","White Noise","Hologram","Self Repair+1"],"relics":["Cracked Core","NeowsBlessing","War Paint","MawBank","Mercury Hourglass","Ornamental Fan","Smiling Mask","Pandora\u0027s Box","Thread and Needle","Centennial Puzzle","Anchor","Coffee Dripper","Potion Belt","Gambling Chip","Strange Spoon","Happy Flower"],"potions_floor_usage":[16,16,21,21,22,41],"damage_taken":[{"damage":0,"enemies":"Cultist","floor":1,"turns":1},{"damage":0,"enemies":"2 Louse","floor":3,"turns":1},{"damage":0,"enemies":"Gremlin Nob","floor":6,"turns":1},{"damage":18,"enemies":"3 Sentries","floor":8,"turns":14},{"damage":0,"enemies":"Jaw Worm","floor":10,"turns":2},{"damage":17,"enemies":"Lagavulin","floor":13,"turns":5},{"damage":4,"enemies":"Large Slime","floor":14,"turns":3},{"damage":18,"enemies":"Slime Boss","floor":16,"turns":9},{"damage":2,"enemies":"Chosen","floor":18,"turns":3},{"damage":21,"enemies":"Shell Parasite","floor":19,"turns":3},{"damage":2,"enemies":"Cultist and Chosen","floor":21,"turns":4},{"damage":13,"enemies":"Sentry and Sphere","floor":22,"turns":5},{"damage":12,"enemies":"Chosen and Byrds","floor":25,"turns":5},{"damage":20,"enemies":"Snake Plant","floor":28,"turns":5},{"damage":15,"enemies":"Snecko","floor":29,"turns":7},{"damage":0,"enemies":"Champ","floor":33,"turns":15},{"damage":16,"enemies":"3 Darklings","floor":35,"turns":6},{"damage":0,"enemies":"Orb Walker","floor":37,"turns":4},{"damage":21,"enemies":"Nemesis","floor":41,"turns":11},{"damage":5,"enemies":"Transient","floor":42,"turns":6},{"damage":9,"enemies":"Spire Growth","floor":45,"turns":7},{"damage":73,"enemies":"Reptomancer","floor":48,"turns":2}],"seed_played":"2028774655400895678","potions_obtained":[{"floor":3,"key":"Fire Potion"},{"floor":13,"key":"Regen Potion"},{"floor":14,"key":"SkillPotion"},{"floor":18,"key":"Explosive Potion"},{"floor":19,"key":"EssenceOfSteel"},{"floor":21,"key":"SkillPotion"},{"floor":35,"key":"PowerPotion"},{"floor":37,"key":"Strength Potion"}],"is_trial":false,"path_per_floor":["M","$","M","?","?","E","R","E","T","M","R","?","E","M","R","B",null,"M","M","?","M","M","R","?","M","T","R","M","M","$","$","R","B",null,"M","?","M","$","?","R","E","M","T","$","M","R","T","E"],"character_chosen":"DEFECT","items_purchased":["FTL","White Noise","Self Repair","Hello World","Centennial Puzzle","Anchor","Stack","Discovery","Hologram","Strange Spoon","Hologram"],"campfire_rested":3,"item_purchase_floors":[2,30,30,31,31,31,31,38,38,44,44],"current_hp_per_floor":[64,64,64,57,57,57,57,39,39,39,39,62,45,41,41,38,63,61,40,40,38,25,46,46,34,34,55,35,20,20,20,41,48,65,56,70,70,70,70,70,63,58,58,58,56,56,56,0],"gold":84,"neow_bonus":"THREE_ENEMY_KILL","is_prod":false,"is_daily":false,"chose_seed":false,"campfire_upgraded":5,"win_rate":0,"timestamp":1552594812,"path_taken":["M","?","M","?","?","E","R","E","T","?","R","?","E","M","R","BOSS","M","M","?","?","M","R","?","M","T","R","M","M","?","$","R","BOSS","M","?","M","$","?","R","E","M","T","$","?","R","?","E"],"build_version":"2019-02-06","purchased_purges":2,"victory":false,"max_hp_per_floor":[71,71,71,71,71,71,71,71,71,71,71,71,71,71,71,71,71,71,71,71,71,71,71,71,71,71,71,71,71,71,71,71,71,71,71,71,71,71,71,71,71,71,71,71,71,71,71,71],"card_choices":[{"not_picked":["Self Repair","Gash"],"picked":"Cold Snap","floor":1},{"not_picked":["Leap","Go for the Eyes"],"picked":"Fission","floor":3},{"not_picked":["White Noise","Sweeping Beam"],"picked":"Core Surge","floor":6},{"not_picked":["Go for the Eyes","Redo"],"picked":"Steam","floor":8},{"not_picked":["Gash","Doom and Gloom"],"picked":"Streamline","floor":10},{"not_picked":["Coolheaded","Darkness"],"picked":"Auto Shields","floor":13},{"not_picked":["Reprogram","Leap"],"picked":"Stack","floor":14},{"not_picked":["Reboot","Fission"],"picked":"Echo Form","floor":16},{"not_picked":["Stack","Doom and Gloom"],"picked":"Conserve Battery","floor":18},{"not_picked":["Recycle","Coolheaded"],"picked":"Conserve Battery","floor":19},{"not_picked":["Turbo","Hologram"],"picked":"BootSequence","floor":21},{"not_picked":["Stack","Go for the Eyes"],"picked":"Fission","floor":22},{"not_picked":["Scrape","Rip and Tear"],"picked":"Go for the Eyes","floor":25},{"not_picked":["Redo","FTL"],"picked":"Double Energy+1","floor":28},{"not_picked":["Redo","Doom and Gloom"],"picked":"Cold Snap","floor":29},{"not_picked":["Meteor Strike","Echo Form"],"picked":"Buffer","floor":33},{"not_picked":["Beam Cell","Fusion+1"],"picked":"Rebound+1","floor":35},{"not_picked":["Heatsinks","Rebound"],"picked":"Force Field","floor":37},{"not_picked":["Beam Cell","Steam","Rebound"],"picked":"SKIP","floor":41},{"not_picked":["Steam","Beam Cell+1"],"picked":"White Noise","floor":42},{"not_picked":["Stack","Turbo"],"picked":"Self Repair+1","floor":45}],"player_experience":1290637,"relics_obtained":[{"floor":6,"key":"MawBank"},{"floor":8,"key":"Mercury Hourglass"},{"floor":9,"key":"Ornamental Fan"},{"floor":13,"key":"Smiling Mask"},{"floor":26,"key":"Thread and Needle"},{"floor":41,"key":"Potion Belt"},{"floor":43,"key":"Gambling Chip"},{"floor":47,"key":"Happy Flower"}],"event_choices":[{"cards_removed":["Strike_B"],"damage_healed":0,"gold_gain":0,"player_choice":"Card Removal","damage_taken":7,"max_hp_gain":0,"max_hp_loss":0,"event_name":"Golden Wing","floor":4,"gold_loss":0},{"damage_healed":0,"gold_gain":0,"player_choice":"Gave Potion","damage_taken":0,"relics_obtained":["War Paint"],"max_hp_gain":0,"max_hp_loss":0,"event_name":"WeMeetAgain","floor":5,"gold_loss":0},{"damage_healed":23,"gold_gain":0,"player_choice":"Banana","damage_taken":0,"max_hp_gain":0,"max_hp_loss":0,"event_name":"Big Fish","floor":12,"gold_loss":0},{"damage_healed":0,"gold_gain":0,"player_choice":"Copied","damage_taken":0,"max_hp_gain":0,"max_hp_loss":0,"event_name":"Duplicator","floor":20,"gold_loss":0,"cards_obtained":["Defragment"]},{"damage_healed":0,"gold_gain":0,"player_choice":"Ignored","damage_taken":0,"max_hp_gain":0,"max_hp_loss":0,"event_name":"Vampires","floor":24,"gold_loss":0},{"damage_healed":14,"gold_gain":0,"player_choice":"Writhe","damage_taken":0,"max_hp_gain":0,"max_hp_loss":0,"event_name":"Winding Halls","floor":36,"gold_loss":0,"cards_obtained":["Writhe"]},{"damage_healed":0,"gold_gain":275,"player_choice":"Desecrate","damage_taken":0,"max_hp_gain":0,"max_hp_loss":0,"event_name":"Golden Shrine","floor":39,"gold_loss":0,"cards_obtained":["Regret"]}],"is_beta":true,"boss_relics":[{"not_picked":["Black Star","Eternal Feather"],"picked":"Pandora\u0027s Box"},{"not_picked":["Orrery","Runic Pyramid"],"picked":"Coffee Dripper"}],"items_purged_floors":[30,44],"is_endless":false,"potions_floor_spawned":[3,13,14,18,19,21,35,37],"killed_by":"Reptomancer","ascension_level":20}