{"gold_per_floor":[119,119,119,34,34,75,94,129,129,129,129],"floor_reached":11,"playtime":192,"items_purged":[],"score":208,"play_id":"fe671179-3131-4a38-97fa-db7328456073","local_time":"20190218162055","is_ascension_mode":true,"campfire_choices":[{"data":"True Grit","floor":10,"key":"SMITH"}],"neow_cost":"NONE","seed_source_timestamp":5611858454687,"circlet_count":0,"master_deck":["AscendersBane","Strike_R","Strike_R","Strike_R","Strike_R","Strike_R","Defend_R","Defend_R","Defend_R","Defend_R","Bash+1","Clash","Dual Wield","True Grit+1","Sever Soul","Shrug It Off"],"relics":["Burning Blood","NeowsBlessing","Golden Idol","Champion Belt","Ice Cream","Meat on the Bone"],"potions_floor_usage":[8],"damage_taken":[{"damage":0,"enemies":"Jaw Worm","floor":1,"turns":1},{"damage":0,"enemies":"Lagavulin","floor":6,"turns":1},{"damage":0,"enemies":"Small Slimes","floor":7,"turns":1},{"damage":53,"enemies":"3 Sentries","floor":8,"turns":13},{"damage":29,"enemies":"Gremlin Nob","floor":11,"turns":3}],"seed_played":"4537870313028975550","potions_obtained":[{"floor":6,"key":"Dexterity Potion"}],"is_trial":false,"path_per_floor":["M","?","?","$","?","E","M","E","T","R","E"],"character_chosen":"IRONCLAD","items_purchased":["Dual Wield"],"campfire_rested":0,"item_purchase_floors":[4],"current_hp_per_floor":[74,74,79,79,72,72,72,25,25,25,0],"gold":129,"neow_bonus":"THREE_ENEMY_KILL","is_prod":false,"is_daily":false,"chose_seed":false,"campfire_upgraded":1,"win_rate":0,"timestamp":1550535655,"path_taken":["M","?","?","$","?","E","M","E","T","R","E"],"build_version":"2019-02-06","purchased_purges":0,"victory":false,"max_hp_per_floor":[75,75,80,80,72,72,72,72,72,72,72],"card_choices":[{"not_picked":["Rupture","Corruption"],"picked":"Clash","floor":1},{"not_picked":["Fire Breathing","Flex"],"picked":"True Grit","floor":6},{"not_picked":["Iron Wave","Rupture"],"picked":"Sever Soul","floor":7},{"not_picked":["Warcry","Iron Wave"],"picked":"Shrug It Off","floor":8}],"player_experience":1169497,"relics_obtained":[{"floor":6,"key":"Champion Belt"},{"floor":8,"key":"Ice Cream"},{"floor":9,"key":"Meat on the Bone"}],"event_choices":[{"damage_healed":0,"gold_gain":0,"player_choice":"Grow","damage_taken":0,"max_hp_gain":0,"max_hp_loss":0,"event_name":"Living Wall","floor":2,"gold_loss":0,"cards_upgraded":["Bash"]},{"damage_healed":0,"gold_gain":0,"player_choice":"Donut","damage_taken":0,"max_hp_gain":5,"max_hp_loss":0,"event_name":"Big Fish","floor":3,"gold_loss":0},{"damage_healed":0,"gold_gain":0,"player_choice":"Lose Max HP","damage_taken":0,"relics_obtained":["Golden Idol"],"max_hp_gain":0,"max_hp_loss":8,"event_name":"Golden Idol","floor":5,"gold_loss":0}],"is_beta":true,"boss_relics":[],"items_purged_floors":[],"is_endless":false,"potions_floor_spawned":[6],"killed_by":"Gremlin Nob","ascension_level":20}