{"gold_per_floor":[109,124,199,213,38,38,38,38,86,99,131,149,18,18,18,92,92,107,121,171,151,151],"floor_reached":22,"playtime":626,"items_purged":["Strike_B"],"score":359,"play_id":"26ab536f-25ed-45a5-852b-b6515b14fa86","local_time":"20190824183640","is_ascension_mode":true,"campfire_choices":[{"data":"Defragment","floor":6,"key":"SMITH"},{"data":"Zap","floor":8,"key":"SMITH"},{"data":"Core Surge","floor":15,"key":"SMITH"}],"neow_cost":"TEN_PERCENT_HP_LOSS","seed_source_timestamp":367969220939600,"circlet_count":0,"master_deck":["AscendersBane","Strike_B","Defend_B","Defend_B","Defend_B","Zap+1","Dualcast","Electrodynamics","Auto Shields","Defragment+1","Stack","Core Surge+1","Loop","Beam Cell","Coolheaded","Biased Cognition","Melter+1","Undo+1","Buffer+1"],"relics":["Cracked Core","Orichalcum","Boot","Astrolabe"],"potions_floor_usage":[11,16],"damage_taken":[{"damage":8,"enemies":"2 Louse","floor":1,"turns":2},{"damage":5,"enemies":"Small Slimes","floor":2,"turns":2},{"damage":7,"enemies":"Jaw Worm","floor":4,"turns":4},{"damage":1,"enemies":"Looter","floor":10,"turns":3},{"damage":18,"enemies":"Lagavulin","floor":11,"turns":6},{"damage":2,"enemies":"Blue Slaver","floor":12,"turns":2},{"damage":13,"enemies":"Hexaghost","floor":16,"turns":9},{"damage":23,"enemies":"3 Byrds","floor":18,"turns":3},{"damage":13,"enemies":"Shell Parasite","floor":19,"turns":4},{"damage":18,"enemies":"Chosen and Byrds","floor":22,"turns":4}],"seed_played":"1460700056414194090","potions_obtained":[{"floor":1,"key":"Poison Potion"},{"floor":4,"key":"Poison Potion"},{"floor":21,"key":"SneckoOil"}],"is_trial":false,"path_per_floor":["M","M","?","M","$","R","?","R","T","M","E","M","$","?","R","B",null,"M","M","?","?","M"],"character_chosen":"DEFECT","items_purchased":["Core Surge","Coolheaded"],"campfire_rested":0,"item_purchase_floors":[5,13],"current_hp_per_floor":[56,51,40,33,33,33,33,33,33,32,14,12,12,17,17,4,53,30,17,17,17,0],"gold":151,"neow_bonus":"THREE_RARE_CARDS","is_prod":false,"is_daily":false,"chose_seed":false,"campfire_upgraded":3,"win_rate":0,"timestamp":1566639400,"path_taken":["M","M","?","M","$","R","?","R","T","M","E","?","$","?","R","BOSS","M","M","?","?","?"],"build_version":"2019-07-17","purchased_purges":1,"victory":false,"max_hp_per_floor":[64,64,64,64,64,64,64,64,64,64,64,64,64,69,69,69,69,69,69,69,69,69],"card_choices":[{"not_picked":["Biased Cognition","Core Surge"],"picked":"Electrodynamics","floor":0},{"not_picked":["Beam Cell","Storm"],"picked":"Auto Shields","floor":1},{"not_picked":["Storm","Stack"],"picked":"Defragment","floor":2},{"not_picked":["Fusion","Gash"],"picked":"Stack","floor":4},{"not_picked":["Rebound","Go for the Eyes"],"picked":"Loop","floor":10},{"not_picked":["Hologram","Stack","Chaos"],"picked":"SKIP","floor":11},{"not_picked":["Reprogram","Redo"],"picked":"Beam Cell","floor":12},{"not_picked":["Echo Form","Thunder Strike"],"picked":"Biased Cognition","floor":16},{"not_picked":["Conserve Battery","Compile Driver","Fusion"],"picked":"SKIP","floor":18},{"not_picked":["Streamline","Conserve Battery","Rebound"],"picked":"SKIP","floor":19}],"player_experience":229899,"relics_obtained":[{"floor":9,"key":"Orichalcum"},{"floor":11,"key":"Boot"}],"event_choices":[{"damage_healed":0,"gold_gain":75,"player_choice":"Gather Gold","damage_taken":11,"max_hp_gain":0,"max_hp_loss":0,"event_name":"World of Goop","floor":3,"gold_loss":0},{"damage_healed":0,"gold_gain":0,"player_choice":"Fled","damage_taken":0,"max_hp_gain":0,"max_hp_loss":0,"event_name":"Scrap Ooze","floor":7,"gold_loss":0},{"damage_healed":0,"gold_gain":0,"player_choice":"Donut","damage_taken":0,"max_hp_gain":5,"max_hp_loss":0,"event_name":"Big Fish","floor":14,"gold_loss":0},{"damage_healed":0,"gold_gain":50,"player_choice":"Stole From Cult","damage_taken":0,"max_hp_gain":0,"max_hp_loss":0,"event_name":"Nest","floor":20,"gold_loss":0},{"damage_healed":0,"gold_gain":0,"player_choice":"Bought 1 Potion","damage_taken":0,"max_hp_gain":0,"max_hp_loss":0,"event_name":"The Woman in Blue","floor":21,"gold_loss":0}],"is_beta":false,"boss_relics":[{"not_picked":["Orrery","Calling Bell"],"picked":"Astrolabe"}],"items_purged_floors":[13],"is_endless":false,"potions_floor_spawned":[1,4,10],"killed_by":"Chosen and Byrds","ascension_level":19}