{"gold_per_floor":[118,42,53,53,67,67,78,78,102,102,117,148,20,75,75,154,154,167,167,179,94,94,94,121,121,121,153,153,2,2,13,13,88,88,104,122,122,142,154,154,182,182,182,57,77,19,45,64,64,64,64],"floor_reached":52,"playtime":1860,"items_purged":["Strike_R","Injury","Parasite"],"score":1941,"play_id":"69b98c40-73c3-42b0-96db-f8ee9f1284ee","local_time":"20190811232317","is_ascension_mode":true,"campfire_choices":[{"data":"Bash","floor":6.0,"key":"SMITH"},{"data":"Metallicize","floor":8.0,"key":"SMITH"},{"data":"Flame Barrier","floor":10.0,"key":"SMITH"},{"data":"Whirlwind","floor":15.0,"key":"SMITH"},{"data":"Demon Form","floor":23.0,"key":"SMITH"},{"floor":25.0,"key":"REST"},{"floor":28.0,"key":"REST"},{"data":"Clothesline","floor":30.0,"key":"SMITH"},{"floor":32.0,"key":"REST"},{"floor":40.0,"key":"REST"},{"floor":49.0,"key":"REST"}],"neow_cost":"NONE","seed_source_timestamp":372295280195,"circlet_count":0,"master_deck":["AscendersBane","Strike_R","Strike_R","Strike_R","Defend_R","Defend_R","Defend_R","Bash+1","Anger","Flame Barrier+1","Anger","Metallicize+1","Shrug It Off+1","Anger","Whirlwind+1","Clothesline+1","Demon Form+1","Flame Barrier+1","Shockwave+1","Anger","True Grit+1","Reaper","Shrug It Off+1","Disarm+1","Battle Trance+1","Heavy Blade","Pommel Strike","Anger+1"],"special_seed":0,"relics":["Burning Blood","Centennial Puzzle","Boot","Pen Nib","Tiny Chest","Cursed Key","Lantern","Mummified Hand","Toxic Egg 2","Red Skull","Fusion Hammer","Gremlin Horn","Potion Belt","Nunchaku"],"potions_floor_usage":[],"damage_taken":[{"damage":6.0,"enemies":"Cultist","floor":1.0,"turns":3.0},{"damage":0.0,"enemies":"2 Louse","floor":3.0,"turns":3.0},{"damage":0.0,"enemies":"Small Slimes","floor":5.0,"turns":3.0},{"damage":6.0,"enemies":"Red Slaver","floor":7.0,"turns":4.0},{"damage":4.0,"enemies":"3 Louse","floor":11.0,"turns":4.0},{"damage":8.0,"enemies":"Gremlin Nob","floor":12.0,"turns":3.0},{"damage":19.0,"enemies":"Lagavulin","floor":14.0,"turns":5.0},{"damage":48.0,"enemies":"Slime Boss","floor":16.0,"turns":11.0},{"damage":10.0,"enemies":"2 Thieves","floor":18.0,"turns":5.0},{"damage":6.0,"enemies":"Spheric Guardian","floor":20.0,"turns":3.0},{"damage":25.0,"enemies":"Slavers","floor":24.0,"turns":3.0},{"damage":36.0,"enemies":"Gremlin Leader","floor":27.0,"turns":5.0},{"damage":15.0,"enemies":"Snake Plant","floor":31.0,"turns":4.0},{"damage":41.0,"enemies":"Automaton","floor":33.0,"turns":10.0},{"damage":3.0,"enemies":"3 Shapes","floor":35.0,"turns":7.0},{"damage":12.0,"enemies":"Orb Walker","floor":36.0,"turns":6.0},{"damage":23.0,"enemies":"Writhing Mass","floor":38.0,"turns":8.0},{"damage":13.0,"enemies":"Jaw Worm Horde","floor":39.0,"turns":3.0},{"damage":55.0,"enemies":"Reptomancer","floor":41.0,"turns":8.0},{"damage":23.0,"enemies":"Spire Growth","floor":45.0,"turns":5.0},{"damage":4.0,"enemies":"Nemesis","floor":47.0,"turns":10.0},{"damage":18.0,"enemies":"Transient","floor":48.0,"turns":6.0},{"damage":70.0,"enemies":"Time Eater","floor":50.0,"turns":12.0},{"damage":79,"enemies":"Donu and Deca","floor":51,"turns":7}],"seed_played":"6964537535816600470","potions_obtained":[{"floor":5.0,"key":"GamblersBrew"},{"floor":11.0,"key":"FearPotion"},{"floor":14.0,"key":"Weak Potion"},{"floor":16.0,"key":"AttackPotion"},{"floor":24.0,"key":"Dexterity Potion"},{"floor":31.0,"key":"SteroidPotion"},{"floor":38.0,"key":"Block Potion"},{"floor":45.0,"key":"FearPotion"},{"floor":47.0,"key":"Swift Potion"}],"is_trial":false,"path_per_floor":["M","$","M","?","M","R","M","R","T","R","M","E","$","E","R","B",null,"M","?","M","?","?","R","E","R","T","E","R","$","R","M","R","B",null,"M","M","?","M","M","R","E","?","T","$","M","$","E","M","R","B","B",null],"character_chosen":"IRONCLAD","items_purchased":["Flame Barrier","Clothesline","Anger","Pommel Strike"],"campfire_rested":5,"item_purchase_floors":[2,13,29,46],"current_hp_per_floor":[68,68,74,79,80,80,80,80,80,80,80,78,78,65,65,23,66,62,62,62,62,62,62,43,67,67,37,61,61,61,52,76,41,70,73,67,67,72,65,80,80,80,80,77,77,77,77,71,77,55,10],"gold":64,"neow_bonus":"RANDOM_COMMON_RELIC","is_prod":false,"is_daily":false,"chose_seed":false,"campfire_upgraded":6,"win_rate":0,"timestamp":1565590997,"path_taken":["M","?","M","?","M","R","M","R","T","R","M","E","$","E","R","BOSS","M","?","?","?","?","R","E","R","T","E","R","$","R","M","R","BOSS","M","M","?","M","?","R","E","?","T","$","M","?","E","M","R","BOSS","BOSS"],"build_version":"2019-07-18","purchased_purges":3,"victory":true,"max_hp_per_floor":[75,75,75,80,80,80,80,80,80,80,80,80,80,80,80,80,80,80,80,80,80,80,80,80,80,80,80,80,80,80,80,80,80,80,80,80,80,80,80,80,80,80,80,77,77,77,77,77,77,77,77],"card_choices":[{"not_picked":["Wild Strike","Iron Wave"],"picked":"Anger","floor":1.0},{"not_picked":["Twin Strike","Wild Strike"],"picked":"Anger","floor":3.0},{"not_picked":["Clothesline","Spot Weakness"],"picked":"Metallicize","floor":5.0},{"not_picked":["Clash","Ghostly Armor"],"picked":"Shrug It Off","floor":7.0},{"not_picked":["Wild Strike","Twin Strike"],"picked":"Anger","floor":11.0},{"not_picked":["Ghostly Armor","Sentinel"],"picked":"Whirlwind","floor":12.0},{"not_picked":["Bludgeon","Dark Embrace"],"picked":"Demon Form","floor":16.0},{"not_picked":["Second Wind","Rage"],"picked":"Flame Barrier+1","floor":18.0},{"not_picked":["Sentinel","Infernal Blade","Second Wind"],"picked":"SKIP","floor":20.0},{"not_picked":["Sword Boomerang","Flex","Seeing Red"],"picked":"SKIP","floor":24.0},{"not_picked":["Burning Pact+1","Pommel Strike"],"picked":"Shockwave+1","floor":27.0},{"not_picked":["Corruption","Pummel"],"picked":"True Grit+1","floor":31.0},{"not_picked":["Fiend Fire","Double Tap+1"],"picked":"Reaper","floor":33.0},{"not_picked":["Entrench+1","Headbutt"],"picked":"Shrug It Off+1","floor":35.0},{"not_picked":["Wild Strike+1","Body Slam","Twin Strike"],"picked":"SKIP","floor":36.0},{"not_picked":["Hemokinesis","Evolve"],"picked":"Disarm+1","floor":38.0},{"not_picked":["Entrench+1","Fire Breathing"],"picked":"Battle Trance+1","floor":39.0},{"not_picked":["Sentinel+1","Sever Soul","Spot Weakness+1"],"picked":"SKIP","floor":41.0},{"not_picked":["Dropkick","Pommel Strike"],"picked":"Heavy Blade","floor":45.0},{"not_picked":["Iron Wave","Berserk","Infernal Blade+1"],"picked":"SKIP","floor":47.0},{"not_picked":["Rage+1","Inflame"],"picked":"Anger+1","floor":48.0}],"player_experience":1398821,"relics_obtained":[{"floor":9.0,"key":"Boot"},{"floor":12.0,"key":"Pen Nib"},{"floor":14.0,"key":"Tiny Chest"},{"floor":24.0,"key":"Mummified Hand"},{"floor":26.0,"key":"Toxic Egg 2"},{"floor":27.0,"key":"Red Skull"},{"floor":41.0,"key":"Gremlin Horn"},{"floor":43.0,"key":"Potion Belt"},{"floor":47.0,"key":"Nunchaku"}],"event_choices":[{"damage_healed":0.0,"max_hp_gain":5.0,"max_hp_loss":0.0,"gold_gain":0.0,"event_name":"Big Fish","player_choice":"Donut","floor":4.0,"gold_loss":0.0,"damage_taken":0.0},{"cards_removed":["Strike_R"],"damage_healed":0.0,"max_hp_gain":0.0,"max_hp_loss":0.0,"gold_gain":0.0,"event_name":"Bonfire Elementals","player_choice":"Offered Basic","floor":19.0,"gold_loss":0.0,"damage_taken":0.0},{"damage_healed":0.0,"max_hp_gain":0.0,"max_hp_loss":0.0,"gold_gain":0.0,"event_name":"Addict","player_choice":"Obtained Relic","floor":21.0,"gold_loss":85.0,"damage_taken":0.0,"relics_obtained":["Lantern"]},{"damage_healed":0.0,"max_hp_gain":0.0,"max_hp_loss":0.0,"gold_gain":0.0,"event_name":"Ghosts","player_choice":"Ignored","floor":22.0,"gold_loss":0.0,"damage_taken":0.0},{"damage_healed":0.0,"max_hp_gain":0.0,"max_hp_loss":0.0,"gold_gain":0.0,"event_name":"Accursed Blacksmith","player_choice":"Forge","floor":37.0,"gold_loss":0.0,"damage_taken":0.0,"cards_upgraded":["Shrug It Off"]},{"cards_removed":["Defend_R"],"damage_healed":0.0,"max_hp_gain":0.0,"max_hp_loss":0.0,"gold_gain":0.0,"event_name":"Falling","player_choice":"Removed Skill","floor":42.0,"gold_loss":0.0,"damage_taken":0.0}],"is_beta":true,"boss_relics":[{"not_picked":["Velvet Choker","Snecko Eye"],"picked":"Cursed Key"},{"not_picked":["Pandora\u0027s Box","Black Blood"],"picked":"Fusion Hammer"}],"items_purged_floors":[13,29,44],"is_endless":false,"potions_floor_spawned":[5,11,14,16,24,31,38,45,47],"ascension_level":20}