{"gold_per_floor":[110,127,146,146,127,157,157,157,184,197,214,229,229,244,244,345,345,363,393,26,26,36,36,63,75,100,100,110,110,110,127,127,127],"floor_reached":33,"playtime":2182,"items_purged":["Strike_R"],"score":321,"play_id":"76a4584e-75a8-4df5-b872-c865f8376e32","local_time":"20180928172922","is_ascension_mode":false,"campfire_choices":[{"data":"Inflame","floor":7,"key":"SMITH"},{"floor":13,"key":"REST"},{"data":"Shrug It Off","floor":15,"key":"SMITH"},{"data":"Clothesline","floor":23,"key":"SMITH"},{"floor":27,"key":"REST"},{"floor":30,"key":"REST"},{"floor":32,"key":"REST"}],"neow_cost":"NONE","seed_source_timestamp":0,"circlet_count":0,"master_deck":["Strike_R","Strike_R","Strike_R","Strike_R","Defend_R","Defend_R+1","Defend_R+1","Defend_R","Bash","Inflame+1","Offering+1","Shrug It Off+1","Sword Boomerang","Sword Boomerang","Sword Boomerang","Power Through","Exhume","Clothesline+1","Evolve","Spot Weakness+1","Havoc","Shockwave"],"special_seed":0,"relics":["Burning Blood","Happy Flower","PreservedInsect","War Paint","Black Star","Red Mask","Pen Nib","Juzu Bracelet","Art of War","Omamori","Potion Belt"],"potions_floor_usage":[6,11,16,24,24,25,33],"damage_taken":[{"damage":5.0,"enemies":"Jaw Worm","floor":1.0,"turns":4.0},{"damage":0,"enemies":"2 Louse","floor":2,"turns":4},{"damage":5,"enemies":"Small Slimes","floor":3,"turns":4},{"damage":23,"enemies":"Exordium Thugs","floor":5,"turns":4},{"damage":17,"enemies":"3 Sentries","floor":6,"turns":8},{"damage":7,"enemies":"2 Fungi Beasts","floor":10,"turns":3},{"damage":12,"enemies":"Looter","floor":11,"turns":3},{"damage":22,"enemies":"Lots of Slimes","floor":12,"turns":4},{"damage":24,"enemies":"3 Louse","floor":14,"turns":2},{"damage":0,"enemies":"Slime Boss","floor":16,"turns":3},{"damage":23,"enemies":"2 Thieves","floor":18,"turns":4},{"damage":18,"enemies":"Masked Bandits","floor":19,"turns":3},{"damage":8,"enemies":"Spheric Guardian","floor":22,"turns":3},{"damage":38,"enemies":"Slavers","floor":24,"turns":5},{"damage":22,"enemies":"3 Cultists","floor":25,"turns":5},{"damage":6,"enemies":"Shelled Parasite and Fungi","floor":28,"turns":3},{"damage":20,"enemies":"Sentry and Sphere","floor":31,"turns":4},{"damage":92,"enemies":"Collector","floor":33,"turns":7}],"seed_played":"-5630452686389301561","potions_obtained":[{"floor":2,"key":"PowerPotion"},{"floor":5,"key":"PowerPotion"},{"floor":6,"key":"LiquidBronze"},{"floor":11,"key":"Fruit Juice"},{"floor":12,"key":"EssenceOfSteel"},{"floor":19,"key":"Swift Potion"},{"floor":24,"key":"Explosive Potion"}],"is_trial":false,"path_per_floor":["M","M","M","?","M","E","R","?","T","M","M","M","R","M","R","B",null,"M","?","$","?","M","R","E","M","T","R","M","?","R","M","R"],"character_chosen":"IRONCLAD","items_purchased":["Pen Nib","Juzu Bracelet"],"campfire_rested":4,"item_purchase_floors":[20,20],"current_hp_per_floor":[80,80,80,85,68,57,57,57,57,56,55,39,66,48,48,54,90,73,61,61,61,59,59,27,11,11,38,38,38,65,51,78,0],"gold":127,"neow_bonus":"RANDOM_COMMON_RELIC","is_prod":false,"is_daily":false,"chose_seed":false,"campfire_upgraded":3,"win_rate":0,"timestamp":1538170162,"path_taken":["M","M","M","?","?","E","R","?","T","M","M","M","R","M","R","BOSS","M","?","$","?","M","R","E","M","T","R","M","?","R","M","R","BOSS"],"build_version":"2018-09-27","purchased_purges":1,"victory":false,"max_hp_per_floor":[80,80,80,85,85,85,85,85,85,85,90,90,90,90,90,90,90,90,90,90,90,90,90,90,90,90,90,90,90,90,90,90,90],"card_choices":[{"not_picked":["Twin Strike","Armaments"],"picked":"Inflame","floor":1.0},{"not_picked":["Warcry","Twin Strike","Havoc"],"picked":"SKIP","floor":2},{"not_picked":["Twin Strike","Flex"],"picked":"Offering","floor":3},{"not_picked":["Rage","Thunderclap"],"picked":"Shrug It Off","floor":5},{"not_picked":["Infernal Blade","Berserk"],"picked":"Sword Boomerang","floor":6},{"not_picked":["True Grit","Wild Strike","Perfected Strike"],"picked":"SKIP","floor":10},{"not_picked":["Searing Blow","Perfected Strike"],"picked":"Sword Boomerang","floor":11},{"not_picked":["Twin Strike","Thunderclap"],"picked":"Sword Boomerang","floor":12},{"not_picked":["Searing Blow","Headbutt"],"picked":"Power Through","floor":14},{"not_picked":["Feed","Offering"],"picked":"Exhume","floor":16},{"not_picked":["Sword Boomerang","Twin Strike+1","Carnage+1"],"picked":"SKIP","floor":18},{"not_picked":["Dual Wield","Clash"],"picked":"Clothesline","floor":19},{"not_picked":["Headbutt+1","Dropkick","Clothesline"],"picked":"SKIP","floor":22},{"not_picked":["Reckless Charge","Wild Strike"],"picked":"Evolve","floor":24},{"not_picked":["Body Slam","Twin Strike"],"picked":"Spot Weakness+1","floor":25},{"not_picked":["Rampage","Twin Strike"],"picked":"Havoc","floor":28},{"not_picked":["Pommel Strike+1","Sword Boomerang+1"],"picked":"Shockwave","floor":31}],"player_experience":350904,"relics_obtained":[{"floor":6,"key":"PreservedInsect"},{"floor":9,"key":"War Paint"},{"floor":19,"key":"Red Mask"},{"floor":24,"key":"Art of War"},{"floor":24,"key":"Omamori"},{"floor":26,"key":"Potion Belt"}],"event_choices":[{"event_name":"Big Fish","player_choice":"Donut","floor":4,"damage_taken":0},{"event_name":"Living Wall","player_choice":"Grow","floor":8,"damage_taken":0},{"event_name":"Masked Bandits","player_choice":"Fought Bandits","floor":19,"damage_taken":0},{"event_name":"Vampires","player_choice":"Ignored","floor":21,"damage_taken":0},{"event_name":"Forgotten Altar","player_choice":"Smashed Altar","floor":29,"damage_taken":0}],"is_beta":true,"boss_relics":[{"not_picked":["Lizard Tail","Philosopher\u0027s Stone"],"picked":"Black Star"}],"items_purged_floors":[20],"is_endless":false,"potions_floor_spawned":[2,5,6,11,12,19,24],"killed_by":"Collector","ascension_level":0}