{"gold_per_floor":[109,128,148,160,160,160,183,183,255,255,270,284,303,303,303,429,429,450,465,32,48,66,86,1,1,1,1,1,14,55,55,55,179,179,195,195,195,83,0,0,23,23,73,96,96,112,112],"floor_reached":47,"playtime":2728,"items_purged":["Strike_B"],"score":516,"play_id":"e143e73f-a86e-43f1-899e-b74454e9caa3","local_time":"20190705141432","is_ascension_mode":false,"campfire_choices":[{"floor":6,"key":"REST"},{"data":"Hello World","floor":8,"key":"SMITH"},{"data":"Madness","floor":10,"key":"SMITH"},{"data":"Zap","floor":15,"key":"SMITH"},{"floor":25,"key":"REST"},{"floor":28,"key":"REST"},{"floor":32,"key":"REST"},{"data":"Double Energy","floor":40,"key":"SMITH"},{"data":"Conserve Battery","floor":42,"key":"SMITH"},{"data":"Conserve Battery","floor":45,"key":"SMITH"}],"neow_cost":"NONE","seed_source_timestamp":347025580391441,"circlet_count":0,"master_deck":["Defend_B","Defend_B","Defend_B","Defend_B","Zap+1","Dualcast","Madness+1","BootSequence","Hello World+1","Barrage","Gash","Compile Driver","Melter+1","Cold Snap+1","Streamline+1","Rainbow","Genetic Algorithm","Sweeping Beam+1","Cold Snap+1","Conserve Battery+1","FTL+1","Reprogram","Compile Driver+1","Machine Learning","All For One+1","Ball Lightning+1","Go for the Eyes+1","Barrage+1","Conserve Battery+1","Thunder Strike+1","Glacier+1","Redo+1","Doom and Gloom+1","Defragment+1","Madness","Madness","Panache","Double Energy+1","Go for the Eyes+1","Auto Shields+1","Gash+1"],"relics":["Cracked Core","Golden Idol","Molten Egg 2","Orrery","Lantern","Torii","Darkstone Periapt","Anchor","Astrolabe","Red Mask","Boot"],"potions_floor_usage":[19,22,22,23,30,46],"damage_taken":[{"damage":5,"enemies":"2 Louse","floor":1,"turns":2},{"damage":3,"enemies":"Jaw Worm","floor":2,"turns":4},{"damage":1,"enemies":"Cultist","floor":3,"turns":3},{"damage":0,"enemies":"Looter","floor":4,"turns":3},{"damage":12,"enemies":"Exordium Thugs","floor":7,"turns":5},{"damage":2,"enemies":"Blue Slaver","floor":11,"turns":4},{"damage":6,"enemies":"Exordium Wildlife","floor":12,"turns":3},{"damage":0,"enemies":"3 Louse","floor":13,"turns":2},{"damage":0,"enemies":"Slime Boss","floor":16,"turns":7},{"damage":10,"enemies":"Shell Parasite","floor":18,"turns":4},{"damage":20,"enemies":"2 Thieves","floor":19,"turns":4},{"damage":9,"enemies":"Cultist and Chosen","floor":21,"turns":6},{"damage":7,"enemies":"3 Cultists","floor":22,"turns":4},{"damage":25,"enemies":"Snake Plant","floor":23,"turns":4},{"damage":10,"enemies":"Centurion and Healer","floor":29,"turns":5},{"damage":8,"enemies":"Book of Stabbing","floor":30,"turns":5},{"damage":8,"enemies":"Colosseum Slavers","floor":31,"turns":4},{"damage":42,"enemies":"Champ","floor":33,"turns":12},{"damage":0,"enemies":"3 Shapes","floor":35,"turns":2},{"damage":9,"enemies":"Orb Walker","floor":41,"turns":3},{"damage":1,"enemies":"Transient","floor":44,"turns":5},{"damage":35,"enemies":"3 Darklings","floor":46,"turns":5},{"damage":26,"enemies":"Jaw Worm Horde","floor":47,"turns":2}],"seed_played":"4636918352544075980","potions_obtained":[{"floor":2,"key":"AttackPotion"},{"floor":7,"key":"Poison Potion"},{"floor":11,"key":"EssenceOfSteel"},{"floor":21,"key":"Regen Potion"},{"floor":22,"key":"Swift Potion"},{"floor":35,"key":"SteroidPotion"},{"floor":41,"key":"Fruit Juice"}],"is_trial":false,"path_per_floor":["M","M","M","M","?","R","M","R","T","R","M","M","M","?","R","B",null,"M","M","$","M","M","M","?","R","T","$","R","M","E","?","R","B",null,"M","?","?","$","?","R","M","R","T","M","R","M","M"],"character_chosen":"DEFECT","items_purchased":["Lantern","Machine Learning","All For One+1","Double Energy"],"campfire_rested":4,"item_purchase_floors":[20,20,20,38],"current_hp_per_floor":[70,67,66,66,48,70,58,58,58,58,56,50,50,50,50,50,75,65,45,45,36,38,13,13,35,35,35,57,47,39,31,53,11,75,75,66,66,66,66,66,57,57,57,56,56,26,0],"gold":112,"neow_bonus":"RANDOM_COLORLESS","is_prod":false,"is_daily":false,"chose_seed":false,"campfire_upgraded":6,"win_rate":0.0,"timestamp":1562303672,"path_taken":["M","M","M","M","?","R","M","R","T","R","M","M","M","?","R","BOSS","M","M","$","M","?","M","?","R","T","?","R","M","E","?","R","BOSS","M","?","?","$","?","R","M","R","T","M","R","M","?"],"build_version":"2019-07-01","purchased_purges":1,"victory":false,"max_hp_per_floor":[75,75,75,75,75,75,75,75,75,75,75,75,75,75,75,75,75,75,75,75,75,75,75,75,75,75,75,75,75,75,75,75,75,75,75,75,75,75,75,75,75,75,75,75,75,80,80],"card_choices":[{"not_picked":["Streamline","Sweeping Beam"],"picked":"BootSequence","floor":1},{"not_picked":["Sweeping Beam","Gash"],"picked":"Hello World","floor":2},{"not_picked":["Heatsinks","Darkness"],"picked":"Barrage","floor":3},{"not_picked":["Streamline","Reinforced Body"],"picked":"Gash","floor":4},{"not_picked":["Storm","Cold Snap"],"picked":"Compile Driver","floor":7},{"not_picked":["Double Energy","Compile Driver+1"],"picked":"Melter+1","floor":11},{"not_picked":["Coolheaded","Streamline+1"],"picked":"Cold Snap+1","floor":12},{"not_picked":["Hologram","Steam"],"picked":"Streamline+1","floor":13},{"not_picked":["Creative AI","Echo Form"],"picked":"Rainbow","floor":16},{"not_picked":["Beam Cell+1","Undo"],"picked":"Genetic Algorithm","floor":17},{"not_picked":["Steam","Redo"],"picked":"Sweeping Beam+1","floor":17},{"not_picked":["Coolheaded","Sweeping Beam+1"],"picked":"Cold Snap+1","floor":17},{"not_picked":["Stack","Beam Cell+1"],"picked":"Conserve Battery","floor":17},{"not_picked":["BootSequence","Steam"],"picked":"FTL+1","floor":17},{"not_picked":["Rebound+1","Fusion"],"picked":"Reprogram","floor":18},{"not_picked":["Fusion","Streamline+1"],"picked":"Compile Driver+1","floor":19},{"not_picked":["Redo","Rainbow"],"picked":"Ball Lightning+1","floor":21},{"not_picked":["Leap","Undo"],"picked":"Go for the Eyes+1","floor":22},{"not_picked":["Chaos","Go for the Eyes+1"],"picked":"Barrage+1","floor":23},{"not_picked":["Stack","Go for the Eyes+1","Coolheaded"],"picked":"SKIP","floor":29},{"not_picked":["Ball Lightning+1","Leap"],"picked":"Conserve Battery","floor":30},{"not_picked":["Electrodynamics","Rainbow"],"picked":"Thunder Strike+1","floor":33},{"not_picked":["Stack+1","Reprogram+1"],"picked":"Defragment+1","floor":35},{"not_picked":["Deep Breath","Forethought"],"picked":"Panache","floor":37},{"not_picked":["Stack","Beam Cell+1"],"picked":"Go for the Eyes+1","floor":41},{"not_picked":["Rebound+1","Cold Snap+1"],"picked":"Auto Shields+1","floor":44},{"not_picked":["BootSequence+1","Darkness"],"picked":"Gash+1","floor":46}],"player_experience":24092,"relics_obtained":[{"floor":9,"key":"Molten Egg 2"},{"floor":26,"key":"Darkstone Periapt"},{"floor":30,"key":"Anchor"},{"floor":43,"key":"Boot"}],"event_choices":[{"damage_healed":0,"gold_gain":0,"player_choice":"Take Damage","damage_taken":18,"relics_obtained":["Golden Idol"],"max_hp_gain":0,"max_hp_loss":0,"event_name":"Golden Idol","floor":5,"gold_loss":0},{"damage_healed":0,"gold_gain":0,"player_choice":"Bought 0 Potions","damage_taken":0,"max_hp_gain":0,"max_hp_loss":0,"event_name":"The Woman in Blue","floor":14,"gold_loss":0},{"damage_healed":0,"gold_gain":0,"player_choice":"Obtained Relic","damage_taken":0,"relics_obtained":["Torii"],"max_hp_gain":0,"max_hp_loss":0,"event_name":"Addict","floor":24,"gold_loss":85},{"damage_healed":0,"gold_gain":0,"player_choice":"Fight","damage_taken":0,"max_hp_gain":0,"max_hp_loss":0,"event_name":"Colosseum","floor":31,"gold_loss":0},{"damage_healed":0,"gold_gain":0,"player_choice":"Fled From Nobs","damage_taken":0,"max_hp_gain":0,"max_hp_loss":0,"event_name":"Colosseum","floor":31,"gold_loss":0},{"damage_healed":0,"gold_gain":0,"player_choice":"Embrace Madness","damage_taken":9,"max_hp_gain":0,"max_hp_loss":0,"event_name":"Winding Halls","floor":36,"gold_loss":0,"cards_obtained":["Madness","Madness"]},{"damage_healed":0,"gold_gain":0,"player_choice":"Memory 1","damage_taken":0,"max_hp_gain":0,"max_hp_loss":0,"event_name":"SensoryStone","floor":37,"gold_loss":0},{"damage_healed":0,"gold_gain":0,"player_choice":"Paid","damage_taken":0,"relics_obtained":["Red Mask"],"max_hp_gain":0,"max_hp_loss":0,"event_name":"Tomb of Lord Red Mask","floor":39,"gold_loss":83}],"is_beta":false,"boss_relics":[{"not_picked":["Eternal Feather","Ectoplasm"],"picked":"Orrery"},{"not_picked":["Sozu","Black Star"],"picked":"Astrolabe"}],"items_purged_floors":[38],"is_endless":false,"potions_floor_spawned":[2,7,11,16,18,21,22,31,35,41],"killed_by":"Jaw Worm Horde","ascension_level":0}