{"gold_per_floor":[110,130,0,75,25,53,53,83,152,19,34,34,44,58,58,129,129,145,145,42,61,61],"floor_reached":22,"playtime":546,"items_purged":["Decay"],"score":438,"play_id":"b2eac7c0-38d3-4d96-9929-53fa08b836d6","local_time":"20190202042525","is_ascension_mode":true,"campfire_choices":[{"data":"Uppercut","floor":7.0,"key":"SMITH"},{"data":"True Grit","floor":12.0,"key":"SMITH"},{"data":"Armaments","floor":15.0,"key":"SMITH"}],"neow_cost":"NONE","seed_source_timestamp":30984687636201,"circlet_count":0,"master_deck":["AscendersBane","Strike_R","Strike_R","Strike_R","Strike_R","Strike_R","Defend_R","Defend_R","Defend_R","Defend_R","Bash","True Grit+1","Uppercut+1","Feel No Pain","Headbutt","Shrug It Off","Pommel Strike","Shockwave","Flame Barrier","Shrug It Off","Power Through","Battle Trance","Armaments+1","Double Tap","True Grit","Shrug It Off"],"special_seed":0,"relics":["Burning Blood","NeowsBlessing","Orichalcum","Happy Flower","Mercury Hourglass","Mark of Pain"],"potions_floor_usage":[22],"damage_taken":[{"damage":0.0,"enemies":"Small Slimes","floor":1.0,"turns":1.0},{"damage":0.0,"enemies":"Jaw Worm","floor":2.0,"turns":1.0},{"damage":0.0,"enemies":"Gremlin Nob","floor":6.0,"turns":1.0},{"damage":18.0,"enemies":"3 Sentries","floor":8.0,"turns":8.0},{"damage":0.0,"enemies":"Cultist","floor":11.0,"turns":3.0},{"damage":8.0,"enemies":"Red Slaver","floor":13.0,"turns":3.0},{"damage":4.0,"enemies":"Looter","floor":14.0,"turns":3.0},{"damage":26.0,"enemies":"Hexaghost","floor":16.0,"turns":11.0},{"damage":18,"enemies":"Shell Parasite","floor":18,"turns":7},{"damage":23,"enemies":"Spheric Guardian","floor":21,"turns":6},{"damage":40,"enemies":"Masked Bandits","floor":22,"turns":3}],"seed_played":"2608399168975405386","potions_obtained":[{"floor":8.0,"key":"Energy Potion"},{"floor":13.0,"key":"LiquidBronze"},{"floor":18,"key":"SteroidPotion"}],"is_trial":false,"path_per_floor":["M","M","$","?","$","E","R","E","T","$","M","R","M","M","R","B",null,"M","?","$","M","?"],"character_chosen":"IRONCLAD","items_purchased":["Feel No Pain","Headbutt","Shrug It Off","Flame Barrier","Shrug It Off","True Grit"],"campfire_rested":0,"item_purchase_floors":[3,3,5,10,10,20],"current_hp_per_floor":[74,75,75,64,64,70,70,58,58,58,64,64,62,64,64,44,67,55,55,55,38,0],"gold":61,"neow_bonus":"THREE_ENEMY_KILL","is_prod":false,"is_daily":false,"chose_seed":false,"campfire_upgraded":3,"win_rate":0,"timestamp":1549110325,"path_taken":["M","M","$","?","$","E","R","E","T","?","M","R","M","M","R","BOSS","M","?","$","M","?"],"build_version":"2019-01-23","purchased_purges":1,"victory":false,"max_hp_per_floor":[75,75,75,75,75,75,75,75,75,75,75,75,75,75,75,75,75,75,75,75,75,75],"card_choices":[{"not_picked":["Heavy Blade","Headbutt"],"picked":"True Grit","floor":1.0},{"not_picked":["Heavy Blade","Perfected Strike"],"picked":"Uppercut","floor":2.0},{"not_picked":["Seeing Red","Dark Embrace"],"picked":"Pommel Strike","floor":6.0},{"not_picked":["Bloodletting","Seeing Red"],"picked":"Shockwave","floor":8.0},{"not_picked":["Shockwave","Combust"],"picked":"Power Through","floor":11.0},{"not_picked":["Second Wind","Power Through"],"picked":"Battle Trance","floor":13.0},{"not_picked":["Havoc","Wild Strike"],"picked":"Armaments","floor":14.0},{"not_picked":["Limit Break","Brutality"],"picked":"Double Tap","floor":16.0},{"not_picked":["Sword Boomerang","Heavy Blade"],"picked":"Shrug It Off","floor":21}],"player_experience":1094598,"relics_obtained":[{"floor":6.0,"key":"Orichalcum"},{"floor":8.0,"key":"Happy Flower"},{"floor":9.0,"key":"Mercury Hourglass"}],"event_choices":[{"damage_healed":0.0,"max_hp_gain":0.0,"max_hp_loss":0.0,"gold_gain":75.0,"event_name":"World of Goop","player_choice":"Gather Gold","floor":4.0,"gold_loss":0.0,"damage_taken":11.0},{"damage_healed":0,"gold_gain":0,"player_choice":"Smashed Altar","damage_taken":0,"max_hp_gain":0,"max_hp_loss":0,"event_name":"Forgotten Altar","floor":19,"gold_loss":0,"cards_obtained":["Decay"]},{"damage_healed":0,"gold_gain":0,"player_choice":"Fought Bandits","damage_taken":0,"max_hp_gain":0,"max_hp_loss":0,"event_name":"Masked Bandits","floor":22,"gold_loss":0}],"is_beta":true,"boss_relics":[{"not_picked":["Runic Cube","Runic Dome"],"picked":"Mark of Pain"}],"items_purged_floors":[20],"is_endless":false,"potions_floor_spawned":[8,13,14,18],"killed_by":"Masked Bandits","ascension_level":20}