{"gold_per_floor":[111,121,121,46,46,81,81,113,113,113,113,153,171,45,45,144,144,167,42,62,62,262,300,100,135,135,179,199,199,324,342,342,436,436,457,114,447,461,473,473,501,513,513,541,541,553,570,16,16,16,16],"floor_reached":52,"playtime":2352,"items_purged":["Pain","Injury","Strike_B","Strike_B"],"score":2097,"play_id":"3dca4631-0ed6-47f6-8df6-9fea92716a31","local_time":"20190320173633","is_ascension_mode":true,"campfire_choices":[{"data":"Zap","floor":7.0,"key":"SMITH"},{"data":"Beam Cell","floor":11.0,"key":"SMITH"},{"data":"Fission","floor":15.0,"key":"SMITH"},{"floor":29.0,"key":"REST"},{"floor":32,"key":"REST"},{"floor":40,"key":"REST"},{"floor":49,"key":"REST"}],"neow_cost":"NONE","seed_source_timestamp":23578437581331,"circlet_count":0,"master_deck":["AscendersBane","Defend_B+1","Defend_B","Defend_B","Defend_B+1","Zap+1","Dualcast","Cold Snap","Leap","Beam Cell+1","Compile Driver","Conserve Battery","Fission+1","Compile Driver","Conserve Battery","Rainbow","Hologram","Auto Shields","Doom and Gloom","Ball Lightning+1","Barrage","Stack","Hologram","Stack","Panacea","Loop","Biased Cognition","Hello World","Sunder+1","Compile Driver+1","Electrodynamics","Ball Lightning+1","White Noise+1","Seek","Glacier","Defragment+1","Defragment+1","Stack","Coolheaded","Coolheaded","Go for the Eyes+1","Conserve Battery","Glacier+1","Cold Snap+1","Hologram","Steam Power","Undo","Hologram+1","Chill+1","Glacier+1"],"special_seed":0,"relics":["Cracked Core","NeowsBlessing","WarpedTongs","War Paint","Prayer Wheel","Meat on the Bone","Darkstone Periapt","Pen Nib","Fusion Hammer","PreservedInsect","Potion Belt","Question Card","Molten Egg 2","Mango","The Courier","Runic Dome","DollysMirror","Gremlin Horn","Bronze Scales","Ornamental Fan","Runic Capacitor","Happy Flower","Bag of Preparation","Art of War"],"potions_floor_usage":[30,33,33,35,51,51,51],"damage_taken":[{"damage":0.0,"enemies":"2 Louse","floor":1.0,"turns":1.0},{"damage":0.0,"enemies":"Cultist","floor":2.0,"turns":1.0},{"damage":0.0,"enemies":"3 Sentries","floor":6.0,"turns":1.0},{"damage":9.0,"enemies":"Lagavulin","floor":8.0,"turns":6.0},{"damage":8.0,"enemies":"3 Sentries","floor":12.0,"turns":6.0},{"damage":0.0,"enemies":"Small Slimes","floor":13.0,"turns":3.0},{"damage":31.0,"enemies":"Hexaghost","floor":16.0,"turns":11.0},{"damage":1.0,"enemies":"Shell Parasite","floor":18.0,"turns":4.0},{"damage":0.0,"enemies":"Spheric Guardian","floor":20.0,"turns":3.0},{"damage":32.0,"enemies":"Slavers","floor":23.0,"turns":4.0},{"damage":10.0,"enemies":"Gremlin Leader","floor":25.0,"turns":5.0},{"damage":19.0,"enemies":"Book of Stabbing","floor":27.0,"turns":6.0},{"damage":2.0,"enemies":"Snake Plant","floor":28.0,"turns":4.0},{"damage":14,"enemies":"Colosseum Slavers","floor":30,"turns":3},{"damage":15,"enemies":"Colosseum Nobs","floor":30,"turns":3},{"damage":0,"enemies":"Snecko","floor":31,"turns":4},{"damage":18,"enemies":"Collector","floor":33,"turns":8},{"damage":11,"enemies":"3 Darklings","floor":35,"turns":3},{"damage":0,"enemies":"Orb Walker","floor":38,"turns":4},{"damage":15,"enemies":"Spire Growth","floor":39,"turns":4},{"damage":3,"enemies":"Reptomancer","floor":41,"turns":5},{"damage":46,"enemies":"Transient","floor":42,"turns":6},{"damage":2,"enemies":"Giant Head","floor":44,"turns":9},{"damage":2,"enemies":"Sphere and 2 Shapes","floor":46,"turns":3},{"damage":0,"enemies":"Maw","floor":47,"turns":7},{"damage":21,"enemies":"Awakened One","floor":50,"turns":12},{"damage":6,"enemies":"Donu and Deca","floor":51,"turns":8}],"seed_played":"904525854285906183","potions_obtained":[{"floor":8.0,"key":"PowerPotion"},{"floor":12.0,"key":"EssenceOfSteel"},{"floor":16.0,"key":"AttackPotion"},{"floor":23.0,"key":"Explosive Potion"},{"floor":28.0,"key":"FocusPotion"},{"floor":30,"key":"Block Potion"},{"floor":31,"key":"Strength Potion"},{"floor":33,"key":"Swift Potion"},{"floor":38,"key":"SteroidPotion"},{"floor":41,"key":"Strength Potion"},{"floor":42,"key":"Energy Potion"},{"floor":46,"key":"Dexterity Potion"}],"is_trial":false,"path_per_floor":["M","M","?","$","?","E","R","E","T","?","R","E","M","$","R","B",null,"M","$","M","?","?","E","$","E","T","E","M","R","?","M","R","B",null,"M","$","?","M","M","R","E","M","T","E","?","M","M","$","R","B","B",null],"character_chosen":"DEFECT","items_purchased":["Conserve Battery","Stack","Panacea","Loop","DollysMirror","Stack","Runic Capacitor","Happy Flower","Bag of Preparation","Art of War"],"campfire_rested":4,"item_purchase_floors":[14,24,24,24,36,36,48,48,48,48],"current_hp_per_floor":[64,64,64,64,46,46,46,37,37,43,43,47,47,47,47,28,65,64,64,64,64,64,44,44,46,46,39,49,72,57,57,84,66,85,74,74,74,74,59,86,83,49,49,47,47,57,57,57,84,63,57],"gold":16,"neow_bonus":"THREE_ENEMY_KILL","is_prod":false,"is_daily":false,"chose_seed":false,"campfire_upgraded":3,"win_rate":0,"timestamp":1553128593,"path_taken":["M","M","?","?","?","E","R","E","T","?","R","E","M","$","R","BOSS","M","$","M","?","?","E","$","E","T","E","?","R","?","M","R","BOSS","M","$","?","M","M","R","E","M","T","E","?","M","M","$","R","BOSS","BOSS"],"build_version":"2019-03-15","purchased_purges":4,"victory":true,"max_hp_per_floor":[71,71,71,71,71,71,71,71,71,77,77,77,77,77,77,77,77,77,77,77,77,77,77,77,77,77,77,77,77,91,91,91,91,91,91,91,91,91,91,91,91,91,91,91,91,91,91,91,91,91,91],"card_choices":[{"not_picked":["Streamline","Rebound"],"picked":"Cold Snap","floor":1.0},{"not_picked":["Barrage","Steam"],"picked":"Leap","floor":2.0},{"not_picked":["Recycle","Melter"],"picked":"Beam Cell","floor":6.0},{"not_picked":["Leap","Hyperbeam"],"picked":"Compile Driver","floor":8.0},{"not_picked":["Leap","Streamline"],"picked":"Conserve Battery","floor":12.0},{"not_picked":["Hologram","Ball Lightning"],"picked":"Fission","floor":13.0},{"not_picked":["Barrage","Leap"],"picked":"Compile Driver","floor":13.0},{"not_picked":["Hyperbeam","Biased Cognition"],"picked":"Rainbow","floor":16.0},{"not_picked":["Ball Lightning","Stack+1"],"picked":"Hologram","floor":18.0},{"not_picked":["Steam Power","Compile Driver"],"picked":"Auto Shields","floor":18.0},{"not_picked":["Gash","Rebound"],"picked":"Doom and Gloom","floor":20.0},{"not_picked":["Self Repair","Auto Shields"],"picked":"Ball Lightning+1","floor":20.0},{"not_picked":["Steam","Rebound"],"picked":"Hologram","floor":23.0},{"not_picked":["Tempest","Rebound"],"picked":"Biased Cognition","floor":25.0},{"not_picked":["Hologram+1","Self Repair","Sweeping Beam"],"picked":"Hello World","floor":27.0},{"not_picked":["Melter+1","Conserve Battery","Beam Cell+1"],"picked":"Sunder+1","floor":28.0},{"not_picked":["Steam","Coolheaded","Turbo"],"picked":"Compile Driver+1","floor":28.0},{"not_picked":["Sweeping Beam+1","Coolheaded","Barrage+1"],"picked":"Electrodynamics","floor":30},{"not_picked":["Turbo","Redo","Scrape+1"],"picked":"Ball Lightning+1","floor":31},{"not_picked":["Aggregate","Turbo","Sunder+1"],"picked":"White Noise+1","floor":31},{"not_picked":["Amplify","All For One+1","Electrodynamics"],"picked":"Seek","floor":33},{"not_picked":["Compile Driver+1","Beam Cell+1","Conserve Battery+1"],"picked":"Glacier","floor":35},{"not_picked":["Self Repair+1","Beam Cell+1","Sweeping Beam+1"],"picked":"Defragment+1","floor":35},{"not_picked":["Barrage+1","Blizzard+1","Heatsinks+1"],"picked":"Coolheaded","floor":38},{"not_picked":["Double Energy","Rebound+1","Doom and Gloom+1"],"picked":"Coolheaded","floor":38},{"not_picked":["Meteor Strike+1","Streamline+1","Reprogram+1"],"picked":"Go for the Eyes+1","floor":39},{"not_picked":["Barrage+1","Gash+1","Darkness"],"picked":"Conserve Battery","floor":39},{"not_picked":["Melter+1","All For One+1","Loop"],"picked":"Glacier+1","floor":41},{"not_picked":["Gash+1","White Noise","Ball Lightning+1"],"picked":"Cold Snap+1","floor":42},{"not_picked":["Creative AI","Leap","Steam"],"picked":"Hologram","floor":42},{"not_picked":["Steam Power","Steam","Conserve Battery","Sweeping Beam+1"],"picked":"SKIP","floor":44},{"not_picked":["Steam","Conserve Battery","Sweeping Beam+1"],"picked":"Steam Power","floor":44},{"not_picked":["Skim","Cold Snap+1","Compile Driver+1"],"picked":"Undo","floor":46},{"not_picked":["Self Repair","Loop","Fusion+1"],"picked":"Hologram+1","floor":46},{"not_picked":["Cold Snap+1","Fusion","Rainbow"],"picked":"Chill+1","floor":47},{"not_picked":["Barrage+1","Storm","Steam"],"picked":"Glacier+1","floor":47}],"player_experience":1335147,"relics_obtained":[{"floor":6.0,"key":"Prayer Wheel"},{"floor":8.0,"key":"Meat on the Bone"},{"floor":9.0,"key":"Darkstone Periapt"},{"floor":12.0,"key":"Pen Nib"},{"floor":23.0,"key":"PreservedInsect"},{"floor":25.0,"key":"Potion Belt"},{"floor":26.0,"key":"Question Card"},{"floor":27.0,"key":"Molten Egg 2"},{"floor":30,"key":"Mango"},{"floor":30,"key":"The Courier"},{"floor":41,"key":"Gremlin Horn"},{"floor":43,"key":"Bronze Scales"},{"floor":44,"key":"Ornamental Fan"}],"event_choices":[{"damage_healed":0.0,"max_hp_gain":0.0,"max_hp_loss":0.0,"gold_gain":0.0,"event_name":"Accursed Blacksmith","player_choice":"Rummage","floor":3.0,"gold_loss":0.0,"damage_taken":0.0,"relics_obtained":["WarpedTongs"],"cards_obtained":["Pain"]},{"damage_healed":0.0,"max_hp_gain":0.0,"max_hp_loss":0.0,"gold_gain":0.0,"event_name":"Scrap Ooze","player_choice":"Success","floor":5.0,"gold_loss":0.0,"damage_taken":18.0,"relics_obtained":["War Paint"]},{"damage_healed":0.0,"max_hp_gain":0.0,"max_hp_loss":0.0,"gold_gain":0.0,"event_name":"Golden Idol","player_choice":"Take Wound","floor":10.0,"gold_loss":0.0,"damage_taken":0.0,"relics_obtained":["Golden Idol"],"cards_obtained":["Injury"]},{"damage_healed":0.0,"max_hp_gain":0.0,"max_hp_loss":0.0,"gold_gain":0.0,"cards_transformed":["Strike_B","Strike_B"],"event_name":"Drug Dealer","player_choice":"Became Test Subject","floor":21.0,"gold_loss":0.0,"damage_taken":0.0,"cards_obtained":["Barrage","Stack"]},{"damage_healed":0.0,"max_hp_gain":0.0,"max_hp_loss":0.0,"gold_gain":250.0,"event_name":"The Joust","player_choice":"Bet on Owner","floor":22.0,"gold_loss":50.0,"damage_taken":0.0},{"damage_healed":0,"gold_gain":0,"player_choice":"Fight","damage_taken":0,"max_hp_gain":0,"max_hp_loss":0,"event_name":"Colosseum","floor":30,"gold_loss":0},{"damage_healed":0,"gold_gain":0,"player_choice":"Fought Nobs","damage_taken":0,"max_hp_gain":0,"max_hp_loss":0,"event_name":"Colosseum","floor":30,"gold_loss":0},{"damage_healed":0,"gold_gain":333,"player_choice":"Gave Idol","damage_taken":0,"max_hp_gain":0,"max_hp_loss":0,"event_name":"The Moai Head","floor":37,"relics_lost":["Golden Idol"],"gold_loss":0},{"damage_healed":0,"gold_gain":0,"player_choice":"Ignored","damage_taken":0,"max_hp_gain":0,"max_hp_loss":0,"event_name":"Tomb of Lord Red Mask","floor":45,"gold_loss":0}],"is_beta":true,"boss_relics":[{"not_picked":["Astrolabe","Empty Cage"],"picked":"Fusion Hammer"},{"not_picked":["Orrery","Black Star"],"picked":"Runic Dome"}],"items_purged_floors":[4,14,19,36],"is_endless":false,"potions_floor_spawned":[8,12,16,23,28,30,31,33,38,41,42,46],"ascension_level":20}