{"gold_per_floor":[131,158,186,211,236,273,297,309,367,412,436,448,472,498,510,627,639,664,689,103,103,113,113,128,128,179,179,179],"floor_reached":28,"playtime":1857,"items_purged":["Strike_B"],"score":236,"play_id":"c750d89f-9b50-44bc-a811-6cf00ec6dd1e","local_time":"20190704233454","is_ascension_mode":false,"campfire_choices":[{"floor":8,"key":"REST"},{"floor":12,"key":"REST"},{"floor":15,"key":"REST"},{"data":"Transmutation","floor":23,"key":"SMITH"},{"data":"Self Repair","floor":25,"key":"SMITH"}],"neow_cost":"NONE","seed_source_timestamp":295114730478741,"circlet_count":0,"master_deck":["Strike_B","Defend_B","Defend_B","Defend_B","Defend_B","Zap","Dualcast","Reprogram","Ball Lightning","Lockon","Loop","All For One","Go for the Eyes","Steam","Buffer","Ball Lightning","Reboot","Ball Lightning+1","Transmutation+1","Dark Shackles","Self Repair+1","Scrape","Melter"],"relics":["Cracked Core","MawBank","Pear","Ancient Tea Set","Pocketwatch","Empty Cage","Membership Card","Lantern","Oddly Smooth Stone","PreservedInsect"],"potions_floor_usage":[4,10,16],"damage_taken":[{"damage":1,"enemies":"Cultist","floor":1,"turns":3},{"damage":1,"enemies":"Jaw Worm","floor":2,"turns":3},{"damage":4,"enemies":"2 Louse","floor":3,"turns":3},{"damage":11,"enemies":"Exordium Thugs","floor":4,"turns":5},{"damage":9,"enemies":"Blue Slaver","floor":5,"turns":3},{"damage":13,"enemies":"Gremlin Nob","floor":6,"turns":3},{"damage":6,"enemies":"3 Louse","floor":7,"turns":2},{"damage":21,"enemies":"Lagavulin","floor":10,"turns":5},{"damage":6,"enemies":"Large Slime","floor":11,"turns":4},{"damage":10,"enemies":"Exordium Thugs","floor":13,"turns":3},{"damage":10,"enemies":"Lots of Slimes","floor":14,"turns":3},{"damage":18,"enemies":"The Guardian","floor":16,"turns":9},{"damage":11,"enemies":"Chosen","floor":18,"turns":4},{"damage":0,"enemies":"Spheric Guardian","floor":19,"turns":4},{"damage":21,"enemies":"Snake Plant","floor":22,"turns":3},{"damage":4,"enemies":"Chosen and Byrds","floor":24,"turns":4},{"damage":72,"enemies":"Gremlin Leader","floor":28,"turns":6}],"seed_played":"8472866213188326215","potions_obtained":[{"floor":2,"key":"Weak Potion"},{"floor":6,"key":"Strength Potion"},{"floor":11,"key":"Dexterity Potion"},{"floor":13,"key":"LiquidBronze"}],"is_trial":false,"path_per_floor":["M","M","M","M","M","E","M","R","T","E","M","R","M","M","R","B",null,"M","M","$","?","M","R","M","R","T","?","E"],"character_chosen":"DEFECT","items_purchased":["Membership Card","Lantern","Oddly Smooth Stone","Transmutation","Dark Shackles","Self Repair","Scrape"],"campfire_rested":3,"item_purchase_floors":[20,20,20,20,20,20,20],"current_hp_per_floor":[74,73,69,58,49,46,40,65,65,44,38,63,53,43,68,50,85,74,74,74,74,60,60,63,63,63,63,0],"gold":179,"neow_bonus":"RANDOM_COMMON_RELIC","is_prod":false,"is_daily":false,"chose_seed":false,"campfire_upgraded":2,"win_rate":0.0,"timestamp":1562250894,"path_taken":["M","M","?","M","M","E","M","R","T","E","M","R","M","M","R","BOSS","M","M","$","?","M","R","M","R","T","?","E"],"build_version":"2019-07-01","purchased_purges":1,"victory":false,"max_hp_per_floor":[75,75,75,75,75,85,85,85,85,85,85,85,85,85,85,85,85,85,85,85,85,85,85,85,85,85,85,85],"card_choices":[{"not_picked":["Leap","Hologram","Beam Cell"],"picked":"SKIP","floor":1},{"not_picked":["Redo","Leap"],"picked":"Reprogram","floor":2},{"not_picked":["Barrage","Coolheaded"],"picked":"Ball Lightning","floor":3},{"not_picked":["Darkness","Reprogram"],"picked":"Lockon","floor":4},{"not_picked":["Hologram","Gash"],"picked":"Loop","floor":5},{"not_picked":["Leap","Darkness"],"picked":"All For One","floor":6},{"not_picked":["Rebound","Skim"],"picked":"Go for the Eyes","floor":7},{"not_picked":["Cold Snap","Barrage","Reinforced Body"],"picked":"SKIP","floor":10},{"not_picked":["Cold Snap","Heatsinks"],"picked":"Steam","floor":11},{"not_picked":["Sweeping Beam","Streamline"],"picked":"Buffer","floor":13},{"not_picked":["Leap","Steam"],"picked":"Ball Lightning","floor":14},{"not_picked":["Machine Learning","Multi-Cast"],"picked":"Reboot","floor":16},{"not_picked":["Go for the Eyes","Coolheaded"],"picked":"Ball Lightning+1","floor":18},{"not_picked":["Coolheaded","Sweeping Beam","Gash"],"picked":"SKIP","floor":19},{"not_picked":["Coolheaded","Storm"],"picked":"Melter","floor":22},{"not_picked":["Coolheaded","Streamline","Skim"],"picked":"SKIP","floor":24}],"player_experience":11808,"relics_obtained":[{"floor":6,"key":"Pear"},{"floor":9,"key":"Ancient Tea Set"},{"floor":10,"key":"Pocketwatch"},{"floor":26,"key":"PreservedInsect"}],"event_choices":[{"damage_healed":0,"gold_gain":0,"player_choice":"Ignored","damage_taken":0,"max_hp_gain":0,"max_hp_loss":0,"event_name":"Vampires","floor":21,"gold_loss":0},{"damage_healed":0,"gold_gain":0,"player_choice":"Ignored","damage_taken":0,"max_hp_gain":0,"max_hp_loss":0,"event_name":"Ghosts","floor":27,"gold_loss":0}],"is_beta":false,"boss_relics":[{"not_picked":["FrozenCore","Calling Bell"],"picked":"Empty Cage"}],"items_purged_floors":[20],"is_endless":false,"potions_floor_spawned":[2,6,11,13],"killed_by":"Gremlin Leader","ascension_level":0}