{"gold_per_floor":[111,186,186,205,18,18,18,62,62,102,102,125,125,138,138,233,233,257,257,257,66,84,84,97,113,113,132,132,0,18,18,18,18],"floor_reached":33,"playtime":749,"items_purged":["Strike_G+1"],"score":610,"play_id":"639b5f0a-3307-40e2-96bd-e9ee5ad9b5df","local_time":"20190410122218","is_ascension_mode":true,"campfire_choices":[{"data":"Apotheosis","floor":6.0,"key":"SMITH"},{"data":"Neutralize","floor":11.0,"key":"SMITH"},{"data":"Deadly Poison","floor":15.0,"key":"SMITH"},{"floor":23.0,"key":"REST"},{"floor":28.0,"key":"REST"},{"floor":32,"key":"REST"}],"neow_cost":"NONE","seed_source_timestamp":3818631405818,"circlet_count":0,"master_deck":["AscendersBane","Defend_G+1","Defend_G+1","Defend_G+1","Defend_G+1","Defend_G+1","Strike_G+1","Strike_G+1","Survivor","Neutralize+1","Deadly Poison+1","Dash","Dagger Spray","Backstab","Apotheosis+1","Catalyst","Predator","Dash","PiercingWail","Malaise","Footwork+1","Leg Sweep","Deadly Poison","Cloak And Dagger+1","Catalyst","Flying Knee+1","Escape Plan+1","Unload","Dodge and Roll"],"special_seed":0,"relics":["Ring of the Snake","NeowsBlessing","Golden Idol","Matryoshka","Smiling Mask","Sundial","Blood Vial","Runic Dome","PreservedInsect","The Courier"],"potions_floor_usage":[],"damage_taken":[{"damage":0.0,"enemies":"2 Louse","floor":1.0,"turns":1.0},{"damage":0.0,"enemies":"Jaw Worm","floor":4.0,"turns":1.0},{"damage":0.0,"enemies":"3 Sentries","floor":8.0,"turns":1.0},{"damage":0.0,"enemies":"Gremlin Nob","floor":10.0,"turns":2.0},{"damage":0.0,"enemies":"Cultist","floor":12.0,"turns":3.0},{"damage":0.0,"enemies":"Lots of Slimes","floor":14.0,"turns":4.0},{"damage":47.0,"enemies":"Slime Boss","floor":16.0,"turns":11.0},{"damage":0.0,"enemies":"Chosen","floor":18.0,"turns":5.0},{"damage":6.0,"enemies":"3 Byrds","floor":22.0,"turns":3.0},{"damage":3.0,"enemies":"Shelled Parasite and Fungi","floor":24.0,"turns":8.0},{"damage":43.0,"enemies":"3 Cultists","floor":25.0,"turns":6.0},{"damage":12.0,"enemies":"Snecko","floor":27.0,"turns":7.0},{"damage":5,"enemies":"Sentry and Sphere","floor":30,"turns":5},{"damage":43,"enemies":"Automaton","floor":33,"turns":6}],"seed_played":"6421869128307022296","potions_obtained":[{"floor":1.0,"key":"FearPotion"},{"floor":12.0,"key":"SkillPotion"},{"floor":16.0,"key":"SkillPotion"},{"floor":22.0,"key":"Poison Potion"},{"floor":25.0,"key":"SkillPotion"},{"floor":30,"key":"SmokeBomb"}],"is_trial":false,"path_per_floor":["M","?","?","M","$","R","?","E","T","E","R","M","?","M","R","B",null,"M","?","?","$","M","R","M","M","T","M","R","?","M","?","R","B"],"character_chosen":"THE_SILENT","items_purchased":["Apotheosis","Leg Sweep","Deadly Poison"],"campfire_rested":3,"item_purchase_floors":[5,21,21],"current_hp_per_floor":[59,48,48,48,48,48,48,48,48,48,48,50,47,49,49,4,46,48,48,48,48,44,60,57,16,16,6,24,24,21,21,39,0],"gold":18,"neow_bonus":"THREE_ENEMY_KILL","is_prod":false,"is_daily":false,"chose_seed":false,"campfire_upgraded":3,"win_rate":0,"timestamp":1554924138,"path_taken":["M","?","?","?","?","R","?","E","T","E","R","M","?","M","R","BOSS","M","?","?","$","M","R","M","M","T","?","R","?","M","?","R","BOSS"],"build_version":"2019-04-04","purchased_purges":1,"victory":false,"max_hp_per_floor":[66,66,66,66,66,66,60,60,60,60,60,60,60,60,60,60,60,60,60,60,60,60,60,60,60,60,60,60,60,60,60,60,60],"card_choices":[{"not_picked":["Endless Agony","Well Laid Plans"],"picked":"Deadly Poison","floor":1.0},{"not_picked":["Dagger Spray","Outmaneuver"],"picked":"Backstab","floor":4.0},{"not_picked":["PiercingWail","Deflect"],"picked":"Catalyst","floor":8.0},{"not_picked":["Acrobatics","Flying Knee"],"picked":"Predator","floor":10.0},{"not_picked":["Burst","Cloak And Dagger"],"picked":"Dash","floor":12.0},{"not_picked":["Sucker Punch","Backstab"],"picked":"PiercingWail","floor":14.0},{"not_picked":["Adrenaline","Envenom"],"picked":"Malaise","floor":16.0},{"not_picked":["Slice","Underhanded Strike+1"],"picked":"Footwork","floor":18.0},{"not_picked":["Calculated Gamble","Outmaneuver"],"picked":"Cloak And Dagger+1","floor":24.0},{"not_picked":["Tactician","Reflex+1"],"picked":"Catalyst","floor":25.0},{"not_picked":["Dagger Spray","Prepared"],"picked":"Flying Knee+1","floor":27.0},{"not_picked":["Poisoned Stab","Bullet Time"],"picked":"Escape Plan+1","floor":30}],"player_experience":1407851,"relics_obtained":[{"floor":8.0,"key":"Matryoshka"},{"floor":9.0,"key":"Smiling Mask"},{"floor":9.0,"key":"Sundial"},{"floor":10.0,"key":"Blood Vial"},{"floor":26.0,"key":"PreservedInsect"},{"floor":26.0,"key":"The Courier"}],"event_choices":[{"damage_healed":0.0,"max_hp_gain":0.0,"max_hp_loss":0.0,"gold_gain":75.0,"event_name":"World of Goop","player_choice":"Gather Gold","floor":2.0,"gold_loss":0.0,"damage_taken":11.0},{"damage_healed":0.0,"max_hp_gain":0.0,"max_hp_loss":0.0,"gold_gain":0.0,"event_name":"Match and Keep!","player_choice":"2 cards matched","floor":3.0,"gold_loss":0.0,"damage_taken":0.0,"cards_obtained":["Dash","Dagger Spray"]},{"damage_healed":0.0,"max_hp_gain":0.0,"max_hp_loss":6.0,"gold_gain":0.0,"event_name":"Golden Idol","player_choice":"Lose Max HP","floor":7.0,"gold_loss":0.0,"damage_taken":0.0,"relics_obtained":["Golden Idol"]},{"damage_healed":0.0,"max_hp_gain":0.0,"max_hp_loss":0.0,"gold_gain":0.0,"event_name":"The Woman in Blue","player_choice":"Bought 0 Potions","floor":13.0,"gold_loss":0.0,"damage_taken":0.0},{"damage_healed":0.0,"max_hp_gain":0.0,"max_hp_loss":0.0,"gold_gain":0.0,"event_name":"Back to Basics","player_choice":"Simplicity","floor":19.0,"gold_loss":0.0,"damage_taken":0.0,"cards_upgraded":["Defend_G","Defend_G","Defend_G","Defend_G","Defend_G","Strike_G","Strike_G","Strike_G","Strike_G","Strike_G"]},{"damage_healed":0.0,"max_hp_gain":0.0,"max_hp_loss":0.0,"gold_gain":0.0,"event_name":"Accursed Blacksmith","player_choice":"Forge","floor":20.0,"gold_loss":0.0,"damage_taken":0.0,"cards_upgraded":["Footwork"]},{"damage_healed":0,"gold_gain":0,"player_choice":"Paid Fearfully","damage_taken":0,"max_hp_gain":0,"max_hp_loss":0,"event_name":"Masked Bandits","floor":29,"gold_loss":132},{"damage_healed":0,"gold_gain":0,"cards_transformed":["Strike_G","Strike_G"],"player_choice":"Became Test Subject","damage_taken":0,"max_hp_gain":0,"max_hp_loss":0,"event_name":"Drug Dealer","floor":31,"gold_loss":0,"cards_obtained":["Unload","Dodge and Roll"]}],"is_beta":true,"boss_relics":[{"not_picked":["Calling Bell","Ring of the Serpent"],"picked":"Runic Dome"}],"items_purged_floors":[21],"is_endless":false,"potions_floor_spawned":[1,12,16,22,25,30],"killed_by":"Automaton","ascension_level":20}