{"gold_per_floor":[119,132,132,132,151,151,187,187,187,187,231,68,106,130,130,221,221,242,267,13,38,38,74,74,74,74,107,120,141,4,22,22,117,117,138,151,151,151,101,101,120,158,231,246,196,217,238,254,254,254],"floor_reached":50,"playtime":2979,"items_purged":["Strike_B","Injury","Electrodynamics","Dualcast"],"score":1152,"play_id":"461f6d3d-2e17-4da7-9f03-f815cf471484","local_time":"20190827181321","is_ascension_mode":true,"campfire_choices":[{"data":"Zap","floor":6.0,"key":"SMITH"},{"floor":8.0,"key":"REST"},{"data":"Core Surge","floor":10.0,"key":"SMITH"},{"floor":15.0,"key":"REST"},{"data":"Amplify","floor":25.0,"key":"SMITH"},{"data":"Thunder Strike","floor":32.0,"key":"SMITH"},{"data":"Defragment","floor":40,"key":"SMITH"},{"floor":49,"key":"REST"}],"neow_cost":"TEN_PERCENT_HP_LOSS","seed_source_timestamp":0,"circlet_count":0,"master_deck":["AscendersBane","Zap+1","Core Surge+1","Streamline","Cold Snap","Chill","Defragment+1","Conserve Battery","Glacier","Electrodynamics","Machine Learning","Amplify+1","Stack","Electrodynamics","Self Repair","BootSequence","Stack","Consume+1","Loop","Coolheaded","Glacier","Storm","Defragment+1","Thunder Strike+1","Core Surge","Aggregate+1","Tempest","Coolheaded","Defragment+1","Defragment+1","Parasite","Heatsinks","Steam Power+1","Double Energy+1"],"special_seed":0,"relics":["Cracked Core","Pear","Golden Idol","Bottled Flame","Pen Nib","Bag of Marbles","Mummified Hand","Pandora\u0027s Box","Runic Capacitor","Dodecahedron","Blue Candle","Smiling Mask","Sozu","Bag of Preparation","Gremlin Horn"],"potions_floor_usage":[36,36],"damage_taken":[{"damage":0.0,"enemies":"Small Slimes","floor":1.0,"turns":2.0},{"damage":1.0,"enemies":"Cultist","floor":2.0,"turns":3.0},{"damage":2.0,"enemies":"2 Louse","floor":5.0,"turns":2.0},{"damage":35.0,"enemies":"3 Sentries","floor":7.0,"turns":7.0},{"damage":22.0,"enemies":"Gremlin Nob","floor":11.0,"turns":5.0},{"damage":17.0,"enemies":"Lagavulin","floor":13.0,"turns":4.0},{"damage":0.0,"enemies":"Exordium Wildlife","floor":14.0,"turns":2.0},{"damage":0.0,"enemies":"The Guardian","floor":16.0,"turns":13.0},{"damage":2.0,"enemies":"2 Thieves","floor":18.0,"turns":2.0},{"damage":0.0,"enemies":"Chosen","floor":19.0,"turns":5.0},{"damage":6.0,"enemies":"Snake Plant","floor":21.0,"turns":3.0},{"damage":0.0,"enemies":"Gremlin Leader","floor":23.0,"turns":5.0},{"damage":12.0,"enemies":"Book of Stabbing","floor":27.0,"turns":4.0},{"damage":8.0,"enemies":"Chosen and Byrds","floor":28.0,"turns":4.0},{"damage":9.0,"enemies":"3 Cultists","floor":29.0,"turns":5.0},{"damage":12.0,"enemies":"Centurion and Healer","floor":31.0,"turns":3.0},{"damage":19.0,"enemies":"Champ","floor":33.0,"turns":6.0},{"damage":1.0,"enemies":"3 Shapes","floor":35.0,"turns":2.0},{"damage":8,"enemies":"3 Darklings","floor":36,"turns":4},{"damage":10,"enemies":"Spire Growth","floor":41,"turns":4},{"damage":14,"enemies":"Reptomancer","floor":42,"turns":3},{"damage":16,"enemies":"4 Shapes","floor":44,"turns":4},{"damage":0,"enemies":"Writhing Mass","floor":46,"turns":5},{"damage":24,"enemies":"Jaw Worm Horde","floor":47,"turns":3},{"damage":0,"enemies":"Maw","floor":48,"turns":3},{"damage":58,"enemies":"Awakened One","floor":50,"turns":2}],"seed_played":"7057574461683931743","potions_obtained":[{"floor":7.0,"key":"SpeedPotion"},{"floor":13.0,"key":"EntropicBrew"},{"floor":14.0,"key":"PowerPotion"},{"floor":16.0,"key":"LiquidBronze"},{"floor":19.0,"key":"Weak Potion"},{"floor":28.0,"key":"Weak Potion"},{"floor":33.0,"key":"Block Potion"}],"is_trial":false,"path_per_floor":["M","M","?","?","M","R","E","R","T","R","E","$","E","M","R","B",null,"M","M","$","M","?","E","$","R","T","E","M","M","$","M","R","B",null,"M","M","?","?","$","R","M","E","T","M","$","M","M","M","R","B"],"character_chosen":"DEFECT","items_purchased":["Defragment","Runic Capacitor","Loop","Defragment"],"campfire_rested":3,"item_purchase_floors":[12,20,20,30],"current_hp_per_floor":[64,63,55,55,53,53,18,40,40,40,18,18,1,1,23,23,61,66,73,73,67,67,74,74,74,74,69,61,59,59,47,47,42,66,65,57,57,57,57,57,54,47,47,38,38,45,28,35,56,0],"gold":254,"neow_bonus":"THREE_RARE_CARDS","is_prod":false,"is_daily":false,"chose_seed":false,"campfire_upgraded":5,"win_rate":0,"timestamp":1566954801,"path_taken":["M","M","?","?","M","R","E","R","T","R","E","$","E","M","R","BOSS","M","M","$","M","?","E","?","R","T","E","M","M","$","M","R","BOSS","M","M","?","?","?","R","M","E","T","M","$","M","M","M","R","BOSS"],"build_version":"2019-07-17","purchased_purges":4,"victory":false,"max_hp_per_floor":[64,64,74,74,74,74,74,74,74,74,74,74,74,74,74,74,74,74,74,74,74,74,74,74,74,74,74,74,74,74,74,74,74,74,74,74,74,70,70,70,70,70,70,70,70,70,70,70,70,70],"card_choices":[{"not_picked":["Buffer","Meteor Strike"],"picked":"Core Surge","floor":0.0},{"not_picked":["Go for the Eyes","Scrape"],"picked":"Streamline","floor":1.0},{"not_picked":["Stack","Barrage","Redo"],"picked":"SKIP","floor":2.0},{"not_picked":["Redo","Melter","FTL"],"picked":"SKIP","floor":5.0},{"not_picked":["Capacitor","Electrodynamics"],"picked":"Cold Snap","floor":7.0},{"not_picked":["Heatsinks","Go for the Eyes"],"picked":"Chill","floor":11.0},{"not_picked":["Creative AI","Barrage"],"picked":"Conserve Battery","floor":13.0},{"not_picked":["Blizzard","Beam Cell"],"picked":"Glacier","floor":14.0},{"not_picked":["Fission","Buffer"],"picked":"Electrodynamics","floor":16.0},{"not_picked":["Steam","BootSequence"],"picked":"Stack","floor":18.0},{"not_picked":["Scrape","Rebound"],"picked":"Consume+1","floor":19.0},{"not_picked":["Sweeping Beam","Chaos","Streamline"],"picked":"SKIP","floor":21.0},{"not_picked":["Turbo+1","Gash"],"picked":"Coolheaded","floor":23.0},{"not_picked":["Stack","Streamline"],"picked":"Glacier","floor":27.0},{"not_picked":["Hologram","Leap"],"picked":"Storm","floor":28.0},{"not_picked":["Hologram","Hello World"],"picked":"Loop","floor":29.0},{"not_picked":["Compile Driver","Sweeping Beam"],"picked":"Thunder Strike","floor":31.0},{"not_picked":["Electrodynamics","Machine Learning"],"picked":"Core Surge","floor":33.0},{"not_picked":["Redo","Beam Cell"],"picked":"Aggregate+1","floor":35},{"not_picked":["Conserve Battery+1","All For One"],"picked":"Tempest","floor":36},{"not_picked":["Reinforced Body","Chill"],"picked":"Coolheaded","floor":41},{"not_picked":["Storm","Leap"],"picked":"Defragment+1","floor":42},{"not_picked":["Beam Cell","Consume"],"picked":"Defragment+1","floor":44},{"not_picked":["Beam Cell","Barrage+1"],"picked":"Heatsinks","floor":46},{"not_picked":["Steam","Rebound"],"picked":"Steam Power+1","floor":47},{"not_picked":["Stack","Reinforced Body"],"picked":"Double Energy+1","floor":48}],"player_experience":736124,"relics_obtained":[{"floor":7.0,"key":"Bottled Flame"},{"floor":9.0,"key":"Pen Nib"},{"floor":11.0,"key":"Bag of Marbles"},{"floor":13.0,"key":"Mummified Hand"},{"floor":23.0,"key":"Dodecahedron"},{"floor":26.0,"key":"Blue Candle"},{"floor":27.0,"key":"Smiling Mask"},{"floor":42,"key":"Bag of Preparation"},{"floor":43,"key":"Gremlin Horn"}],"event_choices":[{"damage_healed":0.0,"max_hp_gain":0.0,"max_hp_loss":0.0,"gold_gain":0.0,"event_name":"Scrap Ooze","player_choice":"Success","floor":3.0,"gold_loss":0.0,"damage_taken":18.0,"relics_obtained":["Pear"]},{"damage_healed":0.0,"max_hp_gain":0.0,"max_hp_loss":0.0,"gold_gain":0.0,"event_name":"Golden Idol","player_choice":"Take Wound","floor":4.0,"gold_loss":0.0,"damage_taken":0.0,"relics_obtained":["Golden Idol"],"cards_obtained":["Injury"]},{"damage_healed":0.0,"max_hp_gain":0.0,"max_hp_loss":0.0,"gold_gain":0.0,"event_name":"Upgrade Shrine","player_choice":"Upgraded","floor":22.0,"gold_loss":0.0,"damage_taken":0.0,"cards_upgraded":["Defragment"]},{"cards_removed":["Loop"],"damage_healed":0,"gold_gain":0,"player_choice":"Removed Power","damage_taken":0,"max_hp_gain":0,"max_hp_loss":0,"event_name":"Falling","floor":37,"gold_loss":0},{"damage_healed":0,"gold_gain":0,"player_choice":"Max HP","damage_taken":0,"max_hp_gain":0,"max_hp_loss":4,"event_name":"Winding Halls","floor":38,"gold_loss":0}],"is_beta":false,"boss_relics":[{"not_picked":["Calling Bell","Empty Cage"],"picked":"Pandora\u0027s Box"},{"not_picked":["Tiny House","Velvet Choker"],"picked":"Sozu"}],"items_purged_floors":[12,30,39,45],"is_endless":false,"potions_floor_spawned":[7,13,14,16,19,28,33,35,36,44,48],"killed_by":"Awakened One","ascension_level":17}