{"gold_per_floor":[110,110,7,7,7,48,48,84,84,149,149,168,12,37,37,131,131],"floor_reached":17,"playtime":438,"items_purged":["Strike_B"],"score":326,"play_id":"b8fe2e1a-6354-469d-95c7-3a7bcc3362bb","local_time":"20190313195904","is_ascension_mode":true,"campfire_choices":[{"floor":7,"key":"REST"},{"floor":11,"key":"REST"},{"data":"Hologram","floor":15,"key":"SMITH"}],"neow_cost":"NONE","seed_source_timestamp":19889621669240,"circlet_count":0,"master_deck":["AscendersBane","Strike_B","Strike_B","Strike_B","Defend_B","Defend_B","Defend_B","Defend_B","Zap","Dualcast","Hologram+1","Hello World","Streamline","Compile Driver","Auto Shields","Fusion","Conserve Battery","Ball Lightning","Hologram","Amplify"],"relics":["Busted Crown","Golden Idol","SsserpentHead","Dodecahedron","Bottled Flame","Blue Candle"],"potions_floor_usage":[8,16],"damage_taken":[{"damage":6,"enemies":"Jaw Worm","floor":1,"turns":4},{"damage":52,"enemies":"Gremlin Nob","floor":6,"turns":5},{"damage":20,"enemies":"3 Sentries","floor":8,"turns":8},{"damage":0,"enemies":"2 Louse","floor":10,"turns":3},{"damage":0,"enemies":"Cultist","floor":12,"turns":4},{"damage":8,"enemies":"Looter","floor":14,"turns":4},{"damage":5,"enemies":"The Guardian","floor":16,"turns":13}],"seed_played":"4738081750168848453","potions_obtained":[{"floor":6,"key":"Weak Potion"},{"floor":12,"key":"SkillPotion"}],"is_trial":false,"path_per_floor":["M","?","$","?","$","E","R","E","T","M","R","M","$","M","R","B",null],"character_chosen":"DEFECT","items_purchased":["Hello World","Streamline","Ball Lightning","Hologram"],"campfire_rested":2,"item_purchase_floors":[3,3,13,13],"current_hp_per_floor":[58,58,58,58,58,6,25,5,5,5,24,24,24,16,16,11,11],"gold":131,"neow_bonus":"BOSS_RELIC","is_prod":false,"is_daily":false,"chose_seed":false,"campfire_upgraded":1,"win_rate":0,"timestamp":1552532344,"path_taken":["M","?","$","?","$","E","R","E","T","?","R","M","$","M","R","BOSS"],"build_version":"2019-02-06","purchased_purges":1,"victory":false,"max_hp_per_floor":[71,64,64,64,64,64,64,64,64,64,64,64,64,64,64,64,64],"card_choices":[{"not_picked":[],"picked":"Hologram","floor":1},{"not_picked":[],"picked":"Compile Driver","floor":6},{"not_picked":[],"picked":"Auto Shields","floor":8},{"not_picked":[],"picked":"Fusion","floor":10},{"not_picked":[],"picked":"Conserve Battery","floor":12},{"not_picked":[],"picked":"Amplify","floor":16}],"player_experience":1284382,"relics_obtained":[{"floor":6,"key":"Dodecahedron"},{"floor":8,"key":"Bottled Flame"},{"floor":9,"key":"Blue Candle"}],"event_choices":[{"damage_healed":0,"gold_gain":0,"player_choice":"Lose Max HP","damage_taken":0,"relics_obtained":["Golden Idol"],"max_hp_gain":0,"max_hp_loss":7,"event_name":"Golden Idol","floor":2,"gold_loss":0},{"damage_healed":0,"gold_gain":0,"player_choice":"Trade","damage_taken":0,"relics_obtained":["SsserpentHead"],"max_hp_gain":0,"max_hp_loss":0,"event_name":"FaceTrader","floor":4,"gold_loss":0}],"is_beta":true,"boss_relics":[],"items_purged_floors":[13],"is_endless":false,"potions_floor_spawned":[6,12],"ascension_level":20}