{"gold_per_floor":[117,117,132,32,55,55,80,80,80,105,124,224,254,267,267,343,343,359,42,42,55,1,21,21,37,60,60,95,4,29,47,47,118,118,136,1135,632,642,642,642,670,670,670,44,57,86,99,126,126,126,126],"floor_reached":52,"playtime":2232,"items_purged":["Pain","Searing Blow+1","Normality","Normality"],"score":2102,"play_id":"76e2d7f9-8350-4fe4-89d8-3c5de478293f","local_time":"20190412215548","is_ascension_mode":true,"campfire_choices":[{"data":"Bash","floor":6.0,"key":"SMITH"},{"data":"Iron Wave","floor":8.0,"key":"SMITH"},{"data":"Disarm","floor":15.0,"key":"SMITH"},{"data":"Shockwave","floor":24.0,"key":"SMITH"},{"floor":27.0,"key":"REST"},{"data":"Shockwave","floor":32.0,"key":"SMITH"},{"floor":40.0,"key":"REST"},{"floor":42.0,"key":"REST"},{"floor":49,"key":"REST"}],"neow_cost":"NONE","seed_source_timestamp":14607094850648,"circlet_count":0,"master_deck":["AscendersBane","Strike_R","Strike_R","Defend_R","Defend_R","Defend_R","Defend_R","Bash+1","Anger","Iron Wave+1","Anger","Ghostly Armor","Disarm+1","Cleave+1","Iron Wave+1","Shockwave+1","Fiend Fire+1","Flex+1","Feel No Pain+1","Clothesline+1","Shockwave+1","Disarm+1","Anger+1","Shrug It Off","Cleave+1","Rage+1","Headbutt+1","Uppercut+1","Flash of Steel+1","Flame Barrier","Clothesline+1","Immolate+1","True Grit","Thunderclap+1","Offering","Battle Trance+1","Panacea","Violence","Secret Technique","Metallicize","Barricade","Pommel Strike+1","Disarm","Mind Blast+1","Seeing Red","Entrench","Burning Pact+1"],"special_seed":0,"relics":["Burning Blood","NeowsBlessing","WarpedTongs","Happy Flower","Centennial Puzzle","Molten Egg 2","Smiling Mask","Calipers","Astrolabe","Oddly Smooth Stone","Dream Catcher","Red Mask","Pear","Sozu","Torii","Mummified Hand","Darkstone Periapt","Bottled Lightning","Pen Nib","Bag of Preparation","Art of War"],"potions_floor_usage":[],"damage_taken":[{"damage":0.0,"enemies":"Jaw Worm","floor":1.0,"turns":1.0},{"damage":0.0,"enemies":"Cultist","floor":3.0,"turns":1.0},{"damage":0.0,"enemies":"Gremlin Nob","floor":7.0,"turns":1.0},{"damage":16.0,"enemies":"Lagavulin","floor":10.0,"turns":6.0},{"damage":0.0,"enemies":"2 Louse","floor":11.0,"turns":3.0},{"damage":5.0,"enemies":"3 Sentries","floor":13.0,"turns":4.0},{"damage":13.0,"enemies":"Exordium Thugs","floor":14.0,"turns":4.0},{"damage":6.0,"enemies":"The Guardian","floor":16.0,"turns":13.0},{"damage":25.0,"enemies":"2 Thieves","floor":18.0,"turns":5.0},{"damage":4.0,"enemies":"Shell Parasite","floor":21.0,"turns":5.0},{"damage":10.0,"enemies":"Cultist and Chosen","floor":23.0,"turns":6.0},{"damage":7.0,"enemies":"3 Cultists","floor":25.0,"turns":5.0},{"damage":0.0,"enemies":"Masked Bandits","floor":28.0,"turns":2.0},{"damage":21.0,"enemies":"Gremlin Leader","floor":30.0,"turns":6.0},{"damage":3.0,"enemies":"Snecko","floor":31.0,"turns":5.0},{"damage":81.0,"enemies":"Champ","floor":33.0,"turns":18.0},{"damage":7.0,"enemies":"3 Darklings","floor":35.0,"turns":4.0},{"damage":0.0,"enemies":"Orb Walker","floor":38.0,"turns":3.0},{"damage":55.0,"enemies":"Reptomancer","floor":41.0,"turns":7.0},{"damage":7.0,"enemies":"Sphere and 2 Shapes","floor":45.0,"turns":4.0},{"damage":6.0,"enemies":"Giant Head","floor":46.0,"turns":6.0},{"damage":0.0,"enemies":"3 Darklings","floor":47.0,"turns":3.0},{"damage":20,"enemies":"Nemesis","floor":48,"turns":9},{"damage":22,"enemies":"Awakened One","floor":50,"turns":14},{"damage":24,"enemies":"Time Eater","floor":51,"turns":17}],"seed_played":"-3128707555352399456","potions_obtained":[{"floor":7.0,"key":"Swift Potion"},{"floor":11.0,"key":"Explosive Potion"},{"floor":16.0,"key":"SpeedPotion"},{"floor":21.0,"key":"Regen Potion"},{"floor":25.0,"key":"SteroidPotion"},{"floor":30.0,"key":"BloodPotion"},{"floor":31.0,"key":"Fire Potion"}],"is_trial":false,"path_per_floor":["M","?","M","$","T","R","E","R","T","E","M","?","E","M","R","B",null,"M","$","?","M","$","M","R","M","T","R","?","$","E","M","R","B",null,"M","?","$","M","?","R","E","R","T","$","M","E","M","E","R","B","B",null],"character_chosen":"IRONCLAD","items_purchased":["Anger","Oddly Smooth Stone","Clothesline+1","Shockwave","Shrug It Off","Flash of Steel+1","Thunderclap+1","Torii","Offering","Disarm","Bottled Lightning","Pen Nib","Mind Blast+1"],"campfire_rested":4,"item_purchase_floors":[4,19,19,19,22,29,37,37,37,44,44,44,44],"current_hp_per_floor":[74,74,75,75,75,75,75,75,75,65,71,71,72,65,65,65,73,54,54,54,56,56,52,52,51,51,73,75,75,70,81,81,21,69,68,68,68,74,64,85,36,61,61,61,60,60,66,52,77,61,43],"gold":126,"neow_bonus":"THREE_ENEMY_KILL","is_prod":false,"is_daily":false,"chose_seed":false,"campfire_upgraded":5,"win_rate":0,"timestamp":1555131348,"path_taken":["M","?","M","$","?","R","E","R","T","E","M","?","E","M","R","BOSS","M","$","?","?","?","M","R","M","T","R","?","$","E","M","R","BOSS","M","?","$","M","?","R","E","R","T","$","?","E","M","E","R","BOSS","BOSS"],"build_version":"2019-04-04","purchased_purges":4,"victory":true,"max_hp_per_floor":[75,75,75,75,75,75,75,75,75,75,75,75,75,75,75,75,75,75,75,75,75,75,75,75,75,75,75,75,75,85,85,85,85,85,85,85,85,85,85,85,85,85,85,85,85,85,85,85,85,85,85],"card_choices":[{"not_picked":["Pommel Strike","Heavy Blade"],"picked":"Anger","floor":1.0},{"not_picked":["Heavy Blade","Clash"],"picked":"Iron Wave","floor":3.0},{"not_picked":["Dropkick","Blood for Blood"],"picked":"Ghostly Armor","floor":7.0},{"not_picked":["Double Tap","Battle Trance"],"picked":"Disarm","floor":10.0},{"not_picked":["Burning Pact","Clash+1"],"picked":"Cleave+1","floor":11.0},{"not_picked":["Heavy Blade+1","Thunderclap+1"],"picked":"Iron Wave+1","floor":13.0},{"not_picked":["Warcry","Clothesline+1"],"picked":"Shockwave","floor":14.0},{"not_picked":["Dark Embrace","Reaper+1"],"picked":"Fiend Fire+1","floor":16.0},{"not_picked":["Cleave+1","Intimidate"],"picked":"Anger+1","floor":21.0},{"not_picked":["Shockwave","Warcry"],"picked":"Cleave+1","floor":23.0},{"not_picked":["Heavy Blade+1","Seeing Red"],"picked":"Rage+1","floor":25.0},{"not_picked":["Cleave+1","Thunderclap+1"],"picked":"Headbutt+1","floor":27.0},{"not_picked":["Flex","Wild Strike+1"],"picked":"Uppercut+1","floor":28.0},{"not_picked":["Corruption","Warcry"],"picked":"Flame Barrier","floor":30.0},{"not_picked":["Armaments","Twin Strike+1"],"picked":"Clothesline+1","floor":31.0},{"not_picked":["Limit Break","Reaper+1"],"picked":"Immolate+1","floor":33.0},{"not_picked":["Body Slam+1","Clothesline+1"],"picked":"True Grit","floor":35.0},{"not_picked":["Heavy Blade+1","Rage"],"picked":"Battle Trance+1","floor":38.0},{"not_picked":["Deep Breath","Forethought"],"picked":"Panacea","floor":39.0},{"not_picked":["Dramatic Entrance+1","Bandage Up"],"picked":"Violence","floor":39.0},{"not_picked":["Deep Breath","Madness"],"picked":"Secret Technique","floor":39.0},{"not_picked":["Hemokinesis+1","Evolve"],"picked":"Metallicize","floor":40.0},{"not_picked":["Uppercut+1","Heavy Blade+1"],"picked":"Barricade","floor":41.0},{"not_picked":["Twin Strike+1","Headbutt+1"],"picked":"Pommel Strike+1","floor":42.0},{"not_picked":["Thunderclap+1","Clothesline+1"],"picked":"Seeing Red","floor":46.0},{"not_picked":["Sword Boomerang+1","Sever Soul+1"],"picked":"Entrench","floor":47.0},{"not_picked":["Dual Wield","Clothesline+1"],"picked":"Burning Pact+1","floor":48}],"player_experience":1415577,"relics_obtained":[{"floor":5.0,"key":"Happy Flower"},{"floor":7.0,"key":"Centennial Puzzle"},{"floor":9.0,"key":"Molten Egg 2"},{"floor":10.0,"key":"Smiling Mask"},{"floor":13.0,"key":"Calipers"},{"floor":26.0,"key":"Dream Catcher"},{"floor":28.0,"key":"Red Mask"},{"floor":30.0,"key":"Pear"},{"floor":41.0,"key":"Mummified Hand"},{"floor":43.0,"key":"Darkstone Periapt"},{"floor":46.0,"key":"Bag of Preparation"},{"floor":48,"key":"Art of War"}],"event_choices":[{"damage_healed":0.0,"max_hp_gain":0.0,"max_hp_loss":0.0,"gold_gain":0.0,"event_name":"Accursed Blacksmith","player_choice":"Rummage","floor":2.0,"gold_loss":0.0,"damage_taken":0.0,"relics_obtained":["WarpedTongs"],"cards_obtained":["Pain"]},{"damage_healed":0.0,"max_hp_gain":0.0,"max_hp_loss":0.0,"gold_gain":100.0,"event_name":"Wheel of Change","player_choice":"Gold","floor":12.0,"gold_loss":0.0,"damage_taken":0.0},{"damage_healed":0.0,"max_hp_gain":0.0,"max_hp_loss":0.0,"gold_gain":0.0,"event_name":"Duplicator","player_choice":"Copied","floor":20.0,"gold_loss":0.0,"damage_taken":0.0,"cards_obtained":["Disarm"]},{"damage_healed":0.0,"max_hp_gain":0.0,"max_hp_loss":0.0,"gold_gain":0.0,"event_name":"Masked Bandits","player_choice":"Fought Bandits","floor":28.0,"gold_loss":0.0,"damage_taken":0.0},{"damage_healed":0.0,"max_hp_gain":0.0,"max_hp_loss":0.0,"gold_gain":999.0,"event_name":"MindBloom","player_choice":"Gold","floor":36.0,"gold_loss":0.0,"damage_taken":0.0,"cards_obtained":["Normality","Normality"]},{"damage_healed":0.0,"max_hp_gain":0.0,"max_hp_loss":0.0,"gold_gain":0.0,"event_name":"SensoryStone","player_choice":"Memory 3","floor":39.0,"gold_loss":0.0,"damage_taken":10.0}],"is_beta":true,"boss_relics":[{"not_picked":["Black Blood","Empty Cage"],"picked":"Astrolabe"},{"not_picked":["Busted Crown","White Beast Statue"],"picked":"Sozu"}],"items_purged_floors":[4,19,37,44],"is_endless":false,"potions_floor_spawned":[7,11,16,21,25,30,31,45,46,47],"ascension_level":20}