{"gold_per_floor":[111,38,38,53,53,85,85,115,115,131,131,0,0,11,11,82,82,65,65,78,96,114,114,133,133,210,221,221,235,19,30,30,107,107,127,137,12,24,24,24,0,13,82,82],"floor_reached":44,"playtime":3030,"items_purged":[],"score":832,"play_id":"7c1e7f1d-2ab2-46d3-9399-6724d425cce6","local_time":"20180806225158","is_ascension_mode":true,"campfire_choices":[{"data":"Hologram","floor":7.0,"key":"SMITH"},{"data":"Zap","floor":13.0,"key":"SMITH"},{"data":"Defragment","floor":15.0,"key":"SMITH"},{"data":"Loop","floor":23.0,"key":"SMITH"},{"data":"Capacitor","floor":25.0,"key":"SMITH"},{"floor":32.0,"key":"REST"},{"data":"Blizzard","floor":40,"key":"SMITH"}],"neow_cost":"NONE","seed_source_timestamp":720542877860328,"circlet_count":0,"master_deck":["Defend_B","Defend_B","Defend_B","Zap+1","Dualcast","AscendersBane","Hologram+1","All For One","Gash","FTL","Conserve Battery+1","Cold Snap","Cold Snap","Capacitor+1","Leap+1","Defragment+1","Seek+1","Loop+1","Ghostly+1","Ghostly+1","Ghostly+1","Ghostly+1","Ghostly+1","Turbo+1","Hello World","Stack+1","Coolheaded+1","Melter","Coolheaded+1","Rainbow+1","Hologram+1","Amplify+1","Beam Cell+1","Chill+1","Seek+1","Cold Snap+1","Creative AI+1","Coolheaded+1","Blizzard+1","Madness+1","Madness+1","All For One"],"special_seed":0,"relics":["Sozu","Toxic Egg 2","Mango","Art of War","Snecko Eye","Frozen Egg 2","Astrolabe","Red Mask","Question Card"],"potions_floor_usage":[],"damage_taken":[{"damage":2.0,"enemies":"Jaw Worm","floor":1.0,"turns":3.0},{"damage":0.0,"enemies":"2 Louse","floor":4.0,"turns":4.0},{"damage":25.0,"enemies":"Lagavulin","floor":6.0,"turns":6.0},{"damage":20.0,"enemies":"3 Sentries","floor":8.0,"turns":7.0},{"damage":0.0,"enemies":"Cultist","floor":10.0,"turns":3.0},{"damage":0.0,"enemies":"3 Louse","floor":14.0,"turns":3.0},{"damage":21.0,"enemies":"The Guardian","floor":16.0,"turns":10.0},{"damage":5.0,"enemies":"2 Thieves","floor":18.0,"turns":4.0},{"damage":0.0,"enemies":"Chosen","floor":20.0,"turns":5.0},{"damage":3.0,"enemies":"3 Cultists","floor":21.0,"turns":8.0},{"damage":1.0,"enemies":"Snake Plant","floor":22.0,"turns":8.0},{"damage":0.0,"enemies":"Centurion and Healer","floor":24.0,"turns":9.0},{"damage":7.0,"enemies":"Sentry and Sphere","floor":27.0,"turns":12.0},{"damage":1.0,"enemies":"Snake Plant","floor":29.0,"turns":7.0},{"damage":2.0,"enemies":"Cultist and Chosen","floor":31.0,"turns":7.0},{"damage":7.0,"enemies":"Collector","floor":33.0,"turns":13.0},{"damage":0.0,"enemies":"3 Shapes","floor":35.0,"turns":7.0},{"damage":3.0,"enemies":"Flame Bruiser 1 Orb","floor":36.0,"turns":12.0},{"damage":0,"enemies":"3 Darklings","floor":38,"turns":7},{"damage":8,"enemies":"Maw","floor":42,"turns":5},{"damage":23,"enemies":"Transient","floor":44,"turns":2}],"seed_played":"-7946389291809154849","potions_obtained":[],"is_trial":false,"path_per_floor":["M","$","?","M","?","E","R","E","T","M","?","$","R","M","R","B",null,"M","?","M","M","M","R","M","R","T","M","?","M","$","M","R","B",null,"M","M","$","M","?","R","?","M","T"],"character_chosen":"DEFECT","items_purchased":["All For One","Cold Snap","Capacitor","Leap+1","Rainbow+1","Hologram+1","Creative AI+1","Coolheaded+1"],"campfire_rested":1,"item_purchase_floors":[2,12,12,12,30,30,37,37],"current_hp_per_floor":[62,62,62,62,55,30,30,24,24,24,24,24,24,24,24,3,65,60,42,42,39,38,38,38,38,38,31,31,30,30,28,40,33,40,40,37,37,37,29,29,29,21,21,0],"gold":82,"neow_bonus":"BOSS_RELIC","is_prod":false,"is_daily":false,"chose_seed":false,"campfire_upgraded":6,"win_rate":0,"timestamp":1533621118,"path_taken":["M","$","?","M","?","E","R","E","T","M","?","?","R","M","R","BOSS","M","?","M","?","M","R","M","R","T","M","?","M","$","M","R","BOSS","M","M","$","M","?","R","?","M","T","?"],"build_version":"2018-08-01","purchased_purges":0,"victory":false,"max_hp_per_floor":[71,71,71,71,71,71,71,85,85,85,85,85,85,85,85,85,85,85,42,42,42,42,42,42,42,42,42,42,42,42,42,42,42,42,42,42,42,42,42,42,42,42,42,42],"card_choices":[{"not_picked":["Rebound","Chill"],"picked":"Hologram","floor":1.0},{"not_picked":["Rebound","Chaos"],"picked":"Gash","floor":4.0},{"not_picked":["Cold Snap","Leap"],"picked":"FTL","floor":6.0},{"not_picked":["Recycle+1","Blizzard"],"picked":"Conserve Battery+1","floor":8.0},{"not_picked":["BootSequence+1","Amplify+1"],"picked":"Cold Snap","floor":10.0},{"not_picked":["Loop","Ball Lightning"],"picked":"Defragment","floor":14.0},{"not_picked":["Machine Learning","Thunder Strike"],"picked":"Seek+1","floor":16.0},{"not_picked":["Gash","Ball Lightning"],"picked":"Loop","floor":18.0},{"not_picked":["Lockon","Redo+1"],"picked":"Turbo+1","floor":21.0},{"not_picked":["Ball Lightning","Undo+1"],"picked":"Hello World","floor":22.0},{"not_picked":["Heatsinks","Ball Lightning"],"picked":"Stack+1","floor":24.0},{"not_picked":["Beam Cell+1","Force Field+1"],"picked":"Coolheaded+1","floor":27.0},{"not_picked":["Beam Cell","Rebound+1"],"picked":"Coolheaded+1","floor":29.0},{"not_picked":["Core Surge","Thunder Strike"],"picked":"Amplify+1","floor":33.0},{"not_picked":["Ball Lightning","FTL"],"picked":"Cold Snap+1","floor":35.0},{"not_picked":["Lockon+1","Gash"],"picked":"Blizzard","floor":38},{"not_picked":["Go for the Eyes","Ball Lightning"],"picked":"All For One","floor":42}],"player_experience":754392,"relics_obtained":[{"floor":6.0,"key":"Toxic Egg 2"},{"floor":8.0,"key":"Mango"},{"floor":9.0,"key":"Art of War"},{"floor":26.0,"key":"Frozen Egg 2"},{"floor":43,"key":"Question Card"}],"event_choices":[{"event_name":"The Cleric","player_choice":"Leave","floor":3.0,"damage_taken":0.0},{"event_name":"Golden Wing","player_choice":"Card Removal","floor":5.0,"damage_taken":0.0},{"event_name":"Liars Game","player_choice":"disagreed","floor":11.0,"damage_taken":0.0},{"event_name":"Ghosts","player_choice":"Became a Ghost","floor":19.0,"damage_taken":0.0},{"event_name":"Transmorgrifier","player_choice":"Transform","floor":28.0,"damage_taken":0.0},{"event_name":"Winding Halls","player_choice":"Embrace Madness","floor":39,"damage_taken":0},{"event_name":"Tomb of Lord Red Mask","player_choice":"Paid","floor":41,"damage_taken":0}],"is_beta":true,"boss_relics":[{"not_picked":["Calling Bell","Orrery"],"picked":"Snecko Eye"},{"not_picked":["Runic Pyramid","Empty Cage"],"picked":"Astrolabe"}],"items_purged_floors":[],"is_endless":false,"potions_floor_spawned":[4,8,10,20,22,24,29,31,36,38],"killed_by":"Transient","ascension_level":15}