{"gold_per_floor":[109,109,23,23,40,40,75,75,132,145,175,15,35,46,46,121,121,141,151,162,175,175,175,195,220,220,254,17,32,42,42],"floor_reached":31,"playtime":1249,"items_purged":["Strike_R","Strike_R"],"score":678,"play_id":"a60655d7-9b89-470c-a51c-081ea27cbf39","local_time":"20190825232546","is_ascension_mode":true,"campfire_choices":[{"data":"Bash","floor":6,"key":"SMITH"},{"data":"Spot Weakness","floor":8,"key":"SMITH"},{"data":"True Grit","floor":15,"key":"SMITH"},{"data":"Armaments","floor":23,"key":"SMITH"}],"neow_cost":"NONE","seed_source_timestamp":7185003857593,"circlet_count":0,"master_deck":["AscendersBane","Strike_R","Strike_R","Defend_R","Defend_R","Defend_R","Defend_R","Bash+1","Flame Barrier","Carnage","Spot Weakness+1","Pummel","Shockwave","True Grit+1","Shrug It Off","Cleave","Clothesline","Reaper","Uppercut","Battle Trance","Armaments+1","Flame Barrier","Exhume","Shrug It Off","Feel No Pain","Whirlwind"],"relics":["Burning Blood","NeowsBlessing","Mercury Hourglass","Tiny Chest","Gremlin Horn","Coffee Dripper","Lantern","Bronze Scales","Question Card"],"potions_floor_usage":[11,13,16,18,25],"damage_taken":[{"damage":0,"enemies":"Jaw Worm","floor":1,"turns":1},{"damage":0,"enemies":"2 Louse","floor":5,"turns":1},{"damage":0,"enemies":"3 Sentries","floor":7,"turns":2},{"damage":1,"enemies":"Cultist","floor":10,"turns":3},{"damage":24,"enemies":"Gremlin Nob","floor":11,"turns":4},{"damage":5,"enemies":"Gremlin Gang","floor":13,"turns":2},{"damage":6,"enemies":"Lots of Slimes","floor":14,"turns":2},{"damage":32,"enemies":"Slime Boss","floor":16,"turns":9},{"damage":21,"enemies":"Shell Parasite","floor":18,"turns":9},{"damage":13,"enemies":"Chosen","floor":19,"turns":4},{"damage":27,"enemies":"Snake Plant","floor":20,"turns":4},{"damage":0,"enemies":"Cultist and Chosen","floor":21,"turns":5},{"damage":26,"enemies":"Shelled Parasite and Fungi","floor":24,"turns":8},{"damage":49,"enemies":"Book of Stabbing","floor":25,"turns":7},{"damage":0,"enemies":"Gremlin Leader","floor":27,"turns":4},{"damage":7,"enemies":"Chosen and Byrds","floor":29,"turns":5},{"damage":22,"enemies":"Centurion and Healer","floor":30,"turns":11},{"damage":18,"enemies":"Sentry and Sphere","floor":31,"turns":3}],"seed_played":"5224615471993947741","potions_obtained":[{"floor":1,"key":"Swift Potion"},{"floor":11,"key":"GamblersBrew"},{"floor":13,"key":"PowerPotion"},{"floor":18,"key":"Fruit Juice"},{"floor":24,"key":"EssenceOfSteel"},{"floor":25,"key":"FearPotion"},{"floor":30,"key":"SpeedPotion"}],"is_trial":false,"path_per_floor":["M","?","$","?","M","R","E","R","T","M","E","$","M","M","R","B",null,"M","M","M","M","?","R","M","E","T","E","$","M","M","M"],"character_chosen":"IRONCLAD","items_purchased":["Carnage","Shrug It Off","Cleave","Shrug It Off","Feel No Pain"],"campfire_rested":0,"item_purchase_floors":[3,12,12,28,28],"current_hp_per_floor":[74,79,79,79,80,80,80,80,80,80,62,62,63,63,63,37,69,69,69,54,67,67,67,55,25,25,31,31,30,34,16],"gold":42,"neow_bonus":"THREE_ENEMY_KILL","is_prod":false,"is_daily":false,"chose_seed":false,"campfire_upgraded":4,"win_rate":0,"timestamp":1566800746,"path_taken":["M","?","$","?","M","R","E","R","T","M","E","$","?","M","R","BOSS","M","?","?","M","?","R","M","E","T","E","$","M","M","M"],"build_version":"2019-08-23","purchased_purges":2,"victory":false,"max_hp_per_floor":[75,80,80,80,80,80,80,80,80,80,80,80,80,80,80,80,80,85,85,85,85,85,85,85,85,85,85,85,85,85,85],"card_choices":[{"not_picked":["Dropkick","Combust"],"picked":"Flame Barrier","floor":1},{"not_picked":["Warcry","Inflame"],"picked":"Spot Weakness","floor":5},{"not_picked":["Intimidate","True Grit"],"picked":"Pummel","floor":7},{"not_picked":["Inflame","Rage"],"picked":"Shockwave","floor":10},{"not_picked":["Iron Wave","Headbutt"],"picked":"True Grit","floor":11},{"not_picked":["Pommel Strike","Thunderclap"],"picked":"Clothesline","floor":13},{"not_picked":["Burning Pact","Iron Wave","Warcry"],"picked":"SKIP","floor":14},{"not_picked":["Brutality","Barricade"],"picked":"Reaper","floor":16},{"not_picked":["Clash","Seeing Red"],"picked":"Uppercut","floor":18},{"not_picked":["Whirlwind","Pummel"],"picked":"Battle Trance","floor":19},{"not_picked":["Inflame","Fire Breathing","True Grit"],"picked":"SKIP","floor":20},{"not_picked":["Corruption","Bloodletting"],"picked":"Armaments","floor":21},{"not_picked":["Anger","Warcry","Sword Boomerang"],"picked":"SKIP","floor":24},{"not_picked":["Clash","Rage"],"picked":"Flame Barrier","floor":25},{"not_picked":["Battle Trance","Evolve"],"picked":"Exhume","floor":27},{"not_picked":["Searing Blow","Anger+1","Sever Soul"],"picked":"Whirlwind","floor":29},{"not_picked":["Clash","Headbutt","Iron Wave","Hemokinesis"],"picked":"SKIP","floor":30}],"player_experience":1447788,"relics_obtained":[{"floor":7,"key":"Mercury Hourglass"},{"floor":9,"key":"Tiny Chest"},{"floor":11,"key":"Gremlin Horn"},{"floor":25,"key":"Lantern"},{"floor":26,"key":"Bronze Scales"},{"floor":27,"key":"Question Card"}],"event_choices":[{"damage_healed":0,"gold_gain":0,"player_choice":"Donut","damage_taken":0,"max_hp_gain":5,"max_hp_loss":0,"event_name":"Big Fish","floor":2,"gold_loss":0},{"cards_removed":["Strike_R"],"damage_healed":0,"gold_gain":0,"player_choice":"Offered Basic","damage_taken":0,"max_hp_gain":0,"max_hp_loss":0,"event_name":"Bonfire Elementals","floor":4,"gold_loss":0},{"damage_healed":0,"gold_gain":0,"player_choice":"Ignored","damage_taken":0,"max_hp_gain":0,"max_hp_loss":0,"event_name":"Ghosts","floor":22,"gold_loss":0}],"is_beta":true,"boss_relics":[{"not_picked":["Lizard Tail","Runic Dome"],"picked":"Coffee Dripper"}],"items_purged_floors":[12,28],"is_endless":false,"potions_floor_spawned":[1,11,13,18,24,25,30],"killed_by":"Sentry and Sphere","ascension_level":20}