{"gold_per_floor":[112,112,112,123,133,133,153,180,205,205,205,240,240,299,299,375,375,390,400,131,131,131,131,150,177,177,177,211,223,236,256,256,328,328,348,366,382,399,1398,1430,1430,851,851,878,878,878,86,86,86,86,86],"floor_reached":52,"playtime":2080,"items_purged":["Strike_G","Normality","Normality"],"score":1976,"play_id":"897ea966-ed8f-44df-91a4-f854a6ccdb2d","local_time":"20190317095932","is_ascension_mode":true,"campfire_choices":[{"data":"Neutralize","floor":6.0,"key":"SMITH"},{"data":"Noxious Fumes","floor":10.0,"key":"SMITH"},{"data":"PiercingWail","floor":13.0,"key":"SMITH"},{"data":"Deadly Poison","floor":15.0,"key":"SMITH"},{"floor":23.0,"key":"REST"},{"floor":27.0,"key":"REST"},{"floor":32.0,"key":"REST"},{"floor":41,"key":"REST"},{"floor":45,"key":"REST"},{"floor":49,"key":"REST"}],"neow_cost":"NONE","seed_source_timestamp":856139878296,"circlet_count":0,"master_deck":["AscendersBane","Defend_G","Defend_G","Defend_G","Defend_G","Strike_G","Strike_G","Strike_G","Survivor","Neutralize+1","Dagger Spray","Noxious Fumes+1","Poisoned Stab","PiercingWail+1","Noxious Fumes+1","Wraith Form v2+1","Deadly Poison+1","Wraith Form v2+1","Poisoned Stab","Blade Dance+1","Noxious Fumes+1","PiercingWail","Discovery","Backflip","Backstab","Deflect","Envenom+1","Infinite Blades+1","Sucker Punch+1","Noxious Fumes+1","Well Laid Plans+1","Panacea","Discovery","Panacea","Infinite Blades+1","Dash","Acrobatics"],"special_seed":0,"relics":["Empty Cage","Pear","Snake Skull","Oddly Smooth Stone","Frozen Egg 2","Tiny Chest","Fusion Hammer","Enchiridion","Ninja Scroll","Boot","Blood Vial","Bag of Preparation","Runic Dome","Vajra","Turnip","Mango","Lantern","Dream Catcher","HandDrill","Centennial Puzzle"],"potions_floor_usage":[50,51],"damage_taken":[{"damage":0.0,"enemies":"Small Slimes","floor":1.0,"turns":5.0},{"damage":2.0,"enemies":"Jaw Worm","floor":4.0,"turns":6.0},{"damage":4.0,"enemies":"Cultist","floor":5.0,"turns":5.0},{"damage":4.0,"enemies":"Lots of Slimes","floor":7.0,"turns":2.0},{"damage":10.0,"enemies":"Gremlin Nob","floor":8.0,"turns":4.0},{"damage":3.0,"enemies":"Lagavulin","floor":12.0,"turns":6.0},{"damage":37.0,"enemies":"Gremlin Nob","floor":14.0,"turns":6.0},{"damage":15.0,"enemies":"Hexaghost","floor":16.0,"turns":8.0},{"damage":0.0,"enemies":"3 Byrds","floor":18.0,"turns":6.0},{"damage":6.0,"enemies":"Shell Parasite","floor":19.0,"turns":5.0},{"damage":1.0,"enemies":"Snake Plant","floor":24.0,"turns":4.0},{"damage":3.0,"enemies":"Gremlin Leader","floor":25.0,"turns":6.0},{"damage":27.0,"enemies":"Book of Stabbing","floor":28.0,"turns":5.0},{"damage":2.0,"enemies":"3 Cultists","floor":29.0,"turns":6.0},{"damage":3.0,"enemies":"Chosen and Byrds","floor":30.0,"turns":5.0},{"damage":1.0,"enemies":"Snecko","floor":31.0,"turns":5.0},{"damage":22.0,"enemies":"Automaton","floor":33.0,"turns":8.0},{"damage":30.0,"enemies":"3 Darklings","floor":35.0,"turns":6.0},{"damage":1.0,"enemies":"Orb Walker","floor":36.0,"turns":3.0},{"damage":0.0,"enemies":"3 Darklings","floor":37.0,"turns":5.0},{"damage":0,"enemies":"4 Shapes","floor":38,"turns":5},{"damage":1,"enemies":"Giant Head","floor":40,"turns":7},{"damage":37,"enemies":"Time Eater","floor":50,"turns":11},{"damage":32,"enemies":"Donu and Deca","floor":51,"turns":9}],"seed_played":"4135855570363104234","potions_obtained":[{"floor":1.0,"key":"Block Potion"},{"floor":5.0,"key":"Fire Potion"},{"floor":12.0,"key":"Regen Potion"},{"floor":19.0,"key":"Poison Potion"},{"floor":24.0,"key":"FearPotion"},{"floor":40,"key":"GhostInAJar"}],"is_trial":false,"path_per_floor":["M","?","T","M","M","R","M","E","T","R","?","E","R","E","R","B",null,"M","M","$","?","T","R","M","E","T","R","E","M","M","M","R","B",null,"M","M","M","M","?","E","R","$","T","T","R","?","$","$","R","B","B",null],"character_chosen":"THE_SILENT","items_purchased":["Noxious Fumes+1","PiercingWail","Discovery","Well Laid Plans+1","Panacea","Turnip","Infinite Blades+1","Dash","Dream Catcher","HandDrill","Centennial Puzzle"],"campfire_rested":6,"item_purchase_floors":[20,20,20,42,42,42,47,47,47,47,47],"current_hp_per_floor":[59,59,69,67,63,63,59,49,49,49,49,46,46,21,21,6,59,59,53,53,32,32,54,53,50,50,72,47,47,46,47,69,49,69,41,42,44,46,46,47,69,69,83,83,90,80,80,80,90,53,23],"gold":86,"neow_bonus":"BOSS_RELIC","is_prod":false,"is_daily":false,"chose_seed":false,"campfire_upgraded":4,"win_rate":0,"timestamp":1552841972,"path_taken":["M","?","?","M","M","R","M","E","T","R","?","E","R","E","R","BOSS","M","M","$","?","?","R","?","E","T","R","E","M","M","M","R","BOSS","M","M","?","M","?","E","R","$","T","?","R","?","?","$","R","BOSS","BOSS"],"build_version":"2019-03-15","purchased_purges":3,"victory":true,"max_hp_per_floor":[66,66,76,76,76,76,76,76,76,76,76,76,76,76,76,76,76,76,76,76,76,76,76,76,76,76,76,76,76,76,76,76,76,76,76,76,76,76,76,76,76,76,90,90,90,90,90,90,90,90,90],"card_choices":[{"not_picked":["Calculated Gamble","Underhanded Strike"],"picked":"Dagger Spray","floor":1.0},{"not_picked":["Eviscerate","PiercingWail"],"picked":"Noxious Fumes","floor":4.0},{"not_picked":["Deflect","Dagger Throw"],"picked":"Poisoned Stab","floor":5.0},{"not_picked":["Dodge and Roll","Caltrops"],"picked":"PiercingWail","floor":7.0},{"not_picked":["Slice","Well Laid Plans"],"picked":"Noxious Fumes","floor":8.0},{"not_picked":["Deflect","Bane"],"picked":"Wraith Form v2","floor":12.0},{"not_picked":["Poisoned Stab","Dagger Throw"],"picked":"Deadly Poison","floor":14.0},{"not_picked":["Night Terror","Tools of the Trade+1"],"picked":"Wraith Form v2+1","floor":16.0},{"not_picked":["Infinite Blades+1","Sucker Punch"],"picked":"Poisoned Stab","floor":18.0},{"not_picked":["Deflect","Dodge and Roll"],"picked":"Blade Dance+1","floor":19.0},{"not_picked":["Sucker Punch","Skewer"],"picked":"Backflip","floor":25.0},{"not_picked":["Masterful Stab+1","Dagger Spray"],"picked":"Backstab","floor":28.0},{"not_picked":["Backstab","Bouncing Flask"],"picked":"Deflect","floor":29.0},{"not_picked":["Blade Dance","Bane","Sucker Punch"],"picked":"SKIP","floor":30.0},{"not_picked":["Acrobatics","Blade Dance","Bane"],"picked":"SKIP","floor":31.0},{"not_picked":["Adrenaline","Malaise"],"picked":"Envenom+1","floor":33.0},{"not_picked":["Deflect","Dodge and Roll"],"picked":"Infinite Blades+1","floor":35.0},{"not_picked":["Quick Slash","Dagger Spray","Outmaneuver"],"picked":"SKIP","floor":36.0},{"not_picked":["Distraction","Quick Slash","Underhanded Strike"],"picked":"SKIP","floor":37.0},{"not_picked":["Slice","Calculated Gamble+1"],"picked":"Sucker Punch+1","floor":38},{"not_picked":["Caltrops+1","Dagger Throw+1"],"picked":"Noxious Fumes+1","floor":40},{"not_picked":["Mind Blast","Dark Shackles"],"picked":"Discovery","floor":46},{"not_picked":["Deep Breath","Dark Shackles"],"picked":"Panacea","floor":46},{"not_picked":["Slice","Underhanded Strike+1"],"picked":"Acrobatics","floor":49}],"player_experience":1309517,"relics_obtained":[{"floor":3.0,"key":"Pear"},{"floor":8.0,"key":"Snake Skull"},{"floor":9.0,"key":"Oddly Smooth Stone"},{"floor":12.0,"key":"Frozen Egg 2"},{"floor":14.0,"key":"Tiny Chest"},{"floor":21.0,"key":"Enchiridion"},{"floor":22.0,"key":"Ninja Scroll"},{"floor":25.0,"key":"Boot"},{"floor":26.0,"key":"Blood Vial"},{"floor":28.0,"key":"Bag of Preparation"},{"floor":40,"key":"Vajra"},{"floor":43,"key":"Mango"},{"floor":44,"key":"Lantern"}],"event_choices":[{"damage_healed":0.0,"max_hp_gain":0.0,"max_hp_loss":0.0,"gold_gain":0.0,"event_name":"Liars Game","player_choice":"Ignored","floor":2.0,"gold_loss":0.0,"damage_taken":0.0},{"damage_healed":0.0,"max_hp_gain":0.0,"max_hp_loss":0.0,"gold_gain":0.0,"event_name":"Living Wall","player_choice":"Grow","floor":11.0,"gold_loss":0.0,"damage_taken":0.0,"cards_upgraded":["Noxious Fumes"]},{"damage_healed":0.0,"max_hp_gain":0.0,"max_hp_loss":0.0,"gold_gain":0.0,"event_name":"Cursed Tome","player_choice":"Obtained Book","floor":21.0,"gold_loss":0.0,"damage_taken":21.0},{"damage_healed":0,"gold_gain":999,"player_choice":"Gold","damage_taken":0,"max_hp_gain":0,"max_hp_loss":0,"event_name":"MindBloom","floor":39,"gold_loss":0,"cards_obtained":["Normality","Normality"]},{"damage_healed":0,"gold_gain":0,"player_choice":"Memory 3","damage_taken":10,"max_hp_gain":0,"max_hp_loss":0,"event_name":"SensoryStone","floor":46,"gold_loss":0}],"is_beta":true,"boss_relics":[{"not_picked":["Lizard Tail","Runic Pyramid"],"picked":"Fusion Hammer"},{"not_picked":["Pandora\u0027s Box","Busted Crown"],"picked":"Runic Dome"}],"items_purged_floors":[20,42,47],"is_endless":false,"potions_floor_spawned":[1,5,7,12,19,24,25,33,35,40],"ascension_level":20}