{"gold_per_floor":[116,116,68,78,28,28,47,47,99,110,110,125,56,56,56,56],"floor_reached":16,"playtime":365,"items_purged":[],"score":90,"play_id":"c2349bb9-9887-4a36-a33e-b183bcec91dc","local_time":"20180709140052","is_ascension_mode":false,"campfire_choices":[{"data":"Neutralize","floor":6,"key":"SMITH"},{"data":"Cloak And Dagger","floor":8,"key":"SMITH"},{"data":"PiercingWail","floor":11,"key":"SMITH"},{"data":"Malaise","floor":15,"key":"SMITH"}],"neow_cost":"","seed_source_timestamp":0,"circlet_count":0,"master_deck":["Defend_G","Defend_G","Defend_G","Defend_G","Defend_G","Strike_G","Strike_G","Strike_G","Strike_G","Survivor","Neutralize+1","Cloak And Dagger+1","PiercingWail+1","Dagger Spray","Quick Slash","Acrobatics","Leg Sweep","Malaise+1"],"relics":["Ring of the Snake","Bag of Preparation"],"potions_floor_usage":[16,16],"damage_taken":[{"damage":0,"enemies":"2 Louse","floor":1,"turns":4},{"damage":0,"enemies":"Small Slimes","floor":4,"turns":3},{"damage":0,"enemies":"Jaw Worm","floor":7,"turns":6},{"damage":0,"enemies":"Blue Slaver","floor":10,"turns":4},{"damage":0,"enemies":"3 Louse","floor":12,"turns":3},{"damage":15,"enemies":"The Guardian","floor":16,"turns":13}],"seed_played":"-2159083696212394122","potions_obtained":[{"floor":7,"key":"SpeedPotion"},{"floor":12,"key":"Block Potion"}],"is_trial":true,"path_per_floor":["M","?","$","M","?","R","M","R","T","M","R","M","$","?","R"],"character_chosen":"THE_SILENT","items_purchased":["PiercingWail","Malaise"],"campfire_rested":0,"item_purchase_floors":[3,13],"current_hp_per_floor":[1,6,6,6,6,6,6,6,6,6,6,6,6,6,6,0],"gold":56,"neow_bonus":"","is_prod":false,"is_daily":false,"chose_seed":false,"campfire_upgraded":4,"win_rate":0,"timestamp":1531170052,"path_taken":["M","?","$","M","?","R","M","R","T","?","R","M","$","?","R","BOSS"],"build_version":"2018-07-05","purchased_purges":0,"victory":false,"max_hp_per_floor":[1,6,6,6,6,6,6,6,6,6,6,6,6,6,6,6],"card_choices":[{"not_picked":["Deflect","Catalyst"],"picked":"Cloak And Dagger","floor":1},{"not_picked":["Deflect","PiercingWail"],"picked":"Dagger Spray","floor":4},{"not_picked":["Concentrate","Bullet Time"],"picked":"Quick Slash","floor":7},{"not_picked":["Slice","Flying Knee"],"picked":"Acrobatics","floor":10},{"not_picked":["Deflect","Sucker Punch"],"picked":"Leg Sweep","floor":12}],"player_experience":551116,"relics_obtained":[{"floor":9,"key":"Bag of Preparation"}],"event_choices":[{"event_name":"Big Fish","player_choice":"Donut","floor":2,"damage_taken":0},{"event_name":"The Cleric","player_choice":"Card Removal","floor":5,"damage_taken":0},{"event_name":"Liars Game","player_choice":"disagreed","floor":14,"damage_taken":0}],"boss_relics":[],"items_purged_floors":[],"is_endless":false,"potions_floor_spawned":[7,12],"killed_by":"The Guardian","ascension_level":0}