{"gold_per_floor":[118,118,133,31,31,41,41,52,132,132,57,77,102,120,120,197,197,212,223,122,134,144,144],"floor_reached":23,"playtime":768,"items_purged":[],"score":338,"play_id":"cf1653ac-9f6e-4155-ae72-945ea69ac8fe","local_time":"20180713235608","daily_mods":["Binary"],"is_ascension_mode":true,"campfire_choices":[{"data":"Leap","floor":7,"key":"SMITH"},{"data":"Zap","floor":10,"key":"SMITH"},{"floor":15,"key":"REST"}],"neow_cost":"","seed_source_timestamp":0,"circlet_count":0,"master_deck":["Strike_B+1","Strike_B","Strike_B","Strike_B","Defend_B","Defend_B","Defend_B+1","Defend_B","Zap+1","Dualcast","AscendersBane","Cold Snap","Leap+1","Doom and Gloom","Streamline","Hologram"],"relics":["FrozenCore","Busted Crown","Pear","Odd Mushroom","Bag of Preparation"],"potions_floor_usage":[12,13,23,23],"damage_taken":[{"damage":7,"enemies":"Small Slimes","floor":1,"turns":3},{"damage":2,"enemies":"Jaw Worm","floor":3,"turns":2},{"damage":0,"enemies":"2 Louse","floor":6,"turns":2},{"damage":0,"enemies":"Large Slime","floor":8,"turns":5},{"damage":0,"floor":12,"turns":3},{"damage":31,"enemies":"Gremlin Nob","floor":13,"turns":6},{"damage":0,"enemies":"3 Louse","floor":14,"turns":3},{"damage":1,"enemies":"The Guardian","floor":16,"turns":11},{"damage":0,"enemies":"Chosen","floor":18,"turns":5},{"damage":8,"enemies":"Spheric Guardian","floor":19,"turns":4},{"damage":23,"enemies":"Snake Plant","floor":21,"turns":5},{"damage":13,"enemies":"Centurion and Healer","floor":22,"turns":7},{"damage":28,"enemies":"Book of Stabbing","floor":23,"turns":5}],"seed_played":"-3420761293938442468","potions_obtained":[{"floor":3,"key":"AttackPotion"},{"floor":12,"key":"Ancient Potion"},{"floor":14,"key":"Fire Potion"},{"floor":21,"key":"Explosive Potion"}],"is_trial":true,"path_per_floor":["M","?","M","$","?","M","R","M","T","R","$","?","E","M","R","B",null,"M","M","$","M","M"],"character_chosen":"DEFECT","items_purchased":["Cold Snap","Leap","Doom and Gloom","Streamline","Hologram"],"campfire_rested":1,"item_purchase_floors":[4,4,11,20,20],"current_hp_per_floor":[57,36,34,34,34,34,34,34,44,44,44,44,13,13,37,36,70,70,62,62,39,26,0],"gold":144,"neow_bonus":"","is_prod":false,"is_daily":false,"chose_seed":false,"campfire_upgraded":2,"win_rate":0,"timestamp":1531551368,"path_taken":["M","?","M","$","?","M","R","?","T","R","?","?","E","M","R","BOSS","M","M","$","M","M","E"],"build_version":"2018-07-12","purchased_purges":0,"victory":false,"max_hp_per_floor":[71,71,71,71,71,71,71,71,81,81,81,81,81,81,81,81,81,81,81,81,81,81,81],"card_choices":[],"player_experience":628345,"relics_obtained":[{"floor":9,"key":"Pear"},{"floor":12,"key":"Odd Mushroom"},{"floor":13,"key":"Bag of Preparation"}],"event_choices":[{"event_name":"Shining Light","player_choice":"Entered Light","floor":2,"damage_taken":0},{"event_name":"Golden Wing","player_choice":"Ignored","floor":5,"damage_taken":0},{"event_name":"Mushrooms","player_choice":"Fought Mushrooms","floor":12,"damage_taken":0}],"boss_relics":[{"not_picked":["White Beast Statue","Empty Cage"],"picked":"FrozenCore"}],"items_purged_floors":[],"is_endless":false,"potions_floor_spawned":[3,12,14,21],"killed_by":"Book of Stabbing","ascension_level":15}