{"gold_per_floor":[117,132,10,10,25,25,55,55,82,82,82,82,82,125,125,220,220,241,254,48,48,69,69,84,115,115,115,134,134,158,31,31,127,127,145,161,40,40,40,40,40,40,40,58,58,58,58,58,58,58],"floor_reached":51,"playtime":2226,"items_purged":["Strike_G"],"score":1236,"play_id":"d39e1b6c-271e-4012-9891-b38548129109","local_time":"20180804195027","is_ascension_mode":true,"campfire_choices":[{"data":"Neutralize","floor":6.0,"key":"SMITH"},{"data":"Dagger Throw","floor":8.0,"key":"SMITH"},{"data":"Dagger Throw","floor":10.0,"key":"SMITH"},{"data":"Dodge and Roll","floor":12.0,"key":"SMITH"},{"data":"Deadly Poison","floor":15.0,"key":"SMITH"},{"data":"Sucker Punch","floor":23.0,"key":"SMITH"},{"floor":27.0,"key":"REST"},{"data":"Wraith Form v2","floor":29.0,"key":"SMITH"},{"data":"Catalyst","floor":32.0,"key":"SMITH"},{"floor":40.0,"key":"REST"},{"data":"Noxious Fumes","floor":45,"key":"SMITH"},{"data":"Bouncing Flask","floor":47,"key":"SMITH"},{"floor":49,"key":"REST"}],"neow_cost":"NONE","seed_source_timestamp":661675894334206,"circlet_count":0,"master_deck":["Survivor","Neutralize+1","AscendersBane","Dagger Throw+1","Dagger Throw+1","Dagger Throw+1","Dodge and Roll+1","Deadly Poison+1","Blur","Phantasmal Killer","Catalyst+1","Prepared","Backflip","Slice","Cloak And Dagger","Dagger Spray","Dagger Throw","Underhanded Strike","Terror","Caltrops","Noxious Fumes+1","Sucker Punch+1","Blur","Blur+1","Backflip+1","Wraith Form v2+1","Reflex","Heel Hook","Well Laid Plans","Flash of Steel","Envenom","Leg Sweep+1","PiercingWail","Bouncing Flask+1","Bane","Madness","Madness","Underhanded Strike+1","Apotheosis","Discovery"],"special_seed":0,"relics":["White Beast Statue","Oddly Smooth Stone","Whetstone","Golden Idol","NlothsMask","Paper Crane","Pandora\u0027s Box","Regal Pillow","Snecko Eye","Peace Pipe","Molten Egg 2"],"potions_floor_usage":[46,50],"damage_taken":[{"damage":2.0,"enemies":"Jaw Worm","floor":1.0,"turns":7.0},{"damage":1.0,"enemies":"Small Slimes","floor":2.0,"turns":3.0},{"damage":0.0,"enemies":"2 Louse","floor":5.0,"turns":1.0},{"damage":12.0,"enemies":"3 Sentries","floor":7.0,"turns":13.0},{"damage":12.0,"enemies":"Gremlin Nob","floor":14.0,"turns":4.0},{"damage":14.0,"enemies":"Slime Boss","floor":16.0,"turns":12.0},{"damage":0.0,"enemies":"Chosen","floor":18.0,"turns":3.0},{"damage":1.0,"enemies":"3 Byrds","floor":19.0,"turns":3.0},{"damage":11.0,"enemies":"Snecko","floor":22.0,"turns":5.0},{"damage":14.0,"enemies":"Cultist and Chosen","floor":24.0,"turns":7.0},{"damage":12.0,"enemies":"Book of Stabbing","floor":25.0,"turns":6.0},{"damage":0.0,"enemies":"Snake Plant","floor":28.0,"turns":5.0},{"damage":1.0,"enemies":"Chosen and Byrds","floor":30.0,"turns":7.0},{"damage":26.0,"enemies":"Automaton","floor":33.0,"turns":10.0},{"damage":4.0,"enemies":"3 Darklings","floor":35.0,"turns":5.0},{"damage":1.0,"enemies":"Orb Walker","floor":36.0,"turns":3.0},{"damage":0.0,"floor":41.0,"turns":5.0},{"damage":15.0,"enemies":"Flame Bruiser 2 Orb","floor":44.0,"turns":7.0},{"damage":1,"enemies":"Nemesis","floor":46,"turns":7},{"damage":30,"enemies":"Time Eater","floor":50,"turns":15}],"seed_played":"6801442755449665505","potions_obtained":[{"floor":1.0,"key":"Dexterity Potion"},{"floor":2.0,"key":"SteroidPotion"},{"floor":5.0,"key":"LiquidBronze"},{"floor":7.0,"key":"SpeedPotion"},{"floor":14.0,"key":"GhostInAJar"},{"floor":16.0,"key":"SpeedPotion"},{"floor":19.0,"key":"GhostInAJar"},{"floor":21.0,"key":"Block Potion"},{"floor":22.0,"key":"Explosive Potion"},{"floor":24.0,"key":"Dexterity Potion"},{"floor":25.0,"key":"SpeedPotion"},{"floor":28.0,"key":"Ancient Potion"},{"floor":30.0,"key":"SmokeBomb"},{"floor":33.0,"key":"Explosive Potion"},{"floor":44.0,"key":"Weak Potion"}],"is_trial":false,"path_per_floor":["M","M","$","?","M","R","E","R","T","R","?","R","?","E","R","B",null,"M","M","$","?","M","R","M","E","T","R","M","R","M","$","R","B",null,"M","M","$","?","$","R","?","?","T","M","R","E","R","?","R","B"],"character_chosen":"THE_SILENT","items_purchased":["Dagger Throw","Noxious Fumes","Sucker Punch","Blur","Well Laid Plans","Flash of Steel","Bouncing Flask","Bane"],"campfire_rested":3,"item_purchase_floors":[3,20,20,20,31,31,37,37],"current_hp_per_floor":[57,56,56,56,56,56,44,44,44,44,44,44,44,32,32,18,50,50,49,49,49,38,38,24,12,12,45,45,45,44,44,44,18,50,46,45,45,34,34,60,60,60,60,45,45,44,44,34,60,30],"gold":58,"neow_bonus":"BOSS_RELIC","is_prod":false,"is_daily":false,"chose_seed":false,"campfire_upgraded":10,"win_rate":0,"timestamp":1533437427,"path_taken":["M","M","$","?","M","R","E","R","T","R","?","R","?","E","R","BOSS","M","M","$","?","M","R","M","E","T","R","M","R","?","$","R","BOSS","M","M","$","?","$","R","?","?","T","?","R","E","R","?","R","BOSS"],"build_version":"2018-08-01","purchased_purges":1,"victory":true,"max_hp_per_floor":[66,66,66,66,66,66,66,66,66,66,60,60,60,60,60,60,60,60,60,60,60,60,60,60,60,60,60,60,60,60,60,60,60,60,60,60,60,60,60,60,60,60,60,60,60,60,60,60,60,60],"card_choices":[{"not_picked":["Choke","Caltrops"],"picked":"Dagger Throw","floor":1.0},{"not_picked":["Outmaneuver","Heel Hook"],"picked":"Dagger Throw","floor":2.0},{"not_picked":["Prepared","Flechettes"],"picked":"Dodge and Roll","floor":5.0},{"not_picked":["PiercingWail","Bane"],"picked":"Deadly Poison","floor":7.0},{"not_picked":["Outmaneuver","Prepared"],"picked":"Blur","floor":14.0},{"not_picked":["Tools of the Trade","Storm of Steel"],"picked":"Phantasmal Killer","floor":16.0},{"not_picked":["Deadly Poison","Dodge and Roll"],"picked":"Terror","floor":18.0},{"not_picked":["Dagger Spray","Choke"],"picked":"Caltrops","floor":19.0},{"not_picked":["Underhanded Strike","All Out Attack"],"picked":"Blur+1","floor":22.0},{"not_picked":["Deadly Poison","Cloak And Dagger"],"picked":"Backflip+1","floor":24.0},{"not_picked":["Quick Slash","Finisher"],"picked":"Wraith Form v2","floor":25.0},{"not_picked":["Flechettes","Dagger Throw"],"picked":"Reflex","floor":28.0},{"not_picked":["Dagger Spray","Slice"],"picked":"Heel Hook","floor":30.0},{"not_picked":["Phantasmal Killer","Doppelganger"],"picked":"Envenom","floor":33.0},{"not_picked":["Bouncing Flask","Deadly Poison"],"picked":"Leg Sweep+1","floor":35.0},{"not_picked":["Flying Knee","Outmaneuver"],"picked":"PiercingWail","floor":36.0},{"not_picked":["Bane+1","Flying Knee+1"],"picked":"Underhanded Strike+1","floor":44.0},{"not_picked":["Chrysalis","Good Instincts"],"picked":"Apotheosis","floor":48},{"not_picked":["Blind","Secret Technique"],"picked":"Discovery","floor":48}],"player_experience":727054,"relics_obtained":[{"floor":7.0,"key":"Oddly Smooth Stone"},{"floor":9.0,"key":"Whetstone"},{"floor":14.0,"key":"Paper Crane"},{"floor":25.0,"key":"Regal Pillow"},{"floor":41.0,"key":"Peace Pipe"},{"floor":43.0,"key":"Molten Egg 2"}],"event_choices":[{"event_name":"The Cleric","player_choice":"Leave","floor":4.0,"damage_taken":0.0},{"event_name":"Golden Idol","player_choice":"Lose Max HP","floor":11.0,"damage_taken":0.0},{"event_name":"FaceTrader","player_choice":"Trade","floor":13.0,"damage_taken":0.0},{"event_name":"The Lab","player_choice":"Got Potions","floor":21.0,"damage_taken":0.0},{"event_name":"Winding Halls","player_choice":"Embrace Madness","floor":38.0,"damage_taken":0.0},{"event_name":"MindBloom","player_choice":"Fight","floor":41.0,"damage_taken":0.0},{"event_name":"Falling","player_choice":"Removed Attack","floor":42.0,"damage_taken":0.0},{"event_name":"SensoryStone","player_choice":"Memory 3","floor":48,"damage_taken":0}],"is_beta":true,"boss_relics":[{"not_picked":["Ectoplasm","Eternal Feather"],"picked":"Pandora\u0027s Box"},{"not_picked":["WristBlade","Runic Pyramid"],"picked":"Snecko Eye"}],"items_purged_floors":[3],"is_endless":false,"potions_floor_spawned":[1,2,5,7,14,16,18,19,22,24,25,28,30,33,35,36,41,44,46],"ascension_level":15}