{"gold_per_floor":[117,64,64,64,76,106,38,70,94,94,94,94,119,134,134,206,206,218,218,236,252,9,9,29,29,29,62,73,5,5,5,5,81,81,101,101,118,130,140,140,39,39,66,66,83,83,98,109,109,109],"floor_reached":50,"playtime":1601,"items_purged":["Strike_B+1"],"score":840,"play_id":"2943e6c1-f13d-4ed4-91db-d8cc51044987","local_time":"20180714112344","daily_mods":["Binary"],"is_ascension_mode":true,"campfire_choices":[{"floor":10.0,"key":"REST"},{"data":"Static Discharge","floor":12.0,"key":"SMITH"},{"data":"Static Discharge","floor":15.0,"key":"SMITH"},{"data":"Defragment","floor":23.0,"key":"SMITH"},{"floor":25.0,"key":"REST"},{"floor":30.0,"key":"REST"},{"floor":32.0,"key":"REST"},{"floor":40.0,"key":"REST"},{"data":"Hologram","floor":44,"key":"SMITH"},{"floor":46,"key":"REST"},{"floor":49,"key":"REST"}],"neow_cost":"","seed_source_timestamp":0,"circlet_count":0,"master_deck":["Defend_B+1","Defend_B+1","Zap","Dualcast","AscendersBane","Static Discharge+1","Static Discharge+1","Echo Form","Defragment+1","Hello World","Biased Cognition+1","Redo+1","BootSequence+1","Hologram+1"],"special_seed":0,"relics":["Cracked Core","Busted Crown","Art of War","Sundial","Strawberry","Anchor","Omamori","Snecko Eye","TheAbacus","Smiling Mask","Cables","Astrolabe","Blood Vial"],"potions_floor_usage":[47],"damage_taken":[{"damage":7.0,"enemies":"Jaw Worm","floor":1.0,"turns":2.0},{"damage":0.0,"enemies":"Small Slimes","floor":5.0,"turns":3.0},{"damage":22.0,"enemies":"Gremlin Nob","floor":6.0,"turns":4.0},{"damage":16.0,"enemies":"3 Sentries","floor":8.0,"turns":5.0},{"damage":11.0,"enemies":"Gremlin Nob","floor":13.0,"turns":3.0},{"damage":0.0,"enemies":"2 Louse","floor":14.0,"turns":4.0},{"damage":13.0,"enemies":"Hexaghost","floor":16.0,"turns":5.0},{"damage":2.0,"enemies":"3 Byrds","floor":18.0,"turns":3.0},{"damage":5.0,"enemies":"Spheric Guardian","floor":20.0,"turns":3.0},{"damage":12.0,"enemies":"Snake Plant","floor":21.0,"turns":3.0},{"damage":1.0,"enemies":"Centurion and Healer","floor":24.0,"turns":5.0},{"damage":28.0,"enemies":"Gremlin Leader","floor":27.0,"turns":3.0},{"damage":10.0,"enemies":"3 Cultists","floor":28.0,"turns":3.0},{"damage":37.0,"enemies":"Champ","floor":33.0,"turns":8.0},{"damage":23.0,"enemies":"3 Darklings","floor":35.0,"turns":4.0},{"damage":5.0,"enemies":"3 Shapes","floor":37.0,"turns":4.0},{"damage":10.0,"enemies":"Flame Bruiser 2 Orb","floor":38.0,"turns":4.0},{"damage":19.0,"enemies":"Transient","floor":39.0,"turns":5.0},{"damage":5,"enemies":"Maw","floor":45,"turns":5},{"damage":17,"enemies":"Flame Bruiser 2 Orb","floor":47,"turns":4},{"damage":32,"enemies":"Spire Growth","floor":48,"turns":4},{"damage":51,"enemies":"Awakened One","floor":50,"turns":3}],"seed_played":"-1266511010358268324","potions_obtained":[{"floor":1.0,"key":"SteroidPotion"},{"floor":8.0,"key":"EssenceOfSteel"},{"floor":16.0,"key":"Explosive Potion"},{"floor":28.0,"key":"Explosive Potion"},{"floor":38.0,"key":"AttackPotion"},{"floor":39.0,"key":"Explosive Potion"}],"is_trial":true,"path_per_floor":["M","$","?","?","M","E","$","E","T","R","?","R","E","M","R","B",null,"M","?","M","M","$","R","M","R","T","E","M","$","R","?","R","B",null,"M","?","M","M","M","R","$","?","T","R","M","R","M","M","R"],"character_chosen":"DEFECT","items_purchased":["Cold Snap","Static Discharge","Defragment","TheAbacus","Hello World","Hologram"],"campfire_rested":7,"item_purchase_floors":[2,7,22,22,29,41],"current_hp_per_floor":[57,57,57,52,52,30,30,21,21,44,44,44,33,33,33,20,64,62,62,57,45,45,45,44,67,67,39,29,29,52,52,75,38,68,45,61,56,46,27,50,50,50,50,50,47,70,55,25,48,0],"gold":109,"neow_bonus":"","is_prod":false,"is_daily":false,"chose_seed":false,"campfire_upgraded":4,"win_rate":0,"timestamp":1531592624,"path_taken":["M","$","?","?","?","E","$","E","T","R","?","R","E","M","R","BOSS","M","?","?","M","$","R","M","R","T","E","M","$","R","?","R","BOSS","M","?","?","?","M","R","$","?","T","R","M","R","M","M","R","BOSS"],"build_version":"2018-07-13","purchased_purges":1,"victory":false,"max_hp_per_floor":[71,71,71,71,71,71,71,78,78,78,78,78,78,78,78,78,78,78,78,78,78,78,78,78,78,78,78,78,78,78,78,78,78,78,78,78,78,78,78,78,78,78,78,78,78,78,78,78,78,78],"card_choices":[],"player_experience":631240,"relics_obtained":[{"floor":6.0,"key":"Sundial"},{"floor":8.0,"key":"Strawberry"},{"floor":9.0,"key":"Anchor"},{"floor":13.0,"key":"Omamori"},{"floor":26.0,"key":"Smiling Mask"},{"floor":27.0,"key":"Cables"},{"floor":43,"key":"Blood Vial"}],"event_choices":[{"event_name":"Living Wall","player_choice":"Change","floor":3.0,"damage_taken":0.0},{"event_name":"Scrap Ooze","player_choice":"success","floor":4.0,"damage_taken":5.0},{"event_name":"Transmorgrifier","player_choice":"Transform","floor":11.0,"damage_taken":0.0},{"event_name":"Back to Basics","player_choice":"Simplicity","floor":19.0,"damage_taken":0.0},{"event_name":"Beggar","player_choice":"Ignored","floor":31.0,"damage_taken":0.0},{"event_name":"Winding Halls","player_choice":"Writhe","floor":36.0,"damage_taken":0.0},{"event_name":"Falling","player_choice":"Removed Attack","floor":42,"damage_taken":0}],"boss_relics":[{"not_picked":["Fusion Hammer","Philosopher\u0027s Stone"],"picked":"Snecko Eye"},{"not_picked":["Coffee Dripper","Pandora\u0027s Box"],"picked":"Astrolabe"}],"items_purged_floors":[41],"is_endless":false,"potions_floor_spawned":[1,8,16,18,28,35,38,39],"killed_by":"Awakened One","ascension_level":15}