{"gold_per_floor":[118,268,3,23,23,23,48,48,122,178,198,37,37,52,52,130,130,143,31,49,63,63,63,63,63,63,73,73,73,89,105,105,105],"floor_reached":33,"playtime":748,"items_purged":["Doubt"],"score":429,"play_id":"70ec89f0-fd81-4eec-b176-4aeb10253036","local_time":"20180810001947","is_ascension_mode":true,"campfire_choices":[{"data":"Clothesline","floor":6.0,"key":"SMITH"},{"data":"Spot Weakness","floor":8.0,"key":"SMITH"},{"data":"Entrench","floor":15.0,"key":"SMITH"},{"data":"Whirlwind","floor":23,"key":"SMITH"},{"data":"Limit Break","floor":25,"key":"SMITH"},{"data":"Heavy Blade","floor":32,"key":"SMITH"}],"neow_cost":"NONE","seed_source_timestamp":59482163267115,"circlet_count":0,"master_deck":["Strike_R","Strike_R","Strike_R","Strike_R","Strike_R","Defend_R","Defend_R","Defend_R","Defend_R","Bash","AscendersBane","Clothesline+1","Impervious","Twin Strike","Disarm+1","Spot Weakness+1","Heavy Blade+1","Limit Break+1","Entrench+1","Immolate","Whirlwind+1","Shrug It Off","Shockwave","Headbutt","Rage","Limit Break+1","Impervious","Iron Wave","Metallicize+1"],"special_seed":0,"relics":["Coffee Dripper","Matryoshka","Bag of Marbles","Question Card","Velvet Choker","Smiling Mask","Pantograph"],"potions_floor_usage":[33],"damage_taken":[{"damage":1.0,"enemies":"2 Louse","floor":1.0,"turns":3.0},{"damage":0.0,"enemies":"Cultist","floor":4.0,"turns":3.0},{"damage":19.0,"enemies":"Lagavulin","floor":7.0,"turns":6.0},{"damage":2.0,"enemies":"Small Slimes","floor":11.0,"turns":3.0},{"damage":3.0,"enemies":"Looter","floor":14.0,"turns":2.0},{"damage":15.0,"enemies":"Hexaghost","floor":16.0,"turns":6.0},{"damage":0.0,"enemies":"3 Byrds","floor":18.0,"turns":4.0},{"damage":6.0,"enemies":"Spheric Guardian","floor":20.0,"turns":3.0},{"damage":5,"enemies":"Centurion and Healer","floor":21,"turns":7},{"damage":0,"enemies":"Cultist and Chosen","floor":27,"turns":3},{"damage":18,"enemies":"Snake Plant","floor":30,"turns":4},{"damage":8,"enemies":"Centurion and Healer","floor":31,"turns":5},{"damage":52,"enemies":"Collector","floor":33,"turns":7}],"seed_played":"-7040514742430080466","potions_obtained":[{"floor":1.0,"key":"Ancient Potion"},{"floor":4.0,"key":"PowerPotion"},{"floor":14.0,"key":"Ancient Potion"}],"is_trial":false,"path_per_floor":["M","?","$","M","?","R","E","R","T","?","M","$","?","M","R","B",null,"M","$","M","M","?","R","$","R","T","M","$","?","M","M","R"],"character_chosen":"IRONCLAD","items_purchased":["Impervious","Twin Strike","Limit Break","Shrug It Off","Shockwave"],"campfire_rested":0,"item_purchase_floors":[3,3,12,19,19],"current_hp_per_floor":[67,67,67,67,67,67,48,48,48,48,46,46,46,43,43,28,63,63,63,57,52,52,52,52,52,52,52,52,52,34,26,26,0],"gold":105,"neow_bonus":"BOSS_RELIC","is_prod":false,"is_daily":false,"chose_seed":false,"campfire_upgraded":6,"win_rate":0,"timestamp":1533885587,"path_taken":["M","?","$","M","?","R","E","R","T","?","M","$","?","M","R","BOSS","M","$","M","M","?","R","?","R","T","M","$","?","M","M","R","BOSS"],"build_version":"2018-08-08","purchased_purges":1,"victory":false,"max_hp_per_floor":[75,75,75,75,75,75,75,75,75,75,75,75,75,75,75,75,75,75,75,75,75,75,75,75,75,75,75,75,75,75,75,75,75],"card_choices":[{"not_picked":["Sever Soul","Corruption"],"picked":"Clothesline","floor":1.0},{"not_picked":["Pommel Strike","Clothesline"],"picked":"Disarm","floor":4.0},{"not_picked":["Heavy Blade","Anger"],"picked":"Spot Weakness","floor":7.0},{"not_picked":["Burning Pact","Wild Strike","Searing Blow"],"picked":"Heavy Blade","floor":11.0},{"not_picked":["Thunderclap","Pommel Strike","Combust"],"picked":"Entrench","floor":14.0},{"not_picked":["Fiend Fire","Demon Form","Double Tap"],"picked":"Immolate","floor":16.0},{"not_picked":["Shrug It Off","Rupture","True Grit+1"],"picked":"Whirlwind","floor":18.0},{"not_picked":["Clash","Whirlwind","Inflame+1"],"picked":"Headbutt","floor":20.0},{"not_picked":["Seeing Red","Headbutt","Spot Weakness"],"picked":"Rage","floor":21},{"not_picked":["Wild Strike+1","Rampage","Twin Strike"],"picked":"Impervious","floor":27},{"not_picked":["Wild Strike+1","Perfected Strike","Cleave"],"picked":"Iron Wave","floor":30},{"not_picked":["Body Slam","Twin Strike","Rupture"],"picked":"Metallicize+1","floor":31}],"player_experience":783952,"relics_obtained":[{"floor":7.0,"key":"Matryoshka"},{"floor":9.0,"key":"Bag of Marbles"},{"floor":9.0,"key":"Question Card"},{"floor":26,"key":"Smiling Mask"},{"floor":26,"key":"Pantograph"}],"event_choices":[{"event_name":"Liars Game","player_choice":"agreed","floor":2.0,"damage_taken":0.0},{"event_name":"Living Wall","player_choice":"Grow","floor":5.0,"damage_taken":0.0},{"event_name":"Golden Wing","player_choice":"Gained Gold","floor":10.0,"damage_taken":0.0},{"event_name":"Accursed Blacksmith","player_choice":"Forge","floor":13.0,"damage_taken":0.0},{"event_name":"Match and Keep!","player_choice":"1 cards matched","floor":22,"damage_taken":0},{"event_name":"Beggar","player_choice":"Ignored","floor":29,"damage_taken":0}],"is_beta":true,"boss_relics":[{"not_picked":["Ectoplasm","Empty Cage"],"picked":"Velvet Choker"}],"items_purged_floors":[3],"is_endless":false,"potions_floor_spawned":[1,4,14,16,21,27,31],"killed_by":"Collector","ascension_level":15}