{"gold_per_floor":[118,131,131,22,99,125,125,30,30,30,47,75,225,238,238,317,317,336,306,267,267,284,284,311,311,311,311,42,42,55,55,55,132,132,152,163,177,177,28,63,63,76,121,45,45,57,57,70,70,70,70],"floor_reached":52,"playtime":2864,"items_purged":["Pain"],"score":1941,"play_id":"c549450d-eb42-4f8e-acf1-b5814353c405","local_time":"20190314102431","is_ascension_mode":true,"campfire_choices":[{"data":"Zap","floor":7.0,"key":"SMITH"},{"floor":15.0,"key":"REST"},{"floor":23.0,"key":"REST"},{"data":"Chill","floor":27.0,"key":"SMITH"},{"data":"Hello World","floor":32.0,"key":"SMITH"},{"floor":41,"key":"REST"},{"floor":45,"key":"REST"},{"floor":49,"key":"REST"}],"neow_cost":"NONE","seed_source_timestamp":587808322979,"circlet_count":0,"master_deck":["AscendersBane","Strike_B+1","Strike_B+1","Strike_B+1","Strike_B+1","Defend_B+1","Defend_B+1","Defend_B+1","Defend_B+1","Zap+1","Dualcast","Doubt","Parasite","Shame","Compile Driver","Hello World+1","Cold Snap","Chill+1","Seek","Hello World+1","Hologram","Streamline+1","Hologram","Doubt","Defragment+1","Turbo","Seek","Go for the Eyes+1","Capacitor+1","Hello World+1","Hologram","Hello World+1","Writhe","Creative AI+1","Compile Driver+1","BootSequence","Defragment+1","Cold Snap","Clumsy","Storm+1","Doubt","Force Field"],"special_seed":0,"relics":["Calling Bell","Anchor","Blue Candle","Incense Burner","Frozen Egg 2","Pocketwatch","Bronze Scales","Dream Catcher","Cursed Key","Shuriken","Centennial Puzzle","Oddly Smooth Stone","OrangePellets","DataDisk","Busted Crown","NlothsMask","Whetstone","Bag of Marbles"],"potions_floor_usage":[40,50,51],"damage_taken":[{"damage":17.0,"enemies":"Small Slimes","floor":1.0,"turns":4.0},{"damage":4.0,"enemies":"Cultist","floor":2.0,"turns":4.0},{"damage":3.0,"enemies":"3 Sentries","floor":6.0,"turns":6.0},{"damage":1.0,"enemies":"Jaw Worm","floor":11.0,"turns":3.0},{"damage":29.0,"enemies":"Gremlin Nob","floor":12.0,"turns":4.0},{"damage":5.0,"enemies":"3 Louse","floor":14.0,"turns":4.0},{"damage":17.0,"enemies":"Hexaghost","floor":16.0,"turns":8.0},{"damage":7.0,"enemies":"3 Byrds","floor":18.0,"turns":3.0},{"damage":13.0,"enemies":"2 Thieves","floor":19.0,"turns":4.0},{"damage":2.0,"enemies":"Centurion and Healer","floor":22.0,"turns":6.0},{"damage":22.0,"enemies":"Gremlin Leader","floor":24.0,"turns":6.0},{"damage":4.0,"enemies":"3 Cultists","floor":30.0,"turns":5.0},{"damage":11.0,"enemies":"Champ","floor":33.0,"turns":9.0},{"damage":5.0,"enemies":"3 Shapes","floor":35.0,"turns":4.0},{"damage":2.0,"enemies":"Orb Walker","floor":36.0,"turns":3.0},{"damage":8.0,"enemies":"Spire Growth","floor":37.0,"turns":6.0},{"damage":27,"enemies":"Reptomancer","floor":40,"turns":7},{"damage":3,"enemies":"Jaw Worm Horde","floor":42,"turns":4},{"damage":4,"enemies":"3 Darklings","floor":46,"turns":4},{"damage":3,"enemies":"Sphere and 2 Shapes","floor":48,"turns":3},{"damage":9,"enemies":"Donu and Deca","floor":50,"turns":8},{"damage":18,"enemies":"Time Eater","floor":51,"turns":12}],"seed_played":"-5025735195747129857","potions_obtained":[{"floor":1.0,"key":"SkillPotion"},{"floor":2.0,"key":"AttackPotion"},{"floor":3.0,"key":"SkillPotion"},{"floor":11.0,"key":"Dexterity Potion"},{"floor":18.0,"key":"FearPotion"},{"floor":19.0,"key":"SteroidPotion"},{"floor":24.0,"key":"Explosive Potion"},{"floor":37.0,"key":"Energy Potion"},{"floor":40,"key":"LiquidBronze"},{"floor":42,"key":"Block Potion"}],"is_trial":false,"path_per_floor":["M","M","?","$","T","E","R","$","T","?","M","E","?","M","R","B",null,"M","M","$","?","M","R","E","?","T","R","$","?","M","?","R","B",null,"M","M","M","?","$","E","R","M","T","$","R","M","T","M","R","B","B",null],"character_chosen":"DEFECT","items_purchased":["Cold Snap","Chill","Hello World+1","Hologram","Capacitor+1","OrangePellets","Hologram","Defragment+1","Storm+1"],"campfire_rested":5,"item_purchase_floors":[4,4,8,8,20,28,28,39,44],"current_hp_per_floor":[47,43,43,43,43,40,40,40,40,40,39,10,10,5,26,9,56,49,36,36,36,34,55,33,47,47,47,47,47,43,43,43,32,61,56,54,46,46,46,19,40,37,37,37,58,54,54,51,71,62,44],"gold":70,"neow_bonus":"BOSS_RELIC","is_prod":false,"is_daily":false,"chose_seed":false,"campfire_upgraded":3,"win_rate":0,"timestamp":1552584271,"path_taken":["M","M","?","$","?","E","R","?","T","?","M","E","?","M","R","BOSS","M","M","$","?","?","R","E","?","T","R","$","?","M","?","R","BOSS","M","M","M","?","?","E","R","M","T","$","R","?","?","M","R","BOSS","BOSS"],"build_version":"2019-02-06","purchased_purges":1,"victory":true,"max_hp_per_floor":[71,71,71,71,71,71,71,71,71,71,71,71,71,71,71,71,71,71,71,71,71,71,71,71,71,71,71,71,71,71,71,71,71,71,71,71,71,71,71,71,71,71,71,71,71,71,71,71,71,71,71],"card_choices":[{"not_picked":["Steam","Undo"],"picked":"Compile Driver","floor":1.0},{"not_picked":["Cold Snap","Lockon"],"picked":"Hello World","floor":2.0},{"not_picked":["Machine Learning+1","Consume"],"picked":"Seek","floor":6.0},{"not_picked":["FTL","Gash"],"picked":"Streamline","floor":11.0},{"not_picked":["Aggregate","Meteor Strike"],"picked":"Hologram","floor":12.0},{"not_picked":["Turbo","Steam"],"picked":"Defragment+1","floor":14.0},{"not_picked":["Skim","Go for the Eyes"],"picked":"Turbo","floor":15.0},{"not_picked":["Multi-Cast","Reboot"],"picked":"Seek","floor":16.0},{"not_picked":["Chaos","Leap"],"picked":"Go for the Eyes+1","floor":19.0},{"not_picked":["Force Field","Stack+1"],"picked":"Hello World+1","floor":24.0},{"not_picked":["Steam","Heatsinks+1"],"picked":"Hello World+1","floor":30.0},{"not_picked":["Machine Learning+1","Rainbow"],"picked":"Creative AI+1","floor":33.0},{"not_picked":[],"picked":"Compile Driver","floor":35.0},{"not_picked":["Sweeping Beam"],"picked":"SKIP","floor":36.0},{"not_picked":[],"picked":"BootSequence","floor":37.0},{"not_picked":["Beam Cell"],"picked":"SKIP","floor":40},{"not_picked":[],"picked":"Cold Snap","floor":41},{"not_picked":["Cold Snap"],"picked":"SKIP","floor":48},{"not_picked":[],"picked":"Force Field","floor":49}],"player_experience":1285207,"relics_obtained":[{"floor":0.0,"key":"Anchor"},{"floor":0.0,"key":"Blue Candle"},{"floor":0.0,"key":"Incense Burner"},{"floor":5.0,"key":"Frozen Egg 2"},{"floor":6.0,"key":"Pocketwatch"},{"floor":9.0,"key":"Bronze Scales"},{"floor":12.0,"key":"Dream Catcher"},{"floor":24.0,"key":"Centennial Puzzle"},{"floor":26.0,"key":"Oddly Smooth Stone"},{"floor":40,"key":"Whetstone"},{"floor":47,"key":"Bag of Marbles"}],"event_choices":[{"damage_healed":0.0,"max_hp_gain":0.0,"max_hp_loss":0.0,"gold_gain":0.0,"event_name":"Lab","player_choice":"Got Potions","floor":3.0,"gold_loss":0.0,"damage_taken":0.0},{"damage_healed":0.0,"max_hp_gain":0.0,"max_hp_loss":0.0,"gold_gain":0.0,"event_name":"The Cleric","player_choice":"Leave","floor":10.0,"gold_loss":0.0,"damage_taken":0.0},{"damage_healed":0.0,"max_hp_gain":0.0,"max_hp_loss":0.0,"gold_gain":150.0,"event_name":"Liars Game","player_choice":"AGREE","floor":13.0,"gold_loss":0.0,"damage_taken":0.0,"cards_obtained":["Doubt"]},{"damage_healed":0.0,"max_hp_gain":0.0,"max_hp_loss":0.0,"gold_gain":0.0,"event_name":"WeMeetAgain","player_choice":"Gave Potion","floor":21.0,"gold_loss":0.0,"damage_taken":0.0,"relics_obtained":["Shuriken"]},{"damage_healed":14.0,"max_hp_gain":0.0,"max_hp_loss":0.0,"gold_gain":0.0,"event_name":"The Library","player_choice":"Heal","floor":25.0,"gold_loss":0.0,"damage_taken":0.0},{"damage_healed":0.0,"max_hp_gain":0.0,"max_hp_loss":0.0,"gold_gain":0.0,"event_name":"Back to Basics","player_choice":"Simplicity","floor":29.0,"gold_loss":0.0,"damage_taken":0.0,"cards_upgraded":["Strike_B","Strike_B","Strike_B","Strike_B","Defend_B","Defend_B","Defend_B","Defend_B"]},{"damage_healed":0.0,"max_hp_gain":0.0,"max_hp_loss":0.0,"gold_gain":0.0,"event_name":"The Mausoleum","player_choice":"Opened","floor":31.0,"gold_loss":0.0,"damage_taken":0.0,"relics_obtained":["DataDisk"],"cards_obtained":["Writhe"]},{"damage_healed":0.0,"max_hp_gain":0.0,"max_hp_loss":0.0,"gold_gain":0.0,"event_name":"FaceTrader","player_choice":"Trade","floor":38.0,"gold_loss":0.0,"damage_taken":0.0,"relics_obtained":["NlothsMask"]}],"is_beta":true,"boss_relics":[{"not_picked":["White Beast Statue","Coffee Dripper"],"picked":"Cursed Key"},{"not_picked":["Tiny House","Lizard Tail"],"picked":"Busted Crown"}],"items_purged_floors":[39],"is_endless":false,"potions_floor_spawned":[1,2,11,18,19,24,37,40,42],"ascension_level":20}