{"gold_per_floor":[14,33,8,28,28,28,63,63,63,63,82,82,82,127,127,201,201,211,226,45,60,0,0,14,14],"floor_reached":25,"playtime":993,"items_purged":["Strike_R"],"score":406,"play_id":"ff35d030-3646-4397-8d12-9236492d9da7","local_time":"20190114115825","is_ascension_mode":true,"campfire_choices":[{"data":"Armaments","floor":6.0,"key":"SMITH"},{"data":"Magnetism","floor":8.0,"key":"SMITH"},{"data":"True Grit","floor":10.0,"key":"SMITH"},{"data":"Bash","floor":12.0,"key":"SMITH"},{"data":"Bludgeon","floor":15.0,"key":"SMITH"},{"data":"Entrench","floor":23,"key":"SMITH"}],"neow_cost":"NO_GOLD","seed_source_timestamp":0,"circlet_count":0,"master_deck":["AscendersBane","Strike_R","Strike_R","Strike_R","Strike_R","Defend_R","Defend_R","Defend_R","Defend_R","Bash+1","Secret Technique","Magnetism+1","Flame Barrier","Headbutt","True Grit+1","Armaments+1","Intimidate","Armaments","Bludgeon+1","Double Tap","Perfected Strike+1","Entrench+1","Feel No Pain"],"special_seed":0,"relics":["Burning Blood","Boot","The Courier","Cursed Key","Medical Kit"],"potions_floor_usage":[21,24,25],"damage_taken":[{"damage":13.0,"enemies":"Cultist","floor":1.0,"turns":5.0},{"damage":6.0,"enemies":"Small Slimes","floor":2.0,"turns":5.0},{"damage":0.0,"enemies":"2 Louse","floor":4.0,"turns":4.0},{"damage":15.0,"enemies":"Gremlin Gang","floor":7.0,"turns":8.0},{"damage":1.0,"enemies":"Looter","floor":11.0,"turns":4.0},{"damage":20.0,"enemies":"3 Sentries","floor":14.0,"turns":10.0},{"damage":17.0,"enemies":"The Guardian","floor":16.0,"turns":12.0},{"damage":19.0,"enemies":"Spheric Guardian","floor":18.0,"turns":4.0},{"damage":0.0,"enemies":"3 Byrds","floor":19.0,"turns":4.0},{"damage":7,"enemies":"Centurion and Healer","floor":21,"turns":6},{"damage":13,"enemies":"Snecko","floor":24,"turns":4},{"damage":31,"enemies":"Slavers","floor":25,"turns":3}],"seed_played":"-882922953558365425","potions_obtained":[{"floor":1.0,"key":"FearPotion"},{"floor":13.0,"key":"SteroidPotion"},{"floor":13.0,"key":"SneckoOil"},{"floor":16.0,"key":"Explosive Potion"},{"floor":18.0,"key":"EssenceOfSteel"},{"floor":24,"key":"FearPotion"}],"is_trial":false,"path_per_floor":["M","M","$","M","$","R","M","R","T","R","M","R","?","E","R","B",null,"M","M","$","M","$","R","M","E"],"character_chosen":"IRONCLAD","items_purchased":["True Grit","Medical Kit"],"campfire_rested":0,"item_purchase_floors":[3,20],"current_hp_per_floor":[61,61,61,67,67,67,58,58,58,58,63,63,63,49,49,38,66,53,59,59,58,58,58,51,20],"gold":14,"neow_bonus":"RANDOM_COLORLESS_2","is_prod":false,"is_daily":false,"chose_seed":false,"campfire_upgraded":6,"win_rate":0,"timestamp":1547495905,"path_taken":["M","?","$","M","$","R","M","R","T","R","M","R","?","E","R","BOSS","M","M","$","M","?","R","M","E"],"build_version":"2019-01-10","purchased_purges":1,"victory":false,"max_hp_per_floor":[75,75,75,75,75,75,75,75,75,75,75,75,75,75,75,75,75,75,75,75,75,75,75,75,75],"card_choices":[{"not_picked":["Pummel","Shrug It Off"],"picked":"Flame Barrier","floor":1.0},{"not_picked":["Combust","Rage"],"picked":"Headbutt","floor":2.0},{"not_picked":["Iron Wave","Second Wind"],"picked":"Armaments","floor":4.0},{"not_picked":["Warcry","Infernal Blade"],"picked":"Intimidate","floor":7.0},{"not_picked":["Pommel Strike","Clothesline"],"picked":"Armaments","floor":11.0},{"not_picked":["Carnage","Rampage"],"picked":"Bludgeon","floor":14.0},{"not_picked":["Brutality","Barricade"],"picked":"Double Tap","floor":16.0},{"not_picked":["Inflame","Warcry"],"picked":"Perfected Strike+1","floor":18.0},{"not_picked":["Armaments","Uppercut"],"picked":"Entrench","floor":19.0},{"not_picked":["Heavy Blade","Pommel Strike"],"picked":"Feel No Pain","floor":21}],"player_experience":1016070,"relics_obtained":[{"floor":9.0,"key":"Boot"},{"floor":14.0,"key":"The Courier"}],"event_choices":[{"damage_healed":0.0,"max_hp_gain":0.0,"max_hp_loss":0.0,"gold_gain":0.0,"event_name":"Lab","player_choice":"Got Potions","floor":13.0,"gold_loss":0.0,"damage_taken":0.0}],"is_beta":true,"boss_relics":[{"not_picked":["Busted Crown","Eternal Feather"],"picked":"Cursed Key"}],"items_purged_floors":[22],"is_endless":false,"potions_floor_spawned":[1,16,18,24],"killed_by":"Slavers","ascension_level":20}