{"gold_per_floor":[122,59,59,59,334,334,354,354,354,354],"floor_reached":10,"playtime":120,"items_purged":["Doubt"],"score":108,"play_id":"2cacf4e3-4bc0-4a7c-bdca-c91a001e8b6f","local_time":"20190326235047","is_ascension_mode":true,"campfire_choices":[{"floor":6,"key":"DIG"},{"floor":8,"key":"DIG"}],"neow_cost":"NONE","seed_source_timestamp":5877226802893,"circlet_count":0,"master_deck":["AscendersBane","Strike_R","Strike_R","Strike_R","Strike_R","Strike_R","Defend_R","Defend_R","Defend_R","Defend_R","Bash","Parasite","Writhe","Power Through","Regret","Shrug It Off"],"relics":["Calling Bell","MawBank","Singing Bowl","Shovel","Gremlin Horn","Nunchaku","Smiling Mask","Calipers"],"potions_floor_usage":[],"damage_taken":[{"damage":10,"enemies":"Small Slimes","floor":1,"turns":4},{"damage":11,"enemies":"Cultist","floor":7,"turns":5},{"damage":12,"enemies":"Gremlin Nob","floor":10,"turns":2}],"seed_played":"-5434082941058188406","potions_obtained":[{"floor":7,"key":"Block Potion"}],"is_trial":false,"path_per_floor":["M","$","?","?","?","R","M","R","T","E"],"character_chosen":"IRONCLAD","items_purchased":[],"campfire_rested":0,"item_purchase_floors":[],"current_hp_per_floor":[58,58,63,18,18,18,7,7,7,0],"gold":354,"neow_bonus":"BOSS_RELIC","is_prod":false,"is_daily":false,"chose_seed":false,"campfire_upgraded":0,"win_rate":0,"timestamp":1553669447,"path_taken":["M","$","?","?","?","R","M","R","T","E"],"build_version":"2019-03-15","purchased_purges":1,"victory":false,"max_hp_per_floor":[75,75,80,80,80,80,80,80,80,80],"card_choices":[{"not_picked":["Flex","Fire Breathing"],"picked":"Power Through","floor":1},{"not_picked":["Armaments","Iron Wave"],"picked":"Shrug It Off","floor":7}],"player_experience":1362028,"relics_obtained":[{"floor":0,"key":"MawBank"},{"floor":0,"key":"Singing Bowl"},{"floor":0,"key":"Shovel"},{"floor":6,"key":"Nunchaku"},{"floor":8,"key":"Smiling Mask"},{"floor":9,"key":"Calipers"}],"event_choices":[{"damage_healed":0,"gold_gain":0,"player_choice":"Donut","damage_taken":0,"max_hp_gain":5,"max_hp_loss":0,"event_name":"Big Fish","floor":3,"gold_loss":0},{"damage_healed":0,"gold_gain":0,"player_choice":"Success","damage_taken":45,"relics_obtained":["Gremlin Horn"],"max_hp_gain":0,"max_hp_loss":0,"event_name":"Scrap Ooze","floor":4,"gold_loss":0},{"damage_healed":0,"gold_gain":275,"player_choice":"Desecrate","damage_taken":0,"max_hp_gain":0,"max_hp_loss":0,"event_name":"Golden Shrine","floor":5,"gold_loss":0,"cards_obtained":["Regret"]}],"is_beta":true,"boss_relics":[],"items_purged_floors":[2],"is_endless":false,"potions_floor_spawned":[7],"killed_by":"Gremlin Nob","ascension_level":20}