{"gold_per_floor":[110,110,126,15,15,15,48,48,48,48,13,13,13,28,28,123,161,154,154,154,179,202,202,225,241,241,241,241],"floor_reached":28,"playtime":1146,"items_purged":[],"score":403,"play_id":"24f01a31-8da8-4830-8dd3-be528b957bcd","local_time":"20180708183921","is_ascension_mode":true,"campfire_choices":[{"data":"Phantasmal Killer","floor":6,"key":"SMITH"},{"data":"Neutralize","floor":10,"key":"SMITH"},{"data":"Malaise","floor":12,"key":"SMITH"},{"data":"Leg Sweep","floor":15,"key":"SMITH"},{"data":"Ghostly","floor":23,"key":"SMITH"},{"floor":27,"key":"REST"}],"neow_cost":"NONE","seed_source_timestamp":0,"circlet_count":0,"master_deck":["Defend_G","Defend_G+1","Defend_G","Defend_G","Defend_G","Strike_G","Strike_G","Strike_G","Strike_G","Strike_G","Survivor","Neutralize+1","AscendersBane","Phantasmal Killer+1","Leg Sweep+1","Dagger Spray","All Out Attack","Infinite Blades","Malaise+1","Riddle With Holes","Burst","Dagger Spray","Dagger Throw","Ghostly+1","Ghostly","Ghostly","Ghostly","Ghostly","Malaise","Blur+1","Crippling Poison","Deflect"],"special_seed":17721,"relics":["Ring of the Snake","Golden Idol","Ancient Tea Set","Bottled Tornado","Nloth\u0027s Gift","Ice Cream"],"potions_floor_usage":[7,28],"damage_taken":[{"damage":8,"enemies":"Small Slimes","floor":1,"turns":5},{"damage":2,"enemies":"Jaw Worm","floor":3,"turns":5},{"damage":22,"enemies":"3 Sentries","floor":7,"turns":7},{"damage":0,"enemies":"2 Louse","floor":14,"turns":3},{"damage":36,"enemies":"Hexaghost","floor":16,"turns":13},{"damage":19,"enemies":"2 Thieves","floor":18,"turns":4},{"damage":6,"enemies":"Spheric Guardian","floor":21,"turns":6},{"damage":12,"enemies":"Snake Plant","floor":22,"turns":11},{"damage":3,"enemies":"Slaver and Parasite","floor":24,"turns":18},{"damage":9,"enemies":"Snecko","floor":25,"turns":10},{"damage":14,"enemies":"Sentry and Sphere","floor":28,"turns":15}],"seed_played":"2365577451791200373","potions_obtained":[{"floor":1,"key":"Block Potion"},{"floor":3,"key":"FairyPotion"},{"floor":7,"key":"Energy Potion"}],"is_trial":false,"path_per_floor":["M","?","M","$","?","R","E","$","T","R","?","R","$","M","R","B",null,"M","?","?","M","M","R","M","M","T","R"],"character_chosen":"THE_SILENT","items_purchased":["All Out Attack","Infinite Blades"],"campfire_rested":1,"item_purchase_floors":[4,4],"current_hp_per_floor":[51,56,54,54,54,54,32,32,32,32,48,48,48,48,48,12,56,37,37,34,28,16,16,13,4,4,14,3],"gold":241,"neow_bonus":"ONE_RANDOM_RARE_CARD","is_prod":false,"is_daily":false,"chose_seed":false,"campfire_upgraded":5,"win_rate":0,"timestamp":1531100361,"path_taken":["M","?","M","$","?","R","E","$","T","R","?","R","?","M","R","BOSS","M","?","?","M","M","R","M","M","T","R","?"],"build_version":"2018-07-05","purchased_purges":0,"victory":false,"max_hp_per_floor":[66,71,71,71,64,64,64,64,64,64,64,64,64,64,64,64,69,69,69,34,34,34,34,34,34,34,34,34],"card_choices":[{"not_picked":["Dagger Spray","Flying Knee"],"picked":"Leg Sweep","floor":1},{"not_picked":["Flechettes","Underhanded Strike"],"picked":"Dagger Spray","floor":3},{"not_picked":["Backflip","Reflex"],"picked":"Malaise","floor":7},{"not_picked":["Accuracy","Slice"],"picked":"Riddle With Holes","floor":14},{"not_picked":["Die Die Die","Tools of the Trade"],"picked":"Burst","floor":16},{"not_picked":["Endless Agony","Slice"],"picked":"Dagger Spray","floor":17},{"not_picked":["Distraction","Acrobatics"],"picked":"Dagger Throw","floor":18},{"not_picked":["Skewer","Storm of Steel"],"picked":"Malaise","floor":21},{"not_picked":["Calculated Gamble","Deadly Poison"],"picked":"Blur+1","floor":22},{"not_picked":["Flying Knee","Deadly Poison"],"picked":"Crippling Poison","floor":24},{"not_picked":["Choke+1","Calculated Gamble"],"picked":"Deflect","floor":25}],"player_experience":514444,"relics_obtained":[{"floor":7,"key":"Ancient Tea Set"},{"floor":9,"key":"Bottled Tornado"},{"floor":26,"key":"Ice Cream"}],"event_choices":[{"event_name":"Big Fish","player_choice":"Donut","floor":2,"damage_taken":0},{"event_name":"Golden Idol","player_choice":"Lose Max HP","floor":5,"damage_taken":0},{"event_name":"The Cleric","player_choice":"Healed","floor":11,"damage_taken":0},{"event_name":"N\u0027loth","player_choice":"Traded a Tiny House","floor":19,"damage_taken":0},{"event_name":"Ghosts","player_choice":"Became a Ghost","floor":20,"damage_taken":0}],"boss_relics":[{"not_picked":["Runic Pyramid","Eternal Feather"],"picked":"Tiny House"}],"items_purged_floors":[],"is_endless":false,"potions_floor_spawned":[1,3,7,16,21,25],"killed_by":"Sentry and Sphere","ascension_level":15}