{"gold_per_floor":[116,134,284,284,303,303,338,338,338,356,356,356,367,386,386,386],"floor_reached":16,"playtime":426,"items_purged":[],"score":204,"play_id":"33b8969a-3e18-4ec1-90a1-b117c48c3768","local_time":"20190318131158","is_ascension_mode":true,"campfire_choices":[{"data":"Bash","floor":6,"key":"SMITH"},{"floor":8,"key":"REST"},{"floor":11,"key":"REST"},{"data":"True Grit","floor":15,"key":"SMITH"}],"neow_cost":"NONE","seed_source_timestamp":5093993547404,"circlet_count":0,"master_deck":["AscendersBane","Strike_R","Strike_R","Strike_R","Strike_R","Strike_R","Defend_R","Defend_R","Defend_R","Defend_R","Bash+1","Wild Strike","Reckless Charge","Shockwave","Uppercut+1","Pommel Strike+1","True Grit+1","Uppercut+1"],"relics":["Calling Bell","Bag of Marbles","Gremlin Horn","Ice Cream","Molten Egg 2","Happy Flower"],"potions_floor_usage":[14,16],"damage_taken":[{"damage":7,"enemies":"Jaw Worm","floor":1,"turns":3},{"damage":0,"enemies":"Small Slimes","floor":2,"turns":3},{"damage":12,"enemies":"Cultist","floor":5,"turns":4},{"damage":43,"enemies":"3 Sentries","floor":7,"turns":12},{"damage":0,"enemies":"Exordium Wildlife","floor":10,"turns":2},{"damage":5,"enemies":"Red Slaver","floor":13,"turns":2},{"damage":0,"enemies":"2 Fungi Beasts","floor":14,"turns":1},{"damage":47,"enemies":"Hexaghost","floor":16,"turns":10}],"seed_played":"3359946623931529154","potions_obtained":[{"floor":10,"key":"Fire Potion"},{"floor":14,"key":"EssenceOfSteel"}],"is_trial":false,"path_per_floor":["M","M","?","?","M","R","E","R","T","M","R","?","M","M","R","B"],"character_chosen":"IRONCLAD","items_purchased":[],"campfire_rested":2,"item_purchase_floors":[],"current_hp_per_floor":[61,61,61,61,49,49,6,28,28,28,50,50,45,45,45,0],"gold":386,"neow_bonus":"BOSS_RELIC","is_prod":false,"is_daily":false,"chose_seed":false,"campfire_upgraded":2,"win_rate":0,"timestamp":1552939918,"path_taken":["M","M","?","?","?","R","E","R","T","M","R","?","?","M","R","BOSS"],"build_version":"2019-03-15","purchased_purges":0,"victory":false,"max_hp_per_floor":[75,75,75,75,75,75,75,75,75,75,75,72,72,72,72,72],"card_choices":[{"not_picked":["Pummel","Clothesline"],"picked":"Wild Strike","floor":1},{"not_picked":["Flex","Heavy Blade"],"picked":"Reckless Charge","floor":2},{"not_picked":["Havoc","Sword Boomerang"],"picked":"Shockwave","floor":5},{"not_picked":["Shrug It Off","Impervious"],"picked":"Uppercut","floor":7},{"not_picked":["Clothesline+1","Rupture"],"picked":"Pommel Strike+1","floor":10},{"not_picked":["Sword Boomerang+1","Havoc"],"picked":"True Grit","floor":13},{"not_picked":["Sword Boomerang+1","Body Slam+1"],"picked":"Uppercut+1","floor":14}],"player_experience":1316721,"relics_obtained":[{"floor":0,"key":"Bag of Marbles"},{"floor":0,"key":"Gremlin Horn"},{"floor":0,"key":"Ice Cream"},{"floor":7,"key":"Molten Egg 2"},{"floor":9,"key":"Happy Flower"}],"event_choices":[{"damage_healed":0,"gold_gain":150,"player_choice":"AGREE","damage_taken":0,"max_hp_gain":0,"max_hp_loss":0,"event_name":"Liars Game","floor":3,"gold_loss":0,"cards_obtained":["Doubt"]},{"damage_healed":0,"gold_gain":0,"player_choice":"1 cards matched","damage_taken":0,"max_hp_gain":0,"max_hp_loss":0,"event_name":"Match and Keep!","floor":4,"gold_loss":0,"cards_obtained":["Shame"]},{"cards_removed":["Shame","Doubt","Clumsy","Normality","Parasite"],"damage_healed":0,"gold_gain":0,"player_choice":"Removed Curses","damage_taken":0,"max_hp_gain":0,"max_hp_loss":0,"event_name":"Fountain of Cleansing","floor":12,"gold_loss":0}],"is_beta":true,"boss_relics":[],"items_purged_floors":[],"is_endless":false,"potions_floor_spawned":[10,14],"killed_by":"Hexaghost","ascension_level":20}