{"gold_per_floor":[118,43,43,61,61,96,96,96,96,115,115,138,162,187,187,187],"floor_reached":16,"playtime":277,"items_purged":["Defend_G"],"score":133,"play_id":"8421cf34-b88e-4fea-a9ce-fa232d5632d0","local_time":"20190806232212","is_ascension_mode":true,"campfire_choices":[{"data":"Neutralize","floor":15,"key":"SMITH"}],"neow_cost":"NONE","seed_source_timestamp":4997559905575,"circlet_count":0,"master_deck":["Strike_G","Strike_G","Strike_G","Defend_G","Defend_G","Defend_G","Defend_G","Survivor","Neutralize+1","Tactician","Strike_G"],"relics":["Ring of the Snake","NeowsBlessing","Golden Idol","The Specimen","Meat on the Bone"],"potions_floor_usage":[13,16],"damage_taken":[{"damage":0,"enemies":"2 Louse","floor":1,"turns":1},{"damage":0,"enemies":"Jaw Worm","floor":4,"turns":1},{"damage":0,"enemies":"Lagavulin","floor":6,"turns":1},{"damage":0,"enemies":"Small Slimes","floor":10,"turns":3},{"damage":3,"enemies":"3 Louse","floor":12,"turns":5},{"damage":0,"enemies":"Lots of Slimes","floor":13,"turns":6},{"damage":4,"enemies":"Blue Slaver","floor":14,"turns":4},{"damage":12,"enemies":"Slime Boss","floor":16,"turns":4}],"seed_played":"1508007433862563545","potions_obtained":[{"floor":4,"key":"AttackPotion"},{"floor":6,"key":"Dexterity Potion"},{"floor":12,"key":"Energy Potion"}],"is_trial":false,"path_per_floor":["M","$","?","M","?","E","$","?","T","M","?","M","M","M","R","B"],"character_chosen":"THE_SILENT","items_purchased":[],"campfire_rested":0,"item_purchase_floors":[],"current_hp_per_floor":[70,70,65,65,70,70,70,63,63,63,63,60,60,56,56,44],"gold":187,"neow_bonus":"THREE_ENEMY_KILL","is_prod":false,"is_daily":false,"chose_seed":false,"campfire_upgraded":1,"win_rate":0,"timestamp":1565158932,"path_taken":["M","$","?","M","?","E","?","?","T","M","?","M","?","M","R","BOSS"],"build_version":"2019-07-18","purchased_purges":1,"victory":false,"max_hp_per_floor":[70,70,65,65,70,70,70,70,70,70,70,70,70,70,70,70],"card_choices":[{"not_picked":["Footwork","Blade Dance","Quick Slash"],"picked":"SKIP","floor":4},{"not_picked":["Accuracy","Terror","Backstab"],"picked":"SKIP","floor":6},{"not_picked":["Choke","Backflip"],"picked":"Tactician","floor":10},{"not_picked":["Prepared","All Out Attack","Deadly Poison"],"picked":"SKIP","floor":12},{"not_picked":["Dagger Spray","Flechettes","Venomology"],"picked":"SKIP","floor":13},{"not_picked":["Sucker Punch","Dagger Throw","Dodge and Roll"],"picked":"SKIP","floor":14}],"player_experience":1382526,"relics_obtained":[{"floor":6,"key":"The Specimen"},{"floor":9,"key":"Meat on the Bone"}],"event_choices":[{"damage_healed":0,"gold_gain":0,"player_choice":"Lose Max HP","damage_taken":0,"relics_obtained":["Golden Idol"],"max_hp_gain":0,"max_hp_loss":5,"event_name":"Golden Idol","floor":3,"gold_loss":0},{"damage_healed":0,"gold_gain":0,"player_choice":"Donut","damage_taken":0,"max_hp_gain":5,"max_hp_loss":0,"event_name":"Big Fish","floor":5,"gold_loss":0},{"cards_removed":["Strike_G"],"damage_healed":0,"gold_gain":0,"player_choice":"Card Removal","damage_taken":7,"max_hp_gain":0,"max_hp_loss":0,"event_name":"Golden Wing","floor":8,"gold_loss":0},{"cards_removed":["Strike_G"],"damage_healed":0,"gold_gain":0,"player_choice":"Took Card","damage_taken":0,"max_hp_gain":0,"max_hp_loss":0,"event_name":"NoteForYourself","floor":11,"gold_loss":0,"cards_obtained":["Strike_G"]}],"is_beta":true,"boss_relics":[],"items_purged_floors":[2],"is_endless":false,"potions_floor_spawned":[4,6,12],"killed_by":"Slime Boss","ascension_level":1}