{"gold_per_floor":[113,133,143,153,228,228,246,257,281,281,299,299,315,335,335,438,438,425,438,98,114,37,37,37],"floor_reached":24,"playtime":1727,"items_purged":["Berserk+1"],"score":273,"play_id":"c8f08ae0-f40c-4c0d-a838-c127b9209218","local_time":"20180712202010","is_ascension_mode":true,"campfire_choices":[{"data":"Uppercut","floor":6,"key":"SMITH"},{"data":"Feed","floor":10,"key":"SMITH"},{"data":"Exhume","floor":12,"key":"SMITH"},{"data":"True Grit","floor":15,"key":"SMITH"},{"floor":23,"key":"REST"}],"neow_cost":"NONE","seed_source_timestamp":82424957991133,"circlet_count":0,"master_deck":["Strike_R","Strike_R","Defend_R","Defend_R","Defend_R+1","Defend_R","Bash","Feed+1","Uppercut+1","Shrug It Off+1","Burning Pact","True Grit+1","Armaments","Exhume+1","Hemokinesis","Reaper","Demon Form+1","Armaments+1","Warcry+1","Disarm","Feel No Pain","J.A.X."],"relics":["Burning Blood","War Paint","Astrolabe","Medical Kit"],"potions_floor_usage":[7,8,13,16,16,16,21,21],"damage_taken":[{"damage":18,"enemies":"Jaw Worm","floor":1,"turns":4},{"damage":9,"enemies":"Small Slimes","floor":2,"turns":5},{"damage":2,"enemies":"2 Louse","floor":3,"turns":2},{"damage":7,"enemies":"2 Fungi Beasts","floor":4,"turns":4},{"damage":15,"enemies":"Exordium Thugs","floor":7,"turns":3},{"damage":6,"enemies":"Lots of Slimes","floor":8,"turns":4},{"damage":7,"enemies":"Blue Slaver","floor":11,"turns":7},{"damage":6,"enemies":"Exordium Thugs","floor":13,"turns":4},{"damage":1,"enemies":"Red Slaver","floor":14,"turns":3},{"damage":71,"enemies":"Slime Boss","floor":16,"turns":18},{"damage":41,"enemies":"2 Thieves","floor":18,"turns":4},{"damage":29,"enemies":"Chosen","floor":19,"turns":6},{"damage":69,"enemies":"Slaver and Parasite","floor":21,"turns":10},{"damage":122,"enemies":"Slavers","floor":24,"turns":9}],"seed_played":"-881008564887753626","potions_obtained":[{"floor":2,"key":"AttackPotion"},{"floor":4,"key":"Explosive Potion"},{"floor":7,"key":"GamblersBrew"},{"floor":8,"key":"Energy Potion"},{"floor":13,"key":"SteroidPotion"},{"floor":14,"key":"PowerPotion"},{"floor":18,"key":"EssenceOfSteel"}],"is_trial":false,"path_per_floor":["M","M","M","M","?","R","M","M","T","R","M","R","M","M","R","B",null,"M","M","$","M","?","R"],"character_chosen":"IRONCLAD","items_purchased":["Medical Kit","LiquidBronze"],"campfire_rested":1,"item_purchase_floors":[20,20],"current_hp_per_floor":[71,71,78,80,69,69,63,66,66,66,69,69,77,86,86,29,122,99,91,91,46,46,86,0],"gold":37,"neow_bonus":"ONE_RANDOM_RARE_CARD","is_prod":false,"is_daily":false,"chose_seed":false,"campfire_upgraded":4,"win_rate":0,"timestamp":1531441210,"path_taken":["M","M","M","M","?","R","M","M","T","R","M","R","M","M","R","BOSS","M","M","$","M","?","R","E"],"build_version":"2018-07-12","purchased_purges":1,"victory":false,"max_hp_per_floor":[83,86,89,92,92,92,95,98,98,98,102,102,110,114,114,122,122,126,130,130,134,134,134,134],"card_choices":[{"not_picked":["Pommel Strike","Iron Wave"],"picked":"Uppercut","floor":1},{"not_picked":["Rupture","Anger"],"picked":"Shrug It Off","floor":2},{"not_picked":["Bloodletting","Pummel","Berserk"],"picked":"SKIP","floor":3},{"not_picked":["Rage","Evolve"],"picked":"Burning Pact","floor":4},{"not_picked":["Warcry","Twin Strike"],"picked":"True Grit","floor":7},{"not_picked":["Combust","Havoc"],"picked":"Armaments","floor":8},{"not_picked":["Headbutt","Clash"],"picked":"Exhume","floor":11},{"not_picked":["True Grit","Anger","Heavy Blade"],"picked":"SKIP","floor":13},{"not_picked":["Flex","Thunderclap"],"picked":"Hemokinesis","floor":14},{"not_picked":["Bludgeon","Limit Break"],"picked":"Reaper","floor":16},{"not_picked":["Carnage","Perfected Strike"],"picked":"Warcry+1","floor":18},{"not_picked":["Twin Strike+1","Feed"],"picked":"Disarm","floor":19},{"not_picked":["Cleave","Havoc"],"picked":"Feel No Pain","floor":21}],"player_experience":267734,"relics_obtained":[{"floor":9,"key":"War Paint"}],"event_choices":[{"event_name":"World of Goop","player_choice":"Gather Gold","floor":5,"damage_taken":0},{"event_name":"Drug Dealer","player_choice":"Got JAXXED","floor":22,"damage_taken":0}],"boss_relics":[{"not_picked":["Runic Dome","Tiny House"],"picked":"Astrolabe"}],"items_purged_floors":[20],"is_endless":false,"potions_floor_spawned":[2,4,7,8,13,14,18],"killed_by":"Slavers","ascension_level":3}