{"gold_per_floor":[111,186,111,111,111,138,154,54,132,151,151,26,26,26,26,156,219,234,249,274,124,124,159,159,175,175,175,100,144,168,193,193,323,323,348,416,416,241,241,241,277,277,325,325,340,355,58,82,82,82],"floor_reached":50,"playtime":3346,"items_purged":["Catalyst","Accuracy","Deflect","Neutralize+1","Escape Plan+1","Prepared"],"score":689,"play_id":"a3ab39f4-c6a7-4405-ad19-0c71958a7506","local_time":"20190827222923","is_ascension_mode":true,"campfire_choices":[{"data":"Neutralize","floor":11.0,"key":"SMITH"},{"data":"A Thousand Cuts","floor":13.0,"key":"SMITH"},{"data":"Underhanded Strike","floor":15.0,"key":"SMITH"},{"data":"Escape Plan","floor":24.0,"key":"SMITH"},{"floor":27.0,"key":"REST"},{"floor":32.0,"key":"REST"},{"data":"Reflex","floor":40.0,"key":"SMITH"},{"data":"Tactician","floor":42.0,"key":"SMITH"},{"floor":49.0,"key":"REST"}],"neow_cost":"NONE","seed_source_timestamp":0,"circlet_count":0,"master_deck":["After Image","A Thousand Cuts+1","Tactician+1","Storm of Steel","Reflex+1","Backflip"],"special_seed":0,"relics":["Pandora\u0027s Box","Dodecahedron","Gremlin Horn","Golden Idol","Tiny House","Omamori","Torii","Anchor","WristBlade","WingedGreaves","Happy Flower","Blood Vial"],"potions_floor_usage":[50,50,50],"damage_taken":[{"damage":0.0,"enemies":"2 Louse","floor":1.0,"turns":3.0},{"damage":31.0,"enemies":"Gremlin Nob","floor":6.0,"turns":6.0},{"damage":4.0,"enemies":"Small Slimes","floor":7.0,"turns":4.0},{"damage":0.0,"enemies":"Jaw Worm","floor":10.0,"turns":4.0},{"damage":0.0,"enemies":"The Guardian","floor":16.0,"turns":10.0},{"damage":2.0,"enemies":"Chosen","floor":18.0,"turns":3.0},{"damage":0.0,"enemies":"Shell Parasite","floor":19.0,"turns":5.0},{"damage":6.0,"enemies":"Centurion and Healer","floor":20.0,"turns":6.0},{"damage":0.0,"enemies":"Gremlin Leader","floor":23.0,"turns":4.0},{"damage":33.0,"enemies":"Snecko","floor":25.0,"turns":6.0},{"damage":35.0,"enemies":"Slavers","floor":29.0,"turns":4.0},{"damage":0.0,"enemies":"3 Cultists","floor":30.0,"turns":3.0},{"damage":15.0,"enemies":"Snake Plant","floor":31.0,"turns":4.0},{"damage":0.0,"enemies":"Automaton","floor":33.0,"turns":6.0},{"damage":0.0,"enemies":"Orb Walker","floor":35.0,"turns":3.0},{"damage":7.0,"enemies":"2 Orb Walkers","floor":36.0,"turns":3.0},{"damage":12.0,"enemies":"Nemesis","floor":41.0,"turns":3.0},{"damage":0.0,"enemies":"3 Darklings","floor":45.0,"turns":1.0},{"damage":0.0,"enemies":"Spire Growth","floor":46.0,"turns":2.0},{"damage":0.0,"enemies":"4 Shapes","floor":48.0,"turns":4.0},{"damage":83,"enemies":"Time Eater","floor":50,"turns":7}],"seed_played":"2669","potions_obtained":[{"floor":1.0,"key":"SteroidPotion"},{"floor":10.0,"key":"Block Potion"},{"floor":16.0,"key":"EssenceOfSteel"},{"floor":23.0,"key":"PowerPotion"},{"floor":31.0,"key":"SkillPotion"},{"floor":36.0,"key":"Poison Potion"},{"floor":45.0,"key":"GhostInAJar"},{"floor":48.0,"key":"Poison Potion"}],"is_trial":false,"path_per_floor":["M","?","$","?","?","E","M","$","T","M","R","$","R","?","R","B",null,"M","M","M","$","?","E","R","M","T","R","?","E","M","M","R","B",null,"M","?","?","$","?","R","E","R","T","$","M","M","$","M","R","B"],"character_chosen":"THE_SILENT","items_purchased":["Backflip","Swift Potion"],"campfire_rested":3,"item_purchase_floors":[47,47],"current_hp_per_floor":[70,59,59,64,64,33,29,29,29,29,29,29,29,29,29,29,74,72,72,66,66,66,66,66,33,33,55,55,20,20,5,27,27,74,74,67,67,67,67,67,55,55,55,55,57,59,59,61,74,0],"gold":82,"neow_bonus":"BOSS_RELIC","is_prod":false,"is_daily":false,"chose_seed":false,"campfire_upgraded":6,"win_rate":0,"timestamp":1566970163,"path_taken":["M","?","$","?","?","E","M","?","T","M","R","$","R","?","R","BOSS","M","M","M","$","?","E","R","?","T","R","?","E","M","M","R","BOSS","M","?","?","$","?","R","E","R","T","$","M","M","$","?","R","BOSS"],"build_version":"2019-08-23","purchased_purges":6,"victory":false,"max_hp_per_floor":[70,70,70,75,75,75,75,75,75,75,75,75,75,69,69,69,74,74,74,74,74,74,74,74,74,74,74,74,74,74,74,74,74,74,74,74,74,74,74,74,74,74,74,74,74,74,74,74,74,74],"card_choices":[{"not_picked":["Cloak And Dagger","PiercingWail","Outmaneuver"],"picked":"SKIP","floor":6.0},{"not_picked":["Tools of the Trade","Malaise"],"picked":"Storm of Steel","floor":16.0},{"not_picked":["Dagger Throw","Deflect","Well Laid Plans"],"picked":"SKIP","floor":18.0},{"not_picked":["Bouncing Flask+1","Calculated Gamble","Prepared"],"picked":"SKIP","floor":19.0},{"not_picked":["Blade Dance","Prepared+1","All Out Attack+1"],"picked":"SKIP","floor":20.0},{"not_picked":["Wraith Form v2","Noxious Fumes","PiercingWail+1"],"picked":"SKIP","floor":23.0},{"not_picked":["PiercingWail","Slice","Bouncing Flask+1"],"picked":"SKIP","floor":29.0},{"not_picked":["Acrobatics","Unload","Dodge and Roll"],"picked":"SKIP","floor":30.0},{"not_picked":["Caltrops+1","Dagger Throw"],"picked":"Backflip","floor":31.0},{"not_picked":["Crippling Poison","All Out Attack+1","Sucker Punch"],"picked":"SKIP","floor":35.0},{"not_picked":["Leg Sweep","Caltrops+1","Blur"],"picked":"SKIP","floor":41.0},{"not_picked":["Outmaneuver+1","Cloak And Dagger","Escape Plan+1"],"picked":"SKIP","floor":45.0},{"not_picked":["Dagger Spray+1","Dagger Throw+1","PiercingWail+1"],"picked":"SKIP","floor":46.0},{"not_picked":["Quick Slash+1","Heel Hook+1","Bouncing Flask+1"],"picked":"SKIP","floor":48.0}],"player_experience":1457998,"relics_obtained":[{"floor":6.0,"key":"Dodecahedron"},{"floor":9.0,"key":"Gremlin Horn"},{"floor":23.0,"key":"Omamori"},{"floor":26.0,"key":"Torii"},{"floor":29.0,"key":"Anchor"},{"floor":36.0,"key":"WingedGreaves"},{"floor":41.0,"key":"Happy Flower"},{"floor":43.0,"key":"Blood Vial"}],"event_choices":[{"damage_healed":0.0,"max_hp_gain":0.0,"max_hp_loss":0.0,"gold_gain":75.0,"event_name":"World of Goop","player_choice":"Gather Gold","floor":2.0,"gold_loss":0.0,"damage_taken":11.0},{"damage_healed":0.0,"max_hp_gain":5.0,"max_hp_loss":0.0,"gold_gain":0.0,"event_name":"Big Fish","player_choice":"Donut","floor":4.0,"gold_loss":0.0,"damage_taken":0.0},{"damage_healed":0.0,"max_hp_gain":0.0,"max_hp_loss":0.0,"gold_gain":0.0,"event_name":"Liars Game","player_choice":"Ignored","floor":5.0,"gold_loss":0.0,"damage_taken":0.0},{"damage_healed":0.0,"max_hp_gain":0.0,"max_hp_loss":6.0,"gold_gain":0.0,"event_name":"Golden Idol","player_choice":"Lose Max HP","floor":14.0,"gold_loss":0.0,"damage_taken":0.0,"relics_obtained":["Golden Idol"]},{"cards_removed":["Survivor"],"damage_healed":0.0,"max_hp_gain":0.0,"max_hp_loss":0.0,"gold_gain":0.0,"event_name":"Bonfire Elementals","player_choice":"Offered Basic","floor":22.0,"gold_loss":0.0,"damage_taken":0.0},{"cards_removed":["Backstab"],"damage_healed":0.0,"max_hp_gain":0.0,"max_hp_loss":0.0,"gold_gain":0.0,"event_name":"Beggar","player_choice":"Gave Gold","floor":28.0,"gold_loss":75.0,"damage_taken":0.0},{"damage_healed":0.0,"max_hp_gain":0.0,"max_hp_loss":0.0,"gold_gain":0.0,"event_name":"Mysterious Sphere","player_choice":"Fight","floor":36.0,"gold_loss":0.0,"damage_taken":0.0},{"cards_removed":["Underhanded Strike"],"damage_healed":0.0,"max_hp_gain":0.0,"max_hp_loss":0.0,"gold_gain":0.0,"event_name":"Falling","player_choice":"Removed Attack","floor":37.0,"gold_loss":0.0,"damage_taken":0.0},{"damage_healed":0.0,"max_hp_gain":0.0,"max_hp_loss":0.0,"gold_gain":0.0,"cards_transformed":["Backflip"],"event_name":"Transmorgrifier","player_choice":"Transformed","floor":39.0,"gold_loss":0.0,"damage_taken":0.0,"cards_obtained":["Reflex"]}],"is_beta":true,"boss_relics":[{"not_picked":["Ectoplasm","Runic Dome"],"picked":"Tiny House"},{"not_picked":["Eternal Feather","HoveringKite"],"picked":"WristBlade"}],"items_purged_floors":[3,8,12,21,38,47],"is_endless":false,"potions_floor_spawned":[1,10,16,19,20,23,31,36,45,48],"killed_by":"Time Eater","ascension_level":1}