{"gold_per_floor":[118,133,83,83,13,40,40,71,71,71,85,85,117,131,131,234,234,246,246,346,360,372,372,404,414,440,452,478,505,517,558,570,582],"floor_reached":33,"playtime":994,"items_purged":[],"score":381,"play_id":"89297f55-58f2-4693-8ef8-49ae87c37221","local_time":"20190821164548","is_ascension_mode":true,"campfire_choices":[{"data":"Immolate","floor":7,"key":"SMITH"},{"data":"Inflame","floor":10,"key":"SMITH"},{"data":"Rampage","floor":12,"key":"SMITH"},{"data":"Whirlwind","floor":15,"key":"SMITH"},{"data":"Warcry","floor":23,"key":"SMITH"},{"floor":27,"key":"REST"},{"data":"Evolve","floor":32,"key":"SMITH"}],"neow_cost":"CURSE","seed_source_timestamp":101750252627400,"circlet_count":0,"master_deck":["Strike_R","Strike_R","Strike_R","Strike_R","Defend_R","Defend_R","Defend_R+1","Defend_R","Bash","Immolate+1","Evolve+1","Battle Trance+1","Rampage+1","Shockwave","Inflame+1","Whirlwind+1","Juggernaut","Wild Strike+1","Pommel Strike","Warcry+1","Dropkick+1","Body Slam+1","Flex+1"],"relics":["Burning Blood","Bottled Lightning","War Paint","Blue Candle","Regal Pillow","Mark of Pain","Mummified Hand","Bronze Scales","MawBank","Bag of Preparation"],"potions_floor_usage":[16,22,24,28,33,33],"damage_taken":[{"damage":1,"enemies":"Cultist","floor":1,"turns":3},{"damage":0,"enemies":"Small Slimes","floor":2,"turns":3},{"damage":20,"enemies":"3 Sentries","floor":6,"turns":4},{"damage":10,"enemies":"Lagavulin","floor":8,"turns":5},{"damage":0,"enemies":"2 Louse","floor":11,"turns":1},{"damage":10,"enemies":"3 Sentries","floor":13,"turns":4},{"damage":0,"enemies":"Gremlin Gang","floor":14,"turns":1},{"damage":39,"enemies":"Hexaghost","floor":16,"turns":7},{"damage":8,"enemies":"Chosen","floor":18,"turns":4},{"damage":15,"enemies":"2 Thieves","floor":21,"turns":3},{"damage":18,"enemies":"Snecko","floor":22,"turns":3},{"damage":32,"enemies":"Book of Stabbing","floor":24,"turns":4},{"damage":8,"enemies":"Chosen and Byrds","floor":25,"turns":2},{"damage":17,"enemies":"3 Cultists","floor":28,"turns":4},{"damage":0,"enemies":"Sentry and Sphere","floor":29,"turns":1},{"damage":5,"enemies":"Gremlin Leader","floor":31,"turns":4},{"damage":81,"enemies":"Champ","floor":33,"turns":6}],"seed_played":"4748594550045824360","potions_obtained":[{"floor":2,"key":"PowerPotion"},{"floor":11,"key":"FearPotion"},{"floor":14,"key":"Block Potion"},{"floor":21,"key":"Poison Potion"},{"floor":24,"key":"Fire Potion"},{"floor":25,"key":"Swift Potion"},{"floor":28,"key":"Strength Potion"}],"is_trial":false,"path_per_floor":["M","M","?","?","$","E","R","E","T","R","M","R","E","M","R","B",null,"M","T","?","M","M","R","E","M","T","R","M","M","?","E","R","B"],"character_chosen":"IRONCLAD","items_purchased":["Rampage"],"campfire_rested":1,"item_purchase_floors":[5],"current_hp_per_floor":[80,80,77,77,77,63,63,59,59,59,65,65,61,67,67,34,66,64,64,64,55,43,43,17,15,15,53,42,48,73,74,74,0],"gold":582,"neow_bonus":"THREE_RARE_CARDS","is_prod":false,"is_daily":false,"chose_seed":false,"campfire_upgraded":6,"win_rate":0,"timestamp":1566373548,"path_taken":["M","M","?","?","$","E","R","E","T","R","M","R","E","M","R","BOSS","M","?","?","M","?","R","E","M","T","R","M","M","?","E","R","BOSS"],"build_version":"2019-07-17","purchased_purges":0,"victory":false,"max_hp_per_floor":[80,80,77,77,77,77,77,77,77,77,77,77,77,77,77,77,77,77,77,77,77,77,77,77,77,77,77,77,77,77,77,77,77],"card_choices":[{"not_picked":["Dark Embrace","Juggernaut"],"picked":"Immolate","floor":0},{"not_picked":["Warcry","Iron Wave"],"picked":"Evolve","floor":1},{"not_picked":["True Grit","Infernal Blade"],"picked":"Battle Trance","floor":2},{"not_picked":["Heavy Blade","Double Tap"],"picked":"Shockwave","floor":6},{"not_picked":["Entrench","Searing Blow"],"picked":"Inflame","floor":8},{"not_picked":["Armaments","Clash","Perfected Strike"],"picked":"SKIP","floor":11},{"not_picked":["Wild Strike","Metallicize"],"picked":"Whirlwind","floor":13},{"not_picked":["Headbutt","Flex","Searing Blow"],"picked":"SKIP","floor":14},{"not_picked":["Bludgeon","Dark Embrace"],"picked":"Juggernaut","floor":16},{"not_picked":["Sword Boomerang","Clash"],"picked":"Wild Strike+1","floor":18},{"not_picked":["Rage","Clothesline"],"picked":"Pommel Strike","floor":21},{"not_picked":["Anger","Havoc+1"],"picked":"Warcry","floor":22},{"not_picked":["Limit Break","Warcry"],"picked":"Dropkick+1","floor":24},{"not_picked":["Clash+1","Perfected Strike+1","Rage"],"picked":"SKIP","floor":25},{"not_picked":["Perfected Strike","Cleave"],"picked":"Body Slam+1","floor":28},{"not_picked":["Perfected Strike","Hemokinesis","Carnage"],"picked":"SKIP","floor":29},{"not_picked":["Bloodletting","Sever Soul"],"picked":"Flex+1","floor":31}],"player_experience":217832,"relics_obtained":[{"floor":6,"key":"Bottled Lightning"},{"floor":8,"key":"War Paint"},{"floor":9,"key":"Blue Candle"},{"floor":13,"key":"Regal Pillow"},{"floor":19,"key":"Mummified Hand"},{"floor":24,"key":"Bronze Scales"},{"floor":26,"key":"MawBank"},{"floor":31,"key":"Bag of Preparation"}],"event_choices":[{"cards_removed":["Parasite"],"damage_healed":0,"gold_gain":0,"player_choice":"Card Removal","damage_taken":0,"max_hp_gain":0,"max_hp_loss":0,"event_name":"The Cleric","floor":3,"gold_loss":50},{"cards_removed":["Strike_R"],"damage_healed":0,"gold_gain":0,"player_choice":"Offered Basic","damage_taken":0,"max_hp_gain":0,"max_hp_loss":0,"event_name":"Bonfire Elementals","floor":4,"gold_loss":0},{"damage_healed":0,"gold_gain":100,"player_choice":"Pray","damage_taken":0,"max_hp_gain":0,"max_hp_loss":0,"event_name":"Golden Shrine","floor":20,"gold_loss":0},{"damage_healed":25,"gold_gain":0,"player_choice":"Heal","damage_taken":0,"max_hp_gain":0,"max_hp_loss":0,"event_name":"The Library","floor":30,"gold_loss":0}],"is_beta":false,"boss_relics":[{"not_picked":["Busted Crown","Tiny House"],"picked":"Mark of Pain"}],"items_purged_floors":[],"is_endless":false,"potions_floor_spawned":[2,11,14,21,24,25,28,29],"killed_by":"Champ","ascension_level":5}