{"gold_per_floor":[119,138,138,153,203,234,33,33,88,88],"floor_reached":10,"playtime":605,"items_purged":["Strike_G"],"score":132,"play_id":"19fd1f90-9f91-4228-b8af-44f47969036d","local_time":"20190810120554","is_ascension_mode":true,"campfire_choices":[{"floor":8,"key":"REST"}],"neow_cost":"PERCENT_DAMAGE","seed_source_timestamp":190801435715800,"circlet_count":0,"master_deck":["AscendersBane","Strike_G","Strike_G","Strike_G","Strike_G","Defend_G","Defend_G","Defend_G","Defend_G","Defend_G","Survivor","Neutralize+1","Heel Hook","Prepared","Dodge and Roll","Accuracy","Infinite Blades","Backflip"],"relics":["Ring of the Snake","Nunchaku","MawBank","Anchor"],"potions_floor_usage":[6,10],"damage_taken":[{"damage":0,"enemies":"2 Louse","floor":1,"turns":4},{"damage":1,"enemies":"Cultist","floor":2,"turns":4},{"damage":0,"enemies":"Small Slimes","floor":4,"turns":4},{"damage":32,"enemies":"3 Sentries","floor":6,"turns":10},{"damage":53,"enemies":"Gremlin Nob","floor":10,"turns":4}],"seed_played":"3777192535081825155","potions_obtained":[{"floor":1,"key":"PowerPotion"},{"floor":6,"key":"Regen Potion"}],"is_trial":false,"path_per_floor":["M","M","?","M","?","E","$","R","T","E"],"character_chosen":"THE_SILENT","items_purchased":["Infinite Blades","Backflip"],"campfire_rested":1,"item_purchase_floors":[7,7],"current_hp_per_floor":[44,43,43,43,37,5,5,24,24,0],"gold":88,"neow_bonus":"ONE_RARE_RELIC","is_prod":false,"is_daily":false,"chose_seed":false,"campfire_upgraded":0,"win_rate":0,"timestamp":1565460354,"path_taken":["M","M","?","M","?","E","$","R","T","E"],"build_version":"2019-07-17","purchased_purges":1,"victory":false,"max_hp_per_floor":[66,66,66,66,66,66,66,66,66,66],"card_choices":[{"not_picked":["Endless Agony","Dagger Spray"],"picked":"Heel Hook","floor":1},{"not_picked":["Deadly Poison","Tactician"],"picked":"Prepared","floor":2},{"not_picked":["Underhanded Strike","Bane"],"picked":"Dodge and Roll","floor":4},{"not_picked":["Dagger Throw","Dodge and Roll"],"picked":"Accuracy","floor":6}],"player_experience":974964,"relics_obtained":[{"floor":6,"key":"MawBank"},{"floor":9,"key":"Anchor"}],"event_choices":[{"damage_healed":0,"gold_gain":0,"player_choice":"Grow","damage_taken":0,"max_hp_gain":0,"max_hp_loss":0,"event_name":"Living Wall","floor":3,"gold_loss":0,"cards_upgraded":["Neutralize"]},{"damage_healed":0,"gold_gain":50,"player_choice":"Touch","damage_taken":6,"max_hp_gain":0,"max_hp_loss":0,"event_name":"FaceTrader","floor":5,"gold_loss":0}],"is_beta":false,"boss_relics":[],"items_purged_floors":[7],"is_endless":false,"potions_floor_spawned":[1,6],"killed_by":"Gremlin Nob","ascension_level":20}