{"gold_per_floor":[115,135,135,135,135,135,161,161,188,200,99,113,147,159,159,238,238,255,255,51,51,51,51,65,65,92,102,117,117,144,156,156,156],"floor_reached":33,"playtime":1198,"items_purged":[],"score":481,"play_id":"507ff50e-9f00-4db2-864e-a8edefd796b3","local_time":"20180811013556","is_ascension_mode":true,"campfire_choices":[{"data":"Zap","floor":6,"key":"SMITH"},{"data":"Conserve Battery","floor":8,"key":"SMITH"},{"data":"Defragment","floor":15,"key":"SMITH"},{"data":"Hologram","floor":23,"key":"SMITH"},{"data":"Hologram","floor":25,"key":"SMITH"},{"data":"Blind","floor":29,"key":"SMITH"},{"floor":32,"key":"REST"}],"neow_cost":"NONE","seed_source_timestamp":39305642540043,"circlet_count":0,"master_deck":["Strike_B","Strike_B","Strike_B","Defend_B","Defend_B","Defend_B","Defend_B","Zap+1","Dualcast","AscendersBane","Streamline+1","Conserve Battery+1","Rebound","Defragment+1","Conserve Battery","Beam Cell","Leap","Go for the Eyes","Hologram+1","Core Surge","Cold Snap","Hologram+1","Rip and Tear","Blind+1","Coolheaded","Cold Snap","Sweeping Beam","Go for the Eyes","Chill","BootSequence"],"relics":["Velvet Choker","Question Card","Strawberry","Shuriken","Black Star","Bag of Preparation","Turnip","Emotion Chip"],"potions_floor_usage":[30,30,33],"damage_taken":[{"damage":0,"enemies":"Cultist","floor":1,"turns":4},{"damage":2,"enemies":"Jaw Worm","floor":2,"turns":3},{"damage":21,"enemies":"Gremlin Nob","floor":7,"turns":4},{"damage":4,"enemies":"2 Louse","floor":10,"turns":2},{"damage":0,"enemies":"Large Slime","floor":12,"turns":3},{"damage":8,"enemies":"Lagavulin","floor":13,"turns":5},{"damage":3,"enemies":"2 Fungi Beasts","floor":14,"turns":3},{"damage":5,"enemies":"Hexaghost","floor":16,"turns":9},{"damage":3,"enemies":"2 Thieves","floor":18,"turns":4},{"damage":3,"enemies":"Spheric Guardian","floor":24,"turns":4},{"damage":0,"enemies":"Snecko","floor":27,"turns":5},{"damage":10,"enemies":"Sentry and Sphere","floor":28,"turns":7},{"damage":39,"enemies":"Gremlin Leader","floor":30,"turns":10},{"damage":12,"enemies":"Centurion and Healer","floor":31,"turns":7},{"damage":41,"enemies":"Collector","floor":33,"turns":18}],"seed_played":"46009778653280380","potions_obtained":[{"floor":1,"key":"Energy Potion"},{"floor":2,"key":"Strength Potion"},{"floor":19,"key":"Explosive Potion"},{"floor":19,"key":"Regen Potion"},{"floor":30,"key":"Weak Potion"}],"is_trial":false,"path_per_floor":["M","M","?","?","?","R","E","R","T","M","$","M","E","M","R","B",null,"M","?","$","?","?","R","M","R","T","M","M","R","E","M","R"],"character_chosen":"DEFECT","items_purchased":["Conserve Battery","Beam Cell","Hologram","Rip and Tear","Blind"],"campfire_rested":1,"item_purchase_floors":[11,11,20,20,20],"current_hp_per_floor":[64,62,55,55,55,55,34,34,41,37,37,37,29,26,26,21,64,61,61,61,61,61,61,58,58,58,58,48,48,24,12,35,0],"gold":156,"neow_bonus":"BOSS_RELIC","is_prod":false,"is_daily":false,"chose_seed":false,"campfire_upgraded":6,"win_rate":0,"timestamp":1533976556,"path_taken":["M","M","?","?","?","R","E","R","T","M","$","M","E","?","R","BOSS","M","?","$","?","?","R","M","R","T","?","M","R","E","M","R","BOSS"],"build_version":"2018-08-08","purchased_purges":0,"victory":false,"max_hp_per_floor":[71,71,71,71,71,71,71,71,78,78,78,78,78,78,78,78,78,78,78,78,78,78,78,78,78,78,78,78,78,78,78,78,78],"card_choices":[{"not_picked":["Recycle","Storm"],"picked":"Streamline","floor":1},{"not_picked":["Compile Driver","Lockon"],"picked":"Conserve Battery","floor":2},{"not_picked":["Capacitor","Heatsinks"],"picked":"Rebound","floor":7},{"not_picked":["Chaos","Compile Driver","Double Energy"],"picked":"Defragment","floor":10},{"not_picked":["Gash","Chaos","Sweeping Beam"],"picked":"Leap","floor":12},{"not_picked":["Self Repair","Compile Driver","BootSequence"],"picked":"Go for the Eyes","floor":13},{"not_picked":["Gash","Steam","Ball Lightning"],"picked":"Hologram","floor":14},{"not_picked":["Meteor Strike","Buffer","Multi-Cast"],"picked":"Core Surge","floor":16},{"not_picked":["Self Repair","Tempest","Static Discharge"],"picked":"Cold Snap","floor":18},{"not_picked":["Barrage","Turbo","Stack+1"],"picked":"Cold Snap","floor":24},{"not_picked":["Heatsinks","Sunder","FTL"],"picked":"Sweeping Beam","floor":27},{"not_picked":["Rip and Tear","Fusion","Ball Lightning"],"picked":"Go for the Eyes","floor":28},{"not_picked":["Sweeping Beam+1","Go for the Eyes","Storm"],"picked":"Chill","floor":30},{"not_picked":["Redo","Undo","Static Discharge"],"picked":"BootSequence","floor":31}],"player_experience":791803,"relics_obtained":[{"floor":7,"key":"Question Card"},{"floor":9,"key":"Strawberry"},{"floor":13,"key":"Shuriken"},{"floor":26,"key":"Bag of Preparation"},{"floor":30,"key":"Turnip"},{"floor":30,"key":"Emotion Chip"}],"event_choices":[{"event_name":"Golden Wing","player_choice":"Card Removal","floor":3,"damage_taken":0},{"event_name":"Living Wall","player_choice":"Grow","floor":4,"damage_taken":0},{"event_name":"Shining Light","player_choice":"Ignored","floor":5,"damage_taken":0},{"event_name":"The Lab","player_choice":"Got Potions","floor":19,"damage_taken":0},{"event_name":"The Library","player_choice":"Read","floor":21,"damage_taken":0},{"event_name":"The Mausoleum","player_choice":"No","floor":22,"damage_taken":0}],"is_beta":true,"boss_relics":[{"not_picked":["Ectoplasm","Empty Cage"],"picked":"Black Star"}],"items_purged_floors":[],"is_endless":false,"potions_floor_spawned":[1,2,12,13,18,27,30],"killed_by":"Collector","ascension_level":15}