{"gold_per_floor":[118,34,54,69,69,69,69,69,69,143,158,14,14,14,14,110,110,135,158,65,80,80],"floor_reached":22,"playtime":503,"items_purged":[],"score":322,"play_id":"d0c8fc0b-78e4-4086-8ded-4e85566b3789","local_time":"20180714125433","daily_mods":["Binary"],"is_ascension_mode":true,"campfire_choices":[{"data":"Hello World","floor":6,"key":"SMITH"},{"data":"Zap","floor":8,"key":"SMITH"},{"data":"Conserve Battery","floor":13,"key":"SMITH"},{"floor":15,"key":"REST"}],"neow_cost":"","seed_source_timestamp":0,"circlet_count":0,"master_deck":["Strike_B","Strike_B","Strike_B","Defend_B","Defend_B","Defend_B","Zap+1","Dualcast","AscendersBane","Conserve Battery+1","Hello World+1","Capacitor","Redo"],"relics":["Cracked Core","Busted Crown","Golden Idol","Symbiotic Virus","Tiny Chest","Blood Vial","Vajra","Empty Cage"],"potions_floor_usage":[11,19],"damage_taken":[{"damage":2,"enemies":"2 Louse","floor":1,"turns":3},{"damage":7,"enemies":"Small Slimes","floor":3,"turns":3},{"damage":2,"enemies":"Jaw Worm","floor":4,"turns":3},{"damage":4,"enemies":"3 Sentries","floor":10,"turns":5},{"damage":16,"enemies":"Exordium Thugs","floor":11,"turns":3},{"damage":23,"enemies":"Slime Boss","floor":16,"turns":6},{"damage":2,"enemies":"Shell Parasite","floor":18,"turns":5},{"damage":16,"enemies":"2 Thieves","floor":19,"turns":3},{"damage":11,"enemies":"Centurion and Healer","floor":21,"turns":6},{"damage":22,"enemies":"Slaver and Parasite","floor":22,"turns":3}],"seed_played":"8952763640184988998","potions_obtained":[{"floor":4,"key":"PowerPotion"},{"floor":10,"key":"Weak Potion"},{"floor":21,"key":"Energy Potion"}],"is_trial":true,"path_per_floor":["M","$","M","M","?","R","?","R","T","E","M","$","R","?","R","B",null,"M","M","$","M"],"character_chosen":"DEFECT","items_purchased":["Conserve Battery","Hello World","Blood Vial","Capacitor","Redo"],"campfire_rested":1,"item_purchase_floors":[2,2,12,20,20],"current_hp_per_floor":[62,62,55,53,53,53,49,49,49,45,29,29,29,18,37,16,52,52,38,38,29,9],"gold":80,"neow_bonus":"","is_prod":false,"is_daily":false,"chose_seed":false,"campfire_upgraded":3,"win_rate":0,"timestamp":1531598073,"path_taken":["M","$","M","M","?","R","?","R","T","E","M","$","R","?","R","BOSS","M","M","$","M","M"],"build_version":"2018-07-13","purchased_purges":0,"victory":false,"max_hp_per_floor":[71,71,71,71,64,64,64,64,64,64,64,64,64,64,64,64,64,64,64,64,64,64],"card_choices":[],"player_experience":637408,"relics_obtained":[{"floor":9,"key":"Symbiotic Virus"},{"floor":10,"key":"Tiny Chest"}],"event_choices":[{"event_name":"Golden Idol","player_choice":"Lose Max HP","floor":5,"damage_taken":0},{"event_name":"The Woman in Blue","player_choice":"Bought 0 Potions","floor":7,"damage_taken":0},{"event_name":"Scrap Ooze","player_choice":"success","floor":14,"damage_taken":11}],"boss_relics":[{"not_picked":["Ectoplasm","Eternal Feather"],"picked":"Empty Cage"}],"items_purged_floors":[],"is_endless":false,"potions_floor_spawned":[4,10,21],"killed_by":"Slaver and Parasite","ascension_level":15}