{"gold_per_floor":[115,40,40,50,50,50,50,50,50,125,1,11,11,32,32,155,193],"floor_reached":17,"playtime":257,"items_purged":["Defend_G","Parasite"],"score":143,"play_id":"1c2ef79a-b128-445f-8e27-ee1525366f68","local_time":"20180709213218","is_ascension_mode":false,"campfire_choices":[{"data":"Cloak And Dagger","floor":6,"key":"SMITH"},{"data":"Strike_G","floor":8,"key":"SMITH"},{"data":"Dash","floor":15,"key":"SMITH"}],"neow_cost":"NONE","seed_source_timestamp":144902785240400,"circlet_count":0,"master_deck":["Defend_G","Defend_G","Defend_G","Strike_G","Strike_G","Strike_G","Strike_G+1","Strike_G","Survivor","Neutralize+1","Cloak And Dagger+1","Sucker Punch","Dash+1","Sucker Punch+1","Glass Knife","Poisoned Stab"],"relics":["Cursed Key","Dodecahedron","Golden Idol","Tiny House"],"potions_floor_usage":[16],"damage_taken":[{"damage":5,"enemies":"Small Slimes","floor":1,"turns":3},{"damage":0,"enemies":"2 Louse","floor":4,"turns":3},{"damage":0,"enemies":"Cultist","floor":12,"turns":3},{"damage":0,"enemies":"Exordium Thugs","floor":14,"turns":4},{"damage":43,"enemies":"The Guardian","floor":16,"turns":12}],"seed_played":"929959161022814797","potions_obtained":[{"floor":1,"key":"Weak Potion"},{"floor":4,"key":"FearPotion"},{"floor":14,"key":"FearPotion"},{"floor":16,"key":"PowerPotion"}],"is_trial":false,"path_per_floor":["M","$","?","M","$","R","?","R","T","?","$","M","?","M","R","B"],"character_chosen":"THE_SILENT","items_purchased":["Sucker Punch"],"campfire_rested":0,"item_purchase_floors":[11],"current_hp_per_floor":[65,65,58,58,58,58,58,58,58,47,47,47,47,47,47,4,9],"gold":193,"neow_bonus":"BOSS_RELIC","is_prod":false,"is_daily":false,"chose_seed":false,"campfire_upgraded":3,"win_rate":0,"timestamp":1531197138,"path_taken":["M","$","?","M","?","R","?","R","T","?","?","?","?","M","R","BOSS"],"build_version":"2018-07-05","purchased_purges":2,"victory":false,"max_hp_per_floor":[70,70,70,70,70,70,70,70,70,70,67,67,62,62,62,62,67],"card_choices":[{"not_picked":["Leg Sweep","Deflect"],"picked":"Cloak And Dagger","floor":4},{"not_picked":["Escape Plan","Finisher"],"picked":"Dash","floor":12},{"not_picked":["Backflip","Eviscerate"],"picked":"Sucker Punch","floor":14},{"not_picked":["Storm of Steel","Venomology"],"picked":"Glass Knife","floor":16},{"not_picked":["Noxious Fumes","Dodge and Roll"],"picked":"Poisoned Stab","floor":17}],"player_experience":557807,"relics_obtained":[{"floor":9,"key":"Dodecahedron"}],"event_choices":[{"event_name":"Golden Wing","player_choice":"Card Removal","floor":3,"damage_taken":0},{"event_name":"Upgrade Shrine","player_choice":"Upgraded","floor":7,"damage_taken":0},{"event_name":"World of Goop","player_choice":"Gather Gold","floor":10,"damage_taken":0},{"event_name":"Golden Idol","player_choice":"Lose Max HP","floor":13,"damage_taken":0}],"boss_relics":[{"not_picked":["Eternal Feather","White Beast Statue"],"picked":"Tiny House"}],"items_purged_floors":[2,11],"is_endless":false,"potions_floor_spawned":[1,4,14,16],"ascension_level":0}