{"gold_per_floor":[366,309,13,13,13,13,30,30,30,46,26,26,26,49,49,142,142,166,180,105,128,128,128,146,146,146,146,146,161,196,25,25,102,102,116,134,6,19,30,30,50,50,50,50],"floor_reached":44,"playtime":1556,"items_purged":[],"score":757,"play_id":"a6cb9be2-ec7c-4cd6-90b4-7e534fbc62ad","local_time":"20180805143529","is_ascension_mode":true,"campfire_choices":[{"data":"Hologram","floor":6,"key":"SMITH"},{"floor":8,"key":"REST"},{"data":"Zap","floor":12,"key":"SMITH"},{"data":"Gash","floor":15,"key":"SMITH"},{"data":"Defragment","floor":23,"key":"SMITH"},{"data":"Glacier","floor":25,"key":"SMITH"},{"data":"FTL","floor":27,"key":"SMITH"},{"data":"Defragment","floor":32,"key":"SMITH"},{"data":"Hologram","floor":40,"key":"SMITH"},{"data":"Loop","floor":42,"key":"SMITH"}],"neow_cost":"FIFTY_PERCENT_DAMAGE","seed_source_timestamp":685510510121630,"circlet_count":0,"master_deck":["Strike_B","Strike_B","Strike_B","Defend_B","Defend_B","Defend_B","Zap+1","Dualcast","AscendersBane","Hologram+1","Gash+1","Glacier","Glacier+1","Gash","Gash","All For One","Defragment+1","FTL+1","Rebound","Gash+1","Leap","Self Repair","Capacitor","Loop+1","Defragment+1","All For One","Coolheaded","All For One","Blizzard","Conserve Battery","Leap","Hologram+1","Leap+1","White Noise+1"],"relics":["Cracked Core","Shuriken","The Courier","Bloody Idol","Coffee Dripper","Mummified Hand","Anchor","Snecko Eye","Bottled Flame"],"potions_floor_usage":[16,33,44],"damage_taken":[{"damage":2,"enemies":"Jaw Worm","floor":1,"turns":3},{"damage":8,"enemies":"2 Louse","floor":7,"turns":2},{"damage":0,"enemies":"Small Slimes","floor":10,"turns":4},{"damage":11,"enemies":"Gremlin Gang","floor":14,"turns":7},{"damage":5,"enemies":"Slime Boss","floor":16,"turns":12},{"damage":0,"enemies":"Chosen","floor":18,"turns":3},{"damage":0,"enemies":"Spheric Guardian","floor":19,"turns":3},{"damage":8,"enemies":"3 Cultists","floor":21,"turns":5},{"damage":4,"enemies":"Centurion and Healer","floor":24,"turns":6},{"damage":0,"enemies":"Snecko","floor":29,"turns":2},{"damage":13,"enemies":"Book of Stabbing","floor":30,"turns":6},{"damage":33,"enemies":"Automaton","floor":33,"turns":9},{"damage":0,"enemies":"Orb Walker","floor":35,"turns":4},{"damage":0,"enemies":"3 Shapes","floor":36,"turns":6},{"damage":0,"enemies":"3 Darklings","floor":38,"turns":4},{"damage":21,"enemies":"4 Shapes","floor":39,"turns":8},{"damage":33,"enemies":"Transient","floor":41,"turns":5},{"damage":51,"enemies":"2 Orb Walkers","floor":44,"turns":5}],"seed_played":"5376389874933921291","potions_obtained":[{"floor":14,"key":"FocusPotion"},{"floor":18,"key":"SteroidPotion"},{"floor":21,"key":"Fire Potion"},{"floor":33,"key":"Regen Potion"}],"is_trial":false,"path_per_floor":["M","?","$","?","?","R","M","R","T","M","$","R","?","M","R","B",null,"M","M","?","M","?","R","M","R","T","R","?","M","E","$","R","B",null,"M","M","$","M","M","R","M","R","T"],"character_chosen":"DEFECT","items_purchased":["Shuriken","Gash","Gash","Capacitor","Loop","Defragment","Blizzard","Conserve Battery","Leap"],"campfire_rested":1,"item_purchase_floors":[3,3,11,31,31,31,37,37,37],"current_hp_per_floor":[30,30,30,30,30,30,22,43,43,43,43,43,43,32,32,27,55,55,55,55,47,47,47,43,43,43,43,43,48,40,40,40,19,53,64,64,64,64,55,55,34,34,34,0],"gold":50,"neow_bonus":"TWO_FIFTY_GOLD","is_prod":false,"is_daily":false,"chose_seed":false,"campfire_upgraded":9,"win_rate":0,"timestamp":1533504929,"path_taken":["M","?","$","?","?","R","M","R","T","M","$","R","?","?","R","BOSS","M","M","?","M","?","R","M","R","T","R","?","M","E","?","R","BOSS","M","M","$","M","?","R","M","R","T","E"],"build_version":"2018-08-01","purchased_purges":0,"victory":false,"max_hp_per_floor":[71,71,71,71,71,71,71,71,71,71,71,71,64,64,64,64,64,64,64,64,64,64,64,64,64,64,64,64,64,64,64,64,64,64,64,64,64,64,64,64,64,64,64,64],"card_choices":[{"not_picked":["Compile Driver","Leap"],"picked":"Hologram","floor":1},{"not_picked":["Doom and Gloom","Force Field"],"picked":"Glacier","floor":7},{"not_picked":["Self Repair","Doom and Gloom"],"picked":"Glacier","floor":10},{"not_picked":["Go for the Eyes","Hello World"],"picked":"Gash","floor":14},{"not_picked":["Creative AI","Rainbow"],"picked":"All For One","floor":16},{"not_picked":["Tempest","Coolheaded+1"],"picked":"Defragment","floor":18},{"not_picked":["Chaos","Capacitor"],"picked":"FTL","floor":19},{"not_picked":["Compile Driver","Sunder"],"picked":"Rebound","floor":21},{"not_picked":["Hologram","Heatsinks"],"picked":"Gash+1","floor":24},{"not_picked":["Ball Lightning","Streamline"],"picked":"Leap","floor":29},{"not_picked":["Compile Driver+1","Buffer"],"picked":"Self Repair","floor":30},{"not_picked":["Buffer","Biased Cognition"],"picked":"All For One","floor":33},{"not_picked":["Cold Snap","Barrage"],"picked":"Coolheaded","floor":35},{"not_picked":["Barrage","Doom and Gloom+1"],"picked":"All For One","floor":36},{"not_picked":["Lockon","Coolheaded"],"picked":"Hologram","floor":38},{"not_picked":["Undo","Barrage"],"picked":"Leap+1","floor":39},{"not_picked":["Ball Lightning","Undo"],"picked":"White Noise+1","floor":41}],"player_experience":741582,"relics_obtained":[{"floor":9,"key":"The Courier"},{"floor":26,"key":"Mummified Hand"},{"floor":30,"key":"Anchor"},{"floor":43,"key":"Bottled Flame"}],"event_choices":[{"event_name":"World of Goop","player_choice":"Left","floor":2,"damage_taken":0},{"event_name":"Golden Wing","player_choice":"Ignored","floor":4,"damage_taken":0},{"event_name":"Purifier","player_choice":"One Purge","floor":5,"damage_taken":0},{"event_name":"Golden Idol","player_choice":"Lose Max HP","floor":13,"damage_taken":0},{"event_name":"Beggar","player_choice":"Gave Gold","floor":20,"damage_taken":0},{"event_name":"Cursed Tome","player_choice":"Ignored","floor":22,"damage_taken":0},{"event_name":"Forgotten Altar","player_choice":"Gave Idol","floor":28,"damage_taken":0}],"is_beta":true,"boss_relics":[{"not_picked":["Orrery","FrozenCore"],"picked":"Coffee Dripper"},{"not_picked":["Nuclear Battery","Busted Crown"],"picked":"Snecko Eye"}],"items_purged_floors":[],"is_endless":false,"potions_floor_spawned":[14,18,21,33,39],"killed_by":"2 Orb Walkers","ascension_level":15}