{"gold_per_floor":[115,115,134,134,210,210,239,239,265,265,283,300,300,327,327,327],"floor_reached":16,"playtime":360,"items_purged":[],"score":216,"play_id":"459b1953-468b-422d-b998-5b467527a8aa","local_time":"20190413000344","is_ascension_mode":true,"campfire_choices":[{"data":"Wraith Form v2","floor":6.0,"key":"SMITH"},{"floor":8.0,"key":"REST"},{"data":"Cloak And Dagger","floor":10.0,"key":"SMITH"},{"data":"Footwork","floor":15.0,"key":"SMITH"}],"neow_cost":"NONE","seed_source_timestamp":24998487154583,"circlet_count":0,"master_deck":["AscendersBane","Defend_G","Defend_G","Defend_G","Defend_G","Defend_G","Strike_G","Strike_G+1","Strike_G","Strike_G","Strike_G","Survivor","Neutralize+1","All Out Attack","Dagger Throw","PiercingWail","Wraith Form v2+1","Cloak And Dagger+1","Poisoned Stab","Footwork+1","Predator","Predator","Flying Knee","Footwork"],"special_seed":0,"relics":["Orrery","Bronze Scales","Happy Flower","Paper Crane","Turnip"],"potions_floor_usage":[16],"damage_taken":[{"damage":8.0,"enemies":"Small Slimes","floor":1.0,"turns":3.0},{"damage":0.0,"enemies":"Jaw Worm","floor":3.0,"turns":4.0},{"damage":28.0,"enemies":"Gremlin Nob","floor":7.0,"turns":7.0},{"damage":0.0,"enemies":"2 Louse","floor":11.0,"turns":2.0},{"damage":3.0,"enemies":"Exordium Thugs","floor":12.0,"turns":5.0},{"damage":20.0,"enemies":"3 Sentries","floor":14.0,"turns":6.0},{"damage":7,"enemies":"Slime Boss","floor":16,"turns":5}],"seed_played":"8654029943530755947","potions_obtained":[{"floor":1.0,"key":"GamblersBrew"},{"floor":14.0,"key":"GamblersBrew"}],"is_trial":false,"path_per_floor":["M","?","M","?","?","R","E","R","T","R","M","M","T","E","R","B"],"character_chosen":"THE_SILENT","items_purchased":[],"campfire_rested":1,"item_purchase_floors":[],"current_hp_per_floor":[51,56,56,35,35,35,7,28,28,28,28,25,25,5,5,0],"gold":327,"neow_bonus":"BOSS_RELIC","is_prod":false,"is_daily":false,"chose_seed":false,"campfire_upgraded":3,"win_rate":0,"timestamp":1555139024,"path_taken":["M","?","M","?","?","R","E","R","T","R","M","?","?","E","R","BOSS"],"build_version":"2019-04-04","purchased_purges":0,"victory":false,"max_hp_per_floor":[66,71,71,71,71,71,71,71,71,71,71,71,71,71,71,71],"card_choices":[{"not_picked":["Dagger Throw","Acrobatics"],"picked":"All Out Attack","floor":0.0},{"not_picked":["Acrobatics","Blade Dance"],"picked":"Dagger Throw","floor":0.0},{"not_picked":["Cloak And Dagger","Slice"],"picked":"PiercingWail","floor":0.0},{"not_picked":["Dagger Spray","Dodge and Roll"],"picked":"Wraith Form v2","floor":0.0},{"not_picked":["Infinite Blades","Caltrops"],"picked":"Cloak And Dagger","floor":0.0},{"not_picked":["Deadly Poison","Catalyst"],"picked":"Poisoned Stab","floor":1.0},{"not_picked":["Calculated Gamble","Skewer"],"picked":"Footwork","floor":3.0},{"not_picked":["Backflip","Prepared"],"picked":"Predator","floor":7.0},{"not_picked":["Endless Agony","Glass Knife"],"picked":"Predator","floor":11.0},{"not_picked":["Choke","Finisher"],"picked":"Flying Knee","floor":12.0},{"not_picked":["Noxious Fumes","Dagger Throw"],"picked":"Footwork","floor":14.0}],"player_experience":1418070,"relics_obtained":[{"floor":7.0,"key":"Bronze Scales"},{"floor":9.0,"key":"Happy Flower"},{"floor":13.0,"key":"Paper Crane"},{"floor":14.0,"key":"Turnip"}],"event_choices":[{"damage_healed":0.0,"max_hp_gain":5.0,"max_hp_loss":0.0,"gold_gain":0.0,"event_name":"Big Fish","player_choice":"Donut","floor":2.0,"gold_loss":0.0,"damage_taken":0.0},{"damage_healed":0.0,"max_hp_gain":0.0,"max_hp_loss":0.0,"gold_gain":0.0,"event_name":"Shining Light","player_choice":"Entered Light","floor":4.0,"gold_loss":0.0,"damage_taken":21.0,"cards_upgraded":["Strike_G","Neutralize"]},{"damage_healed":0.0,"max_hp_gain":0.0,"max_hp_loss":0.0,"gold_gain":76.0,"event_name":"Golden Wing","player_choice":"Gained Gold","floor":5.0,"gold_loss":0.0,"damage_taken":0.0}],"is_beta":true,"boss_relics":[],"items_purged_floors":[],"is_endless":false,"potions_floor_spawned":[1,14],"killed_by":"Slime Boss","ascension_level":20}