{"gold_per_floor":[109,128,128,144,168,212,231,231],"floor_reached":8,"playtime":283,"items_purged":[],"score":114,"play_id":"e488c33b-6c71-4237-a9f2-44f6bbea9db9","local_time":"20190824162330","is_ascension_mode":true,"campfire_choices":[],"neow_cost":"NONE","seed_source_timestamp":360322630558400,"circlet_count":0,"master_deck":["AscendersBane","Strike_B","Strike_B","Strike_B","Strike_B","Defend_B","Defend_B","Defend_B","Defend_B","Zap","Dualcast","Tempest","Sweeping Beam","Streamline","Hologram","Multi-Cast","Undo"],"relics":["Cracked Core","NeowsBlessing","Golden Idol","Strawberry"],"potions_floor_usage":[6,8],"damage_taken":[{"damage":0,"enemies":"Small Slimes","floor":1,"turns":1},{"damage":0,"enemies":"Jaw Worm","floor":2,"turns":1},{"damage":0,"enemies":"Cultist","floor":4,"turns":1},{"damage":15,"enemies":"3 Louse","floor":5,"turns":3},{"damage":10,"enemies":"3 Sentries","floor":6,"turns":3},{"damage":21,"enemies":"Large Slime","floor":7,"turns":5},{"damage":41,"enemies":"Gremlin Nob","floor":8,"turns":3}],"seed_played":"-7495525177646570786","potions_obtained":[{"floor":2,"key":"PowerPotion"},{"floor":4,"key":"Energy Potion"},{"floor":6,"key":"SteroidPotion"}],"is_trial":false,"path_per_floor":["M","M","?","M","M","E","M","E"],"character_chosen":"DEFECT","items_purchased":[],"campfire_rested":0,"item_purchase_floors":[],"current_hp_per_floor":[64,64,64,64,49,46,25,0],"gold":231,"neow_bonus":"THREE_ENEMY_KILL","is_prod":false,"is_daily":false,"chose_seed":false,"campfire_upgraded":0,"win_rate":0,"timestamp":1566631410,"path_taken":["M","M","?","M","M","E","M","E"],"build_version":"2019-07-17","purchased_purges":0,"victory":false,"max_hp_per_floor":[71,71,64,64,64,71,71,71],"card_choices":[{"not_picked":["Rebound","Leap"],"picked":"Tempest","floor":1},{"not_picked":["BootSequence","Heatsinks"],"picked":"Sweeping Beam","floor":2},{"not_picked":["Storm","Scrape"],"picked":"Streamline","floor":4},{"not_picked":["Rebound","Redo"],"picked":"Hologram","floor":5},{"not_picked":["Turbo","Meteor Strike"],"picked":"Multi-Cast","floor":6},{"not_picked":["Force Field","Streamline"],"picked":"Undo","floor":7}],"player_experience":222361,"relics_obtained":[{"floor":6,"key":"Strawberry"}],"event_choices":[{"damage_healed":0,"gold_gain":0,"player_choice":"Lose Max HP","damage_taken":0,"relics_obtained":["Golden Idol"],"max_hp_gain":0,"max_hp_loss":7,"event_name":"Golden Idol","floor":3,"gold_loss":0}],"is_beta":false,"boss_relics":[],"items_purged_floors":[],"is_endless":false,"potions_floor_spawned":[2,4,5,6],"killed_by":"Gremlin Nob","ascension_level":18}