{"gold_per_floor":[118,118,118,118,6,6,6,41,86,86,96,96,129,129,129,201,201,219,219,232,2,19,19,51,51,74,109,54,73,73,73,73,73],"floor_reached":33,"playtime":692,"items_purged":[],"score":624,"play_id":"a2761def-f053-467a-9a29-802e11de4939","local_time":"20190228221226","is_ascension_mode":true,"campfire_choices":[{"data":"Pommel Strike","floor":6.0,"key":"SMITH"},{"data":"Uppercut","floor":10.0,"key":"SMITH"},{"data":"Heavy Blade","floor":12.0,"key":"SMITH"},{"data":"Shrug It Off","floor":15.0,"key":"SMITH"},{"data":"Whirlwind","floor":23.0,"key":"SMITH"},{"data":"Flex","floor":25,"key":"SMITH"},{"floor":30,"key":"REST"},{"data":"Flex","floor":32,"key":"SMITH"}],"neow_cost":"NONE","seed_source_timestamp":17718457395291,"circlet_count":0,"master_deck":["AscendersBane","Strike_R","Strike_R","Strike_R","Strike_R+1","Strike_R+1","Defend_R","Defend_R","Defend_R","Defend_R","Bash+1","Shrug It Off+1","Pommel Strike+1","Uppercut+1","Heavy Blade+1","Shockwave","Shrug It Off","Whirlwind+1","Feel No Pain","Flex+1","Flex+1","Pommel Strike+1"],"special_seed":0,"relics":["Burning Blood","NeowsBlessing","Du-Vu Doll","Anchor","Gambling Chip","StoneCalendar","Philosopher\u0027s Stone","Frozen Eye","Bottled Lightning","Centennial Puzzle","Pantograph","MutagenicStrength"],"potions_floor_usage":[],"damage_taken":[{"damage":0.0,"enemies":"Jaw Worm","floor":1.0,"turns":1.0},{"damage":0.0,"enemies":"Gremlin Nob","floor":8.0,"turns":1.0},{"damage":0.0,"enemies":"Small Slimes","floor":11.0,"turns":1.0},{"damage":23.0,"enemies":"3 Sentries","floor":13.0,"turns":7.0},{"damage":27.0,"enemies":"The Guardian","floor":16.0,"turns":10.0},{"damage":9.0,"enemies":"Shell Parasite","floor":18.0,"turns":4.0},{"damage":6.0,"enemies":"3 Byrds","floor":20.0,"turns":4.0},{"damage":5.0,"enemies":"Centurion and Healer","floor":22.0,"turns":5.0},{"damage":9.0,"enemies":"Slavers","floor":24.0,"turns":2.0},{"damage":34,"enemies":"Gremlin Leader","floor":27,"turns":4},{"damage":18,"enemies":"Chosen and Byrds","floor":29,"turns":4},{"damage":86,"enemies":"Automaton","floor":33,"turns":6}],"seed_played":"5082752663160826419","potions_obtained":[{"floor":11.0,"key":"Fire Potion"},{"floor":20.0,"key":"Fire Potion"},{"floor":29,"key":"Weak Potion"}],"is_trial":false,"path_per_floor":["M","?","?","?","$","R","$","E","T","R","M","R","E","?","R","B",null,"M","?","M","$","M","R","E","R","T","E","$","M","R","?","R","B"],"character_chosen":"IRONCLAD","items_purchased":["Shrug It Off","Pommel Strike","Frozen Eye","Flex"],"campfire_rested":1,"item_purchase_floors":[5,5,21,28],"current_hp_per_floor":[74,51,51,51,51,51,51,57,57,57,63,63,46,28,28,7,58,55,55,55,55,56,56,53,53,53,25,25,13,35,35,35,0],"gold":73,"neow_bonus":"THREE_ENEMY_KILL","is_prod":false,"is_daily":false,"chose_seed":false,"campfire_upgraded":7,"win_rate":0,"timestamp":1551420746,"path_taken":["M","?","?","?","$","R","?","E","T","R","?","R","E","?","R","BOSS","M","?","M","$","M","R","E","R","T","E","$","M","R","?","R","BOSS"],"build_version":"2019-02-06","purchased_purges":0,"victory":false,"max_hp_per_floor":[75,75,75,75,75,75,75,75,75,75,75,75,75,75,75,75,75,75,75,75,75,75,75,75,75,75,75,75,75,75,75,75,75],"card_choices":[{"not_picked":["Havoc","Clothesline"],"picked":"Uppercut","floor":8.0},{"not_picked":["Armaments","Shrug It Off"],"picked":"Heavy Blade","floor":11.0},{"not_picked":["Thunderclap","Heavy Blade"],"picked":"Shockwave","floor":13.0},{"not_picked":["Rage+1","Cleave"],"picked":"Shrug It Off","floor":18.0},{"not_picked":["Body Slam","Hemokinesis"],"picked":"Feel No Pain","floor":20.0},{"not_picked":["Anger","Thunderclap"],"picked":"Flex","floor":24},{"not_picked":["Dark Embrace","Sword Boomerang"],"picked":"Pommel Strike+1","floor":29}],"player_experience":1240299,"relics_obtained":[{"floor":8.0,"key":"Du-Vu Doll"},{"floor":9.0,"key":"Anchor"},{"floor":13.0,"key":"Gambling Chip"},{"floor":24,"key":"Bottled Lightning"},{"floor":26,"key":"Centennial Puzzle"},{"floor":27,"key":"Pantograph"}],"event_choices":[{"damage_healed":0.0,"max_hp_gain":0.0,"max_hp_loss":0.0,"gold_gain":0.0,"event_name":"Shining Light","player_choice":"Entered Light","floor":2.0,"gold_loss":0.0,"damage_taken":23.0,"cards_upgraded":["Strike_R","Strike_R"]},{"damage_healed":0.0,"max_hp_gain":0.0,"max_hp_loss":0.0,"gold_gain":0.0,"event_name":"The Cleric","player_choice":"Leave","floor":3.0,"gold_loss":0.0,"damage_taken":0.0},{"damage_healed":0.0,"max_hp_gain":0.0,"max_hp_loss":0.0,"gold_gain":0.0,"event_name":"Living Wall","player_choice":"Grow","floor":4.0,"gold_loss":0.0,"damage_taken":0.0,"cards_upgraded":["Bash"]},{"damage_healed":0.0,"max_hp_gain":0.0,"max_hp_loss":0.0,"gold_gain":0.0,"event_name":"Scrap Ooze","player_choice":"Success","floor":14.0,"gold_loss":0.0,"damage_taken":18.0,"relics_obtained":["StoneCalendar"]},{"damage_healed":0.0,"max_hp_gain":0.0,"max_hp_loss":0.0,"gold_gain":0.0,"event_name":"The Library","player_choice":"Read","floor":19.0,"gold_loss":0.0,"damage_taken":0.0,"cards_obtained":["Whirlwind"]},{"damage_healed":0,"gold_gain":0,"player_choice":"Inject Mutagens","damage_taken":0,"relics_obtained":["MutagenicStrength"],"max_hp_gain":0,"max_hp_loss":0,"event_name":"Drug Dealer","floor":31,"gold_loss":0}],"is_beta":true,"boss_relics":[{"not_picked":["Astrolabe","Eternal Feather"],"picked":"Philosopher\u0027s Stone"}],"items_purged_floors":[],"is_endless":false,"potions_floor_spawned":[11,20,29],"killed_by":"Automaton","ascension_level":20}