{"gold_per_floor":[114,134,147,3,78,78,109,109,133,133,63,63],"floor_reached":12,"playtime":461,"items_purged":["Defend_B"],"score":84,"play_id":"e571e441-1e83-4cfb-b121-df583506ec7b","local_time":"20190725220221","is_ascension_mode":true,"campfire_choices":[{"floor":6,"key":"REST"}],"neow_cost":"NONE","seed_source_timestamp":1356220647869239,"circlet_count":0,"master_deck":["Strike_B","Strike_B","Strike_B","Defend_B","Defend_B","Defend_B","Zap","Dualcast","Genetic Algorithm","Coolheaded","Capacitor","Sweeping Beam","Defragment","Machine Learning","Gash","Hologram"],"relics":["Cracked Core","Strawberry","Ancient Tea Set","Golden Idol"],"potions_floor_usage":[7],"damage_taken":[{"damage":11,"enemies":"2 Louse","floor":1,"turns":3},{"damage":14,"enemies":"Small Slimes","floor":2,"turns":4},{"damage":13,"enemies":"Jaw Worm","floor":3,"turns":6},{"damage":42,"enemies":"Gremlin Nob","floor":7,"turns":5},{"damage":14,"enemies":"Red Slaver","floor":12,"turns":1}],"seed_played":"-5782174690308874095","potions_obtained":[{"floor":1,"key":"Explosive Potion"}],"is_trial":false,"path_per_floor":["M","M","M","$","?","R","E","?","T","?","$","M"],"character_chosen":"DEFECT","items_purchased":["Defragment","Gash","Hologram"],"campfire_rested":1,"item_purchase_floors":[4,11,11],"current_hp_per_floor":[64,50,37,37,26,48,13,6,6,6,6,0],"gold":63,"neow_bonus":"THREE_CARDS","is_prod":false,"is_daily":false,"chose_seed":false,"campfire_upgraded":0,"win_rate":0,"timestamp":1564110141,"path_taken":["M","M","M","$","?","R","E","?","T","?","?","?"],"build_version":"2019-07-17","purchased_purges":1,"victory":false,"max_hp_per_floor":[75,75,75,75,75,75,82,82,82,76,76,76],"card_choices":[{"not_picked":["Hologram","Barrage"],"picked":"Genetic Algorithm","floor":0},{"not_picked":["Blizzard","Compile Driver"],"picked":"Coolheaded","floor":1},{"not_picked":["Ball Lightning","Chaos"],"picked":"Capacitor","floor":2},{"not_picked":["Sunder","Go for the Eyes"],"picked":"Sweeping Beam","floor":3},{"not_picked":["Reinforced Body","Force Field"],"picked":"Machine Learning","floor":7}],"player_experience":887856,"relics_obtained":[{"floor":7,"key":"Strawberry"},{"floor":9,"key":"Ancient Tea Set"}],"event_choices":[{"damage_healed":0,"gold_gain":75,"player_choice":"Gather Gold","damage_taken":11,"max_hp_gain":0,"max_hp_loss":0,"event_name":"World of Goop","floor":5,"gold_loss":0},{"cards_removed":["Strike_B"],"damage_healed":0,"gold_gain":0,"player_choice":"Card Removal","damage_taken":7,"max_hp_gain":0,"max_hp_loss":0,"event_name":"Golden Wing","floor":8,"gold_loss":0},{"damage_healed":0,"gold_gain":0,"player_choice":"Lose Max HP","damage_taken":0,"relics_obtained":["Golden Idol"],"max_hp_gain":0,"max_hp_loss":6,"event_name":"Golden Idol","floor":10,"gold_loss":0}],"is_beta":false,"boss_relics":[],"items_purged_floors":[4],"is_endless":false,"potions_floor_spawned":[1],"killed_by":"Red Slaver","ascension_level":2}