{"gold_per_floor":[118,33,33,108,108,108,174,174,174,210,245,270,283,6,6,96,96,114,139,139,139,139,139,139],"floor_reached":24,"playtime":440,"items_purged":["Strike_B"],"score":500,"play_id":"074f887f-c58d-404c-8bd7-cd84aa62f145","local_time":"20190419001108","is_ascension_mode":true,"campfire_choices":[{"data":"Zap","floor":6,"key":"SMITH"},{"data":"Defragment","floor":8,"key":"SMITH"},{"data":"Chaos","floor":15,"key":"SMITH"},{"floor":23,"key":"REST"}],"neow_cost":"NONE","seed_source_timestamp":80694084218792,"circlet_count":0,"master_deck":["AscendersBane","Strike_B","Strike_B","Defend_B","Defend_B","Defend_B","Defend_B","Zap+1","Dualcast","Hello World","Defragment+1","Chaos+1","Meteor Strike","Auto Shields","Hologram","Doom and Gloom","Coolheaded","Meteor Strike","Echo Form","Go for the Eyes+1","Redo"],"relics":["Cracked Core","NeowsBlessing","Golden Idol","Tiny Chest","Bag of Marbles","Juzu Bracelet","Odd Mushroom","Fusion Hammer"],"potions_floor_usage":[11,16,18],"damage_taken":[{"damage":0,"enemies":"Cultist","floor":1,"turns":1},{"damage":0,"enemies":"3 Sentries","floor":7,"turns":1},{"damage":0,"enemies":"Lagavulin","floor":10,"turns":1},{"damage":11,"enemies":"The Mushroom Lair","floor":11,"turns":6},{"damage":3,"enemies":"Jaw Worm","floor":12,"turns":4},{"damage":0,"enemies":"2 Louse","floor":13,"turns":4},{"damage":38,"enemies":"Slime Boss","floor":16,"turns":7},{"damage":6,"enemies":"3 Byrds","floor":18,"turns":3},{"damage":28,"enemies":"Shell Parasite","floor":19,"turns":4},{"damage":0,"enemies":"Slavers","floor":24,"turns":1}],"seed_played":"3511188836621606210","potions_obtained":[{"floor":1,"key":"SkillPotion"},{"floor":10,"key":"Strength Potion"},{"floor":16,"key":"Explosive Potion"}],"is_trial":false,"path_per_floor":["M","$","?","?","?","R","E","R","T","E","?","M","M","$","R","B",null,"M","M","?","?","?","R","E"],"character_chosen":"DEFECT","items_purchased":["Defragment","Coolheaded","Meteor Strike"],"campfire_rested":1,"item_purchase_floors":[2,14,14],"current_hp_per_floor":[64,64,69,58,58,58,58,58,58,58,47,44,44,44,44,6,53,47,19,15,15,15,35,35],"gold":139,"neow_bonus":"THREE_ENEMY_KILL","is_prod":false,"is_daily":false,"chose_seed":false,"campfire_upgraded":3,"win_rate":0,"timestamp":1555657868,"path_taken":["M","$","?","?","?","R","E","R","T","E","?","M","M","$","R","BOSS","M","M","?","?","?","R","E"],"build_version":"2019-04-04","purchased_purges":1,"victory":false,"max_hp_per_floor":[71,71,76,76,69,69,69,69,69,69,69,69,69,69,69,69,69,69,69,69,69,69,69,69],"card_choices":[{"not_picked":["BootSequence","Redo"],"picked":"Hello World","floor":1},{"not_picked":["Capacitor","Redo"],"picked":"Chaos","floor":7},{"not_picked":["Leap","FTL"],"picked":"Meteor Strike","floor":10},{"not_picked":["Compile Driver","Steam"],"picked":"Auto Shields","floor":11},{"not_picked":["Capacitor","Steam"],"picked":"Hologram","floor":12},{"not_picked":["Leap","Chaos"],"picked":"Doom and Gloom","floor":13},{"not_picked":["Multi-Cast","Machine Learning"],"picked":"Echo Form","floor":16},{"not_picked":["Static Discharge+1","BootSequence"],"picked":"Go for the Eyes+1","floor":18},{"not_picked":["Turbo","Rebound+1","Lockon"],"picked":"SKIP","floor":19}],"player_experience":1424700,"relics_obtained":[{"floor":7,"key":"Tiny Chest"},{"floor":9,"key":"Bag of Marbles"},{"floor":10,"key":"Juzu Bracelet"},{"floor":11,"key":"Odd Mushroom"}],"event_choices":[{"damage_healed":0,"gold_gain":0,"player_choice":"Donut","damage_taken":0,"max_hp_gain":5,"max_hp_loss":0,"event_name":"Big Fish","floor":3,"gold_loss":0},{"damage_healed":0,"gold_gain":75,"player_choice":"Gather Gold","damage_taken":11,"max_hp_gain":0,"max_hp_loss":0,"event_name":"World of Goop","floor":4,"gold_loss":0},{"damage_healed":0,"gold_gain":0,"player_choice":"Lose Max HP","damage_taken":0,"relics_obtained":["Golden Idol"],"max_hp_gain":0,"max_hp_loss":7,"event_name":"Golden Idol","floor":5,"gold_loss":0},{"damage_healed":0,"gold_gain":0,"player_choice":"Fought Mushrooms","damage_taken":0,"max_hp_gain":0,"max_hp_loss":0,"event_name":"Mushrooms","floor":11,"gold_loss":0},{"damage_healed":0,"gold_gain":0,"player_choice":"Bought 0 Potions","damage_taken":0,"max_hp_gain":0,"max_hp_loss":0,"event_name":"The Woman in Blue","floor":20,"gold_loss":0},{"damage_healed":0,"gold_gain":0,"player_choice":"Ignored","damage_taken":0,"max_hp_gain":0,"max_hp_loss":0,"event_name":"Beggar","floor":21,"gold_loss":0},{"damage_healed":0,"gold_gain":0,"cards_transformed":["Strike_B"],"player_choice":"Transformed","damage_taken":0,"max_hp_gain":0,"max_hp_loss":0,"event_name":"Transmorgrifier","floor":22,"gold_loss":0,"cards_obtained":["Redo"]}],"is_beta":true,"boss_relics":[{"not_picked":["Cursed Key","Coffee Dripper"],"picked":"Fusion Hammer"}],"items_purged_floors":[14],"is_endless":false,"potions_floor_spawned":[1,10,16],"killed_by":"Slavers","ascension_level":20}