{"gold_per_floor":[109,127,143,163,178,178,353,353,405,405,421,421,452,452],"floor_reached":14,"playtime":364,"items_purged":[],"score":115,"play_id":"3b1b14f8-5df1-45c0-853c-8fb16f8a8bae","local_time":"20190814162353","is_ascension_mode":true,"campfire_choices":[{"data":"Self Repair","floor":6,"key":"SMITH"},{"data":"Defragment","floor":10,"key":"SMITH"},{"floor":12,"key":"REST"}],"neow_cost":"PERCENT_DAMAGE","seed_source_timestamp":358116167184000,"circlet_count":0,"master_deck":["Strike_B","Strike_B","Strike_B","Strike_B","Defend_B","Defend_B","Defend_B","Defend_B","Zap","Dualcast","Electrodynamics","Compile Driver","Defragment+1","Go for the Eyes","Melter","Self Repair+1","Sunder","Consume"],"relics":["Cracked Core","Bag of Marbles","The Courier"],"potions_floor_usage":[14],"damage_taken":[{"damage":7,"enemies":"Jaw Worm","floor":1,"turns":4},{"damage":0,"enemies":"Cultist","floor":2,"turns":3},{"damage":8,"enemies":"Small Slimes","floor":3,"turns":3},{"damage":6,"enemies":"Exordium Thugs","floor":4,"turns":3},{"damage":4,"enemies":"Blue Slaver","floor":5,"turns":3},{"damage":7,"enemies":"Looter","floor":11,"turns":3},{"damage":30,"enemies":"Gremlin Nob","floor":13,"turns":4},{"damage":24,"enemies":"Large Slime","floor":14,"turns":3}],"seed_played":"4102568523697377507","potions_obtained":[{"floor":1,"key":"SpeedPotion"},{"floor":3,"key":"SpeedPotion"},{"floor":13,"key":"FearPotion"}],"is_trial":false,"path_per_floor":["M","M","M","M","M","R","?","?","T","R","M","R","E","M"],"character_chosen":"DEFECT","items_purchased":[],"campfire_rested":1,"item_purchase_floors":[],"current_hp_per_floor":[47,47,39,33,29,29,29,29,29,29,22,44,24,0],"gold":452,"neow_bonus":"THREE_RARE_CARDS","is_prod":false,"is_daily":false,"chose_seed":false,"campfire_upgraded":2,"win_rate":0,"timestamp":1565767433,"path_taken":["M","M","M","M","M","R","?","?","T","R","M","R","E","?"],"build_version":"2019-07-17","purchased_purges":0,"victory":false,"max_hp_per_floor":[75,75,75,75,75,75,75,75,75,75,75,75,75,75],"card_choices":[{"not_picked":["Multi-Cast","All For One"],"picked":"Electrodynamics","floor":0},{"not_picked":["Hello World","BootSequence"],"picked":"Compile Driver","floor":1},{"not_picked":["Scrape","Gash"],"picked":"Defragment","floor":2},{"not_picked":["Melter","Sweeping Beam"],"picked":"Go for the Eyes","floor":3},{"not_picked":["Redo","Aggregate"],"picked":"Melter","floor":4},{"not_picked":["Gash","Coolheaded"],"picked":"Self Repair","floor":5},{"not_picked":["Beam Cell","Hologram"],"picked":"Sunder","floor":11},{"not_picked":["Chill","Multi-Cast"],"picked":"Consume","floor":13}],"player_experience":135681,"relics_obtained":[{"floor":9,"key":"Bag of Marbles"},{"floor":13,"key":"The Courier"}],"event_choices":[{"damage_healed":0,"gold_gain":175,"player_choice":"AGREE","damage_taken":0,"max_hp_gain":0,"max_hp_loss":0,"event_name":"Liars Game","floor":7,"gold_loss":0,"cards_obtained":["Doubt"]},{"cards_removed":["Doubt"],"damage_healed":0,"gold_gain":0,"player_choice":"Removed Curses","damage_taken":0,"max_hp_gain":0,"max_hp_loss":0,"event_name":"Fountain of Cleansing","floor":8,"gold_loss":0}],"is_beta":false,"boss_relics":[],"items_purged_floors":[],"is_endless":false,"potions_floor_spawned":[1,3,13],"killed_by":"Large Slime","ascension_level":5}