{"gold_per_floor":[114,10,20,20,31,31,31,31,58,58,69,103,28,53,53,131,131,99,20,30,30,48,48,58,89,89,119,119,149,64,64,64,143,143,160,6,26,26,41,41,41,41,41,41,41,70,70,85,85,85],"floor_reached":51,"playtime":2075,"items_purged":[],"score":1396,"play_id":"3b17bc66-61e8-481b-a489-1c0ea88eb547","local_time":"20180811164244","is_ascension_mode":true,"campfire_choices":[{"data":"Neutralize","floor":6.0,"key":"SMITH"},{"data":"Blur","floor":8.0,"key":"SMITH"},{"data":"Blur","floor":10.0,"key":"SMITH"},{"data":"Backflip","floor":15.0,"key":"SMITH"},{"data":"All Out Attack","floor":23,"key":"SMITH"},{"data":"Quick Slash","floor":32,"key":"SMITH"},{"data":"A Thousand Cuts","floor":40,"key":"SMITH"},{"data":"Caltrops","floor":42,"key":"SMITH"},{"data":"Finisher","floor":47,"key":"SMITH"},{"floor":49,"key":"REST"}],"neow_cost":"NONE","seed_source_timestamp":7173557588354,"circlet_count":0,"master_deck":["Defend_G+1","Defend_G","Defend_G","Defend_G","Strike_G","Strike_G","Strike_G","Survivor","Neutralize+1","AscendersBane","Backflip+1","Quick Slash+1","Blur+1","Blur+1","Cloak And Dagger+1","Terror+1","Dodge and Roll+1","Malaise+1","All Out Attack+1","Dodge and Roll+1","Quick Slash+1","Backflip+1","A Thousand Cuts+1","Leg Sweep+1","Caltrops+1","Cloak And Dagger+1","Finisher+1","Finesse+1","Calculated Gamble+1"],"special_seed":0,"relics":["Ring of the Snake","Oddly Smooth Stone","Bronze Scales","Toxic Egg 2","War Paint","Busted Crown","Matryoshka","Art of War","Omamori","Tiny Chest","Du-Vu Doll","Regal Pillow","Cursed Key","Strawberry","Bag of Marbles"],"potions_floor_usage":[25,25],"damage_taken":[{"damage":6.0,"enemies":"2 Louse","floor":1.0,"turns":4.0},{"damage":0.0,"enemies":"Jaw Worm","floor":3.0,"turns":6.0},{"damage":3.0,"enemies":"Small Slimes","floor":5.0,"turns":5.0},{"damage":0.0,"enemies":"3 Louse","floor":11.0,"turns":4.0},{"damage":2.0,"enemies":"Gremlin Nob","floor":12.0,"turns":6.0},{"damage":1.0,"enemies":"3 Sentries","floor":14.0,"turns":8.0},{"damage":22.0,"enemies":"Slime Boss","floor":16.0,"turns":17.0},{"damage":0.0,"enemies":"2 Thieves","floor":18.0,"turns":5.0},{"damage":0,"enemies":"Chosen","floor":20,"turns":3},{"damage":0,"enemies":"Snecko","floor":22,"turns":6},{"damage":2,"enemies":"Centurion and Healer","floor":24,"turns":10},{"damage":0,"enemies":"Gremlin Leader","floor":25,"turns":6},{"damage":0,"enemies":"Book of Stabbing","floor":27,"turns":6},{"damage":2,"enemies":"Collector","floor":33,"turns":16},{"damage":0,"enemies":"3 Shapes","floor":35,"turns":6},{"damage":0,"enemies":"Orb Walker","floor":37,"turns":5},{"damage":4,"enemies":"Flame Bruiser 2 Orb","floor":39,"turns":8},{"damage":4,"enemies":"2 Orb Walkers","floor":46,"turns":4},{"damage":0,"enemies":"4 Shapes","floor":48,"turns":5},{"damage":0,"enemies":"Awakened One","floor":50,"turns":19}],"seed_played":"7810698568889185635","potions_obtained":[{"floor":1.0,"key":"Swift Potion"},{"floor":12.0,"key":"Fire Potion"},{"floor":18.0,"key":"Strength Potion"},{"floor":22,"key":"Poison Potion"},{"floor":33,"key":"SneckoOil"},{"floor":35,"key":"SteroidPotion"},{"floor":39,"key":"Swift Potion"}],"is_trial":false,"path_per_floor":["M","$","M","?","M","R","?","R","T","R","M","E","?","E","R","B",null,"M","$","M","$","M","R","M","E","T","E","?","T","?","$","R","B",null,"M","$","M","$","M","R","?","R","T","?","$","E","R","M","R","B"],"character_chosen":"THE_SILENT","items_purchased":["Backflip","Quick Slash","All Out Attack","Leg Sweep+1","Caltrops"],"campfire_rested":1,"item_purchase_floors":[2,2,19,36,36],"current_hp_per_floor":[53,53,53,53,50,50,50,50,50,50,50,48,48,47,47,25,56,56,56,56,56,56,56,54,54,54,54,54,54,54,54,54,52,63,63,63,63,63,59,59,59,59,66,66,66,62,62,62,73,73],"gold":85,"neow_bonus":"RANDOM_COMMON_RELIC","is_prod":false,"is_daily":false,"chose_seed":false,"campfire_upgraded":9,"win_rate":0,"timestamp":1534030964,"path_taken":["M","$","M","?","M","R","?","R","T","R","M","E","?","E","R","BOSS","M","$","?","$","M","R","M","E","T","E","?","?","?","?","R","BOSS","M","?","?","?","M","R","?","R","T","?","$","E","R","M","R","BOSS"],"build_version":"2018-08-08","purchased_purges":0,"victory":true,"max_hp_per_floor":[66,66,66,66,66,66,66,66,66,66,66,66,66,66,66,66,66,66,66,66,66,66,66,66,66,66,66,66,66,66,66,66,66,66,66,66,66,66,66,66,66,66,73,73,73,73,73,73,73,73],"card_choices":[{"not_picked":["Setup","Prepared"],"picked":"Blur","floor":3.0},{"not_picked":["Blade Dance","Flying Knee"],"picked":"Blur","floor":5.0},{"not_picked":["Sucker Punch","Poisoned Stab"],"picked":"Cloak And Dagger","floor":11.0},{"not_picked":["Prepared","Endless Agony"],"picked":"Terror","floor":12.0},{"not_picked":["Bane","Grand Finale"],"picked":"Dodge and Roll+1","floor":14.0},{"not_picked":["Tools of the Trade","Phantasmal Killer+1"],"picked":"Malaise+1","floor":16.0},{"not_picked":[],"picked":"Dodge and Roll+1","floor":20},{"not_picked":[],"picked":"Quick Slash","floor":25},{"not_picked":[],"picked":"Backflip+1","floor":27},{"not_picked":[],"picked":"A Thousand Cuts","floor":33},{"not_picked":[],"picked":"Cloak And Dagger+1","floor":37},{"not_picked":[],"picked":"Finisher","floor":39},{"not_picked":[],"picked":"Finesse+1","floor":44},{"not_picked":[],"picked":"Calculated Gamble+1","floor":48}],"player_experience":795519,"relics_obtained":[{"floor":9.0,"key":"Bronze Scales"},{"floor":12.0,"key":"Toxic Egg 2"},{"floor":14.0,"key":"War Paint"},{"floor":25,"key":"Matryoshka"},{"floor":26,"key":"Art of War"},{"floor":26,"key":"Omamori"},{"floor":29,"key":"Tiny Chest"},{"floor":29,"key":"Du-Vu Doll"},{"floor":43,"key":"Strawberry"},{"floor":46,"key":"Bag of Marbles"}],"event_choices":[{"event_name":"Shining Light","player_choice":"Ignored","floor":4.0,"damage_taken":0.0},{"event_name":"Living Wall","player_choice":"Grow","floor":7.0,"damage_taken":0.0},{"event_name":"The Cleric","player_choice":"Card Removal","floor":13.0,"damage_taken":0.0},{"event_name":"Purifier","player_choice":"One Purge","floor":28,"damage_taken":0},{"event_name":"Addict","player_choice":"Obtained Relic","floor":30,"damage_taken":0},{"event_name":"Falling","player_choice":"Removed Attack","floor":41,"damage_taken":0},{"event_name":"SensoryStone","player_choice":"Memory 1","floor":44,"damage_taken":0}],"is_beta":true,"boss_relics":[{"not_picked":["WristBlade","Empty Cage"],"picked":"Busted Crown"},{"not_picked":["Lizard Tail","Fusion Hammer"],"picked":"Cursed Key"}],"items_purged_floors":[],"is_endless":false,"potions_floor_spawned":[1,12,18,22,24,33,35,39],"ascension_level":15}