{"gold_per_floor":[113,33,33,48,48,77,77,2,2,27,27,52,76,76,76,169,169,193,193,208,208,133,133,174,174,174,174,16,30,43,168,168,168],"floor_reached":33,"playtime":835,"items_purged":["Strike_R"],"score":592,"play_id":"efd7ebb2-4e8f-411a-afd7-c1a58f55f13a","local_time":"20190414004923","is_ascension_mode":true,"campfire_choices":[{"data":"Bash","floor":7,"key":"SMITH"},{"data":"Clothesline","floor":15,"key":"SMITH"},{"data":"Immolate","floor":23,"key":"SMITH"},{"data":"Inflame","floor":27,"key":"SMITH"},{"data":"Feel No Pain","floor":32,"key":"SMITH"}],"neow_cost":"NONE","seed_source_timestamp":23637470211841,"circlet_count":0,"master_deck":["AscendersBane","Defend_R+1","Defend_R+1","Bash+1","Clothesline+1","Carnage","Iron Wave","Wild Strike","True Grit+1","Inflame+1","Anger","Immolate+1","Feel No Pain+1","Armaments+1","Inflame","Feed","Havoc+1","Feed","Feel No Pain+1","Entrench+1","Power Through+1","True Grit+1"],"relics":["Burning Blood","NeowsBlessing","Toxic Egg 2","Omamori","Mummified Hand","Golden Idol","Sozu","War Paint","Boot","Dodecahedron","Nunchaku","Pantograph"],"potions_floor_usage":[10,16,24],"damage_taken":[{"damage":0,"enemies":"Cultist","floor":1,"turns":1},{"damage":0,"enemies":"Jaw Worm","floor":4,"turns":1},{"damage":0,"enemies":"Lagavulin","floor":6,"turns":1},{"damage":30,"enemies":"3 Sentries","floor":10,"turns":9},{"damage":0,"enemies":"Small Slimes","floor":12,"turns":3},{"damage":6,"enemies":"Exordium Thugs","floor":13,"turns":4},{"damage":22,"enemies":"Slime Boss","floor":16,"turns":10},{"damage":21,"enemies":"3 Byrds","floor":18,"turns":5},{"damage":2,"enemies":"Chosen","floor":20,"turns":6},{"damage":15,"enemies":"Book of Stabbing","floor":24,"turns":5},{"damage":0,"enemies":"Centurion and Healer","floor":29,"turns":4},{"damage":15,"enemies":"Snecko","floor":30,"turns":4},{"damage":8,"enemies":"Colosseum Slavers","floor":31,"turns":3},{"damage":14,"enemies":"Colosseum Nobs","floor":31,"turns":4},{"damage":71,"enemies":"Collector","floor":33,"turns":11}],"seed_played":"-1018217767354538608","potions_obtained":[{"floor":1,"key":"Regen Potion"},{"floor":6,"key":"Weak Potion"},{"floor":13,"key":"Dexterity Potion"}],"is_trial":false,"path_per_floor":["M","$","?","M","?","E","R","$","T","E","?","M","M","?","R","B",null,"M","?","M","?","?","R","E","?","T","R","$","M","M","?","R","B"],"character_chosen":"IRONCLAD","items_purchased":["Carnage","Feed","Feel No Pain"],"campfire_rested":0,"item_purchase_floors":[2,28,28],"current_hp_per_floor":[74,74,67,73,78,80,80,80,80,71,71,72,72,72,72,56,68,53,53,57,57,57,57,48,48,48,48,48,58,49,42,42,0],"gold":168,"neow_bonus":"THREE_ENEMY_KILL","is_prod":false,"is_daily":false,"chose_seed":false,"campfire_upgraded":5,"win_rate":0,"timestamp":1555228163,"path_taken":["M","$","?","M","?","E","R","?","T","E","?","M","M","?","R","BOSS","M","?","?","?","?","R","E","?","T","R","?","?","M","?","R","BOSS"],"build_version":"2019-04-04","purchased_purges":1,"victory":false,"max_hp_per_floor":[75,75,75,75,80,80,80,80,80,80,72,72,72,72,72,72,72,72,72,72,72,72,72,72,72,72,72,72,76,76,79,79,79],"card_choices":[{"not_picked":["Second Wind","Headbutt"],"picked":"Clothesline","floor":1},{"not_picked":["Sword Boomerang","Entrench"],"picked":"Iron Wave","floor":4},{"not_picked":["Fiend Fire","Thunderclap"],"picked":"Wild Strike","floor":6},{"not_picked":["Iron Wave","Wild Strike"],"picked":"True Grit+1","floor":10},{"not_picked":["Power Through+1","Clothesline"],"picked":"Inflame","floor":12},{"not_picked":["Pommel Strike","Clothesline"],"picked":"Anger","floor":13},{"not_picked":["Exhume+1","Offering+1"],"picked":"Immolate","floor":16},{"not_picked":["Warcry+1","Whirlwind"],"picked":"Feel No Pain+1","floor":18},{"not_picked":["Thunderclap","Shrug It Off+1"],"picked":"Armaments+1","floor":20},{"not_picked":["Wild Strike","Whirlwind"],"picked":"Inflame","floor":24},{"not_picked":["Cleave","Wild Strike"],"picked":"Entrench+1","floor":29},{"not_picked":["Clash","Sword Boomerang"],"picked":"Power Through+1","floor":30},{"not_picked":["Perfected Strike","Headbutt"],"picked":"True Grit+1","floor":31}],"player_experience":1423792,"relics_obtained":[{"floor":6,"key":"Toxic Egg 2"},{"floor":9,"key":"Omamori"},{"floor":10,"key":"Mummified Hand"},{"floor":24,"key":"Boot"},{"floor":26,"key":"Dodecahedron"},{"floor":31,"key":"Nunchaku"},{"floor":31,"key":"Pantograph"}],"event_choices":[{"cards_removed":["Strike_R"],"damage_healed":0,"gold_gain":0,"player_choice":"Card Removal","damage_taken":7,"max_hp_gain":0,"max_hp_loss":0,"event_name":"Golden Wing","floor":3,"gold_loss":0},{"damage_healed":0,"gold_gain":0,"player_choice":"Donut","damage_taken":0,"max_hp_gain":5,"max_hp_loss":0,"event_name":"Big Fish","floor":5,"gold_loss":0},{"damage_healed":0,"gold_gain":0,"player_choice":"Lose Max HP","damage_taken":0,"relics_obtained":["Golden Idol"],"max_hp_gain":0,"max_hp_loss":8,"event_name":"Golden Idol","floor":11,"gold_loss":0},{"cards_removed":["Strike_R"],"damage_healed":0,"gold_gain":0,"player_choice":"Purged","damage_taken":0,"max_hp_gain":0,"max_hp_loss":0,"event_name":"Purifier","floor":14,"gold_loss":0},{"cards_removed":["Strike_R"],"damage_healed":0,"gold_gain":0,"player_choice":"Offered Basic","damage_taken":0,"max_hp_gain":0,"max_hp_loss":0,"event_name":"Bonfire Elementals","floor":19,"gold_loss":0},{"damage_healed":0,"gold_gain":0,"player_choice":"Opened","damage_taken":0,"relics_obtained":["War Paint"],"max_hp_gain":0,"max_hp_loss":0,"event_name":"The Mausoleum","floor":21,"gold_loss":0,"cards_obtained":["Writhe"]},{"cards_removed":["Strike_R"],"damage_healed":0,"gold_gain":0,"player_choice":"Gave Gold","damage_taken":0,"max_hp_gain":0,"max_hp_loss":0,"event_name":"Beggar","floor":22,"gold_loss":75},{"damage_healed":0,"gold_gain":0,"cards_transformed":["Defend_R","Defend_R"],"player_choice":"Became Test Subject","damage_taken":0,"max_hp_gain":0,"max_hp_loss":0,"event_name":"Drug Dealer","floor":25,"gold_loss":0,"cards_obtained":["Feed","Havoc"]},{"damage_healed":0,"gold_gain":0,"player_choice":"Fight","damage_taken":0,"max_hp_gain":0,"max_hp_loss":0,"event_name":"Colosseum","floor":31,"gold_loss":0},{"damage_healed":0,"gold_gain":0,"player_choice":"Fought Nobs","damage_taken":0,"max_hp_gain":0,"max_hp_loss":0,"event_name":"Colosseum","floor":31,"gold_loss":0}],"is_beta":true,"boss_relics":[{"not_picked":["Eternal Feather","Orrery"],"picked":"Sozu"}],"items_purged_floors":[8],"is_endless":false,"potions_floor_spawned":[1,6,13,30,31,31],"killed_by":"Collector","ascension_level":20}