{"gold_per_floor":[119,44,44,55,155,155,182,82,82,116,141,152,486,498,498,598,598,616,531,550,425,150,180,92,117,117,117,149,180,206,240,240,341,391,402,402,1401,1401,1416,1447,1479,1479,1504,1504,10,36,36,71,71,71,71,71,21,52,52],"floor_reached":56,"playtime":1175,"items_purged":["Slice","Dodge and Roll","Deflect","Shrug It Off","Blur","Apotheosis+1","Rampage+1"],"score":2056,"play_id":"6071987f-9b99-4c7c-944d-78c004b4bbfb","local_time":"20190826163654","daily_mods":["SealedDeck","Red Cards","Colorless Cards","DeadlyEvents","Elite Swarm","Lethality","Night Terrors","Terminal"],"is_ascension_mode":false,"campfire_choices":[{"data":"Tactician","floor":6.0,"key":"SMITH"},{"data":"Rampage","floor":15.0,"key":"SMITH"},{"data":"Apotheosis","floor":32.0,"key":"SMITH"},{"floor":42.0,"key":"RECALL"},{"data":"Acrobatics","floor":44.0,"key":"SMITH"},{"data":"Grand Finale","floor":49.0,"key":"SMITH"},{"floor":52.0,"key":"REST"}],"neow_cost":"","seed_source_timestamp":0,"circlet_count":0,"master_deck":["Acrobatics+1","Backflip+1","Tactician+1","Acrobatics+1","Footwork+1","Grand Finale+1"],"special_seed":0,"relics":["Ring of the Snake","Unceasing Top","Nunchaku","Darkstone Periapt","Ancient Tea Set","Old Coin","Black Star","Ornamental Fan","Membership Card","The Courier","Mango","Bronze Scales","Regal Pillow","Bag of Preparation","Omamori","Boot","Oddly Smooth Stone","Smiling Mask","Vajra","Tiny House","Whetstone","Dream Catcher","Centennial Puzzle","Art of War","Blood Vial","Frozen Egg 2","Blue Candle","Orichalcum","Snake Skull","War Paint","Sundial","Dodecahedron","Mercury Hourglass","Strawberry","Bag of Marbles","Meat on the Bone","Prayer Wheel","Shuriken","Singing Bowl","Question Card","Kunai","Pear","Mummified Hand","Molten Egg 2","Letter Opener","Tough Bandages","Bird Faced Urn"],"potions_floor_usage":[55,55,55],"damage_taken":[{"damage":0.0,"enemies":"Jaw Worm","floor":1.0,"turns":1.0},{"damage":0.0,"enemies":"2 Louse","floor":4.0,"turns":1.0},{"damage":0.0,"enemies":"3 Sentries","floor":7.0,"turns":2.0},{"damage":0.0,"enemies":"Lagavulin","floor":10.0,"turns":1.0},{"damage":0.0,"enemies":"Gremlin Nob","floor":11.0,"turns":1.0},{"damage":0.0,"enemies":"Cultist","floor":12.0,"turns":1.0},{"damage":0.0,"enemies":"Lagavulin","floor":13.0,"turns":1.0},{"damage":0.0,"enemies":"Blue Slaver","floor":14.0,"turns":1.0},{"damage":0.0,"enemies":"Slime Boss","floor":16.0,"turns":1.0},{"damage":0.0,"enemies":"Chosen","floor":18.0,"turns":1.0},{"damage":0.0,"enemies":"Spheric Guardian","floor":20.0,"turns":1.0},{"damage":0.0,"enemies":"Book of Stabbing","floor":23.0,"turns":1.0},{"damage":0.0,"enemies":"Slavers","floor":25.0,"turns":1.0},{"damage":0.0,"enemies":"Book of Stabbing","floor":28.0,"turns":1.0},{"damage":0.0,"enemies":"Slavers","floor":29.0,"turns":1.0},{"damage":0.0,"enemies":"Gremlin Leader","floor":31.0,"turns":1.0},{"damage":0.0,"enemies":"Automaton","floor":33.0,"turns":1.0},{"damage":0.0,"enemies":"3 Shapes","floor":35.0,"turns":1.0},{"damage":0.0,"enemies":"Orb Walker","floor":39.0,"turns":1.0},{"damage":0.0,"enemies":"Nemesis","floor":40.0,"turns":1.0},{"damage":0.0,"enemies":"Giant Head","floor":41.0,"turns":1.0},{"damage":0.0,"enemies":"Nemesis","floor":46.0,"turns":1.0},{"damage":0.0,"enemies":"Reptomancer","floor":48.0,"turns":1.0},{"damage":0.0,"enemies":"Donu and Deca","floor":50.0,"turns":1.0},{"damage":0.0,"enemies":"Shield and Spear","floor":54.0,"turns":1.0},{"damage":0,"enemies":"The Heart","floor":55,"turns":3}],"seed_played":"4108393394224206759","potions_obtained":[{"floor":1.0,"key":"GamblersBrew"},{"floor":7.0,"key":"FearPotion"},{"floor":11.0,"key":"SpeedPotion"}],"is_trial":true,"path_per_floor":["M","$","?","M","?","R","E","$","T","E","E","M","E","M","R","B",null,"M","?","M","$","$","E","$","E","T","?","E","E","T","E","R","B",null,"M","?","?","?","M","E","E","R","T","R","$","E","$","E","R","B",null,"R","$","E","B",null],"character_chosen":"THE_SILENT","items_purchased":["Membership Card","Frozen Egg 2","Footwork+1","Blue Candle","Orichalcum","Snake Skull","War Paint","Sundial","Dodecahedron","Mercury Hourglass","Strawberry","Bag of Marbles","Meat on the Bone","Prayer Wheel","Shuriken","Singing Bowl","Question Card","Kunai"],"campfire_rested":1,"item_purchase_floors":[22,45,45,45,45,45,45,45,45,45,45,45,45,45,45,45,45,45],"current_hp_per_floor":[68,67,64,64,64,63,62,61,60,59,58,57,56,55,54,53,52,51,50,49,48,47,46,45,58,57,56,55,54,53,52,51,50,54,53,52,51,50,49,48,47,46,45,44,50,59,58,59,58,57,56,52,51,52,51],"gold":52,"neow_bonus":"","is_prod":false,"is_daily":false,"chose_seed":false,"campfire_upgraded":5,"win_rate":0,"timestamp":1566808614,"path_taken":["M","$","?","M","?","R","E","$","T","E","?","?","E","M","R","BOSS","M","?","M","?","$","E","$","E","T","?","E","?","?","E","R","BOSS","M","?","?","?","?","E","?","R","T","R","$","E","$","E","R","BOSS","R","$","E","BOSS"],"build_version":"2019-07-17","purchased_purges":7,"victory":true,"max_hp_per_floor":[68,67,66,65,64,63,62,61,60,59,58,57,56,55,54,53,52,51,50,49,48,47,46,45,58,57,56,55,54,53,52,51,50,54,53,52,51,50,49,48,47,46,45,44,50,59,58,59,58,57,56,52,51,52,51],"card_choices":[{"not_picked":["Wild Strike","Spot Weakness","True Grit"],"picked":"SKIP","floor":1.0},{"not_picked":["Predator","Flame Barrier","Deadly Poison"],"picked":"SKIP","floor":4.0},{"not_picked":["HandOfGreed","Limit Break","Bullet Time"],"picked":"SKIP","floor":7.0},{"not_picked":["Bludgeon","Brutality","Secret Weapon"],"picked":"SKIP","floor":10.0},{"not_picked":["Demon Form","Burst"],"picked":"Master of Strategy","floor":11.0},{"not_picked":["Concentrate","Blade Dance","Perfected Strike"],"picked":"SKIP","floor":12.0},{"not_picked":["Secret Weapon","Burst","Bludgeon"],"picked":"SKIP","floor":13.0},{"not_picked":["Sword Boomerang","Dramatic Entrance","Poisoned Stab"],"picked":"SKIP","floor":14.0},{"not_picked":["Bane+1","Poisoned Stab","Headbutt"],"picked":"SKIP","floor":18.0},{"not_picked":["Cleave","Bane+1","Slice"],"picked":"SKIP","floor":20.0},{"not_picked":["Impervious","Offering"],"picked":"Apotheosis","floor":23.0},{"not_picked":["Burst","Immolate","A Thousand Cuts"],"picked":"SKIP","floor":25.0},{"not_picked":["Die Die Die","Master of Strategy","Feed"],"picked":"SKIP","floor":28.0},{"not_picked":["A Thousand Cuts","Tools of the Trade"],"picked":"After Image","floor":29.0},{"not_picked":["Night Terror","Dark Embrace","Impervious"],"picked":"SKIP","floor":31.0},{"not_picked":["Wild Strike","Underhanded Strike+1","Endless Agony+1"],"picked":"SKIP","floor":35.0},{"not_picked":["Sucker Punch+1","Body Slam","Sword Boomerang"],"picked":"SKIP","floor":39.0},{"not_picked":["Storm of Steel","Violence","Phantasmal Killer"],"picked":"SKIP","floor":40.0},{"not_picked":["Immolate","Die Die Die","Impervious"],"picked":"SKIP","floor":41.0},{"not_picked":["Venomology","Wraith Form v2+1","Burst"],"picked":"Grand Finale","floor":46.0},{"not_picked":["Master of Strategy","Wraith Form v2+1","Brutality+1","Metamorphosis"],"picked":"Singing Bowl","floor":48.0},{"not_picked":["Clothesline+1","Body Slam+1","Flechettes+1","Dark Shackles+1"],"picked":"Singing Bowl","floor":52.0},{"not_picked":["Exhume","Transmutation","Demon Form+1","Corpse Explosion"],"picked":"Singing Bowl","floor":54.0}],"player_experience":882540,"relics_obtained":[{"floor":7.0,"key":"Nunchaku"},{"floor":10.0,"key":"Darkstone Periapt"},{"floor":11.0,"key":"Ancient Tea Set"},{"floor":13.0,"key":"Old Coin"},{"floor":23.0,"key":"The Courier"},{"floor":25.0,"key":"Mango"},{"floor":25.0,"key":"Bronze Scales"},{"floor":26.0,"key":"Regal Pillow"},{"floor":28.0,"key":"Bag of Preparation"},{"floor":29.0,"key":"Omamori"},{"floor":29.0,"key":"Boot"},{"floor":30.0,"key":"Oddly Smooth Stone"},{"floor":31.0,"key":"Smiling Mask"},{"floor":31.0,"key":"Vajra"},{"floor":40.0,"key":"Whetstone"},{"floor":40.0,"key":"Dream Catcher"},{"floor":41.0,"key":"Centennial Puzzle"},{"floor":41.0,"key":"Art of War"},{"floor":43.0,"key":"Blood Vial"},{"floor":46.0,"key":"Pear"},{"floor":46.0,"key":"Mummified Hand"},{"floor":48.0,"key":"Molten Egg 2"},{"floor":48.0,"key":"Letter Opener"},{"floor":54.0,"key":"Tough Bandages"},{"floor":54.0,"key":"Bird Faced Urn"}],"event_choices":[{"damage_healed":0.0,"max_hp_gain":0.0,"max_hp_loss":0.0,"gold_gain":0.0,"event_name":"Scrap Ooze","player_choice":"Success","floor":3.0,"gold_loss":0.0,"damage_taken":3.0,"relics_obtained":["Unceasing Top"]},{"damage_healed":0.0,"max_hp_gain":0.0,"max_hp_loss":0.0,"gold_gain":100.0,"event_name":"Golden Shrine","player_choice":"Pray","floor":5.0,"gold_loss":0.0,"damage_taken":0.0},{"damage_healed":0.0,"max_hp_gain":0.0,"max_hp_loss":0.0,"gold_gain":0.0,"event_name":"Addict","player_choice":"Obtained Relic","floor":19.0,"gold_loss":85.0,"damage_taken":0.0,"relics_obtained":["Ornamental Fan"]},{"cards_removed":["Master of Strategy"],"damage_healed":0.0,"max_hp_gain":0.0,"max_hp_loss":0.0,"gold_gain":0.0,"event_name":"Back to Basics","player_choice":"Elegance","floor":27.0,"gold_loss":0.0,"damage_taken":0.0},{"damage_healed":0.0,"max_hp_gain":0.0,"max_hp_loss":0.0,"gold_gain":0.0,"event_name":"SensoryStone","player_choice":"Memory 1","floor":36.0,"gold_loss":0.0,"damage_taken":0.0},{"damage_healed":0.0,"max_hp_gain":0.0,"max_hp_loss":0.0,"gold_gain":999.0,"event_name":"MindBloom","player_choice":"Gold","floor":37.0,"gold_loss":0.0,"damage_taken":0.0,"cards_obtained":["Normality","Normality"]},{"cards_removed":["After Image"],"damage_healed":0.0,"max_hp_gain":0.0,"max_hp_loss":0.0,"gold_gain":0.0,"event_name":"Falling","player_choice":"Removed Power","floor":38.0,"gold_loss":0.0,"damage_taken":0.0}],"is_beta":false,"boss_relics":[{"not_picked":["Velvet Choker","Sozu"],"picked":"Black Star"},{"not_picked":["HoveringKite","Ring of the Serpent"],"picked":"Tiny House"}],"items_purged_floors":[2,8,21,22,24,45,53],"is_endless":false,"potions_floor_spawned":[1,7,11,13,20,31,33,35,41,54],"ascension_level":0}