{"gold_per_floor":[116,40,56,66,81,81,114,132,132,132,132,166,166,177,177,276,276,293,208,227,227,253,253,266,41,41,74,84,103,103,118,118,215,215,234,250,267,267,278,307,307,320,320,339,31,44,69,85,85,85],"floor_reached":51,"playtime":2285,"items_purged":["Strike_R"],"score":978,"play_id":"49988c91-c809-4784-ab10-80b015428d6c","local_time":"20190820172247","is_ascension_mode":true,"campfire_choices":[{"data":"Feed","floor":6,"key":"SMITH"},{"floor":11,"key":"REST"},{"data":"Immolate","floor":13,"key":"SMITH"},{"floor":15,"key":"REST"},{"data":"Inflame","floor":23,"key":"SMITH"},{"data":"Body Slam","floor":30,"key":"SMITH"},{"data":"Reaper","floor":32,"key":"SMITH"},{"data":"Heavy Blade","floor":41,"key":"SMITH"},{"data":"Injury","floor":49,"key":"PURGE"}],"neow_cost":"PERCENT_DAMAGE","seed_source_timestamp":16268007518400,"circlet_count":0,"master_deck":["Bash","Feed+1","Iron Wave","Inflame+1","Headbutt","Shrug It Off","Body Slam+1","Immolate+1","Dropkick","Anger","Evolve+1","Demon Form+1","Headbutt+1","True Grit+1","Pummel","Reaper+1","Juggernaut+1","Pommel Strike","Dual Wield","Spot Weakness","Feel No Pain+1","Iron Wave+1","Demon Form+1","Feel No Pain+1","Metallicize+1","Pummel+1","Offering","Spot Weakness","Seeing Red","Battle Trance","Havoc","Shockwave","Corruption+1","Barricade+1","Flame Barrier","Flex","Heavy Blade+1","Sentinel+1","Shrug It Off+1","Armaments+1","Feel No Pain+1","True Grit+1","Parasite","Flame Barrier+1","Feed","Inflame+1","Feel No Pain+1"],"relics":["Burning Blood","Frozen Egg 2","Thread and Needle","Bottled Flame","Mummified Hand","Cursed Key","Prayer Wheel","Red Mask","PreservedInsect","Dead Branch","Anchor","Pandora\u0027s Box","Turnip","Question Card","Peace Pipe","Boot"],"potions_floor_usage":[18,33,42,50],"damage_taken":[{"damage":6,"enemies":"Cultist","floor":1,"turns":4},{"damage":11,"enemies":"Jaw Worm","floor":3,"turns":6},{"damage":9,"enemies":"2 Louse","floor":4,"turns":3},{"damage":1,"enemies":"2 Fungi Beasts","floor":5,"turns":3},{"damage":45,"enemies":"3 Sentries","floor":7,"turns":9},{"damage":8,"enemies":"Blue Slaver","floor":8,"turns":4},{"damage":34,"enemies":"Lagavulin","floor":12,"turns":8},{"damage":3,"enemies":"Large Slime","floor":14,"turns":5},{"damage":56,"enemies":"Hexaghost","floor":16,"turns":10},{"damage":3,"enemies":"Shell Parasite","floor":18,"turns":3},{"damage":13,"enemies":"Chosen","floor":20,"turns":4},{"damage":0,"enemies":"Masked Bandits","floor":22,"turns":2},{"damage":25,"enemies":"Snecko","floor":24,"turns":4},{"damage":12,"enemies":"Book of Stabbing","floor":27,"turns":3},{"damage":0,"enemies":"3 Cultists","floor":28,"turns":3},{"damage":15,"enemies":"Snake Plant","floor":29,"turns":3},{"damage":0,"enemies":"Centurion and Healer","floor":31,"turns":4},{"damage":86,"enemies":"Collector","floor":33,"turns":10},{"damage":6,"enemies":"Orb Walker","floor":35,"turns":2},{"damage":10,"enemies":"3 Shapes","floor":36,"turns":5},{"damage":18,"enemies":"Jaw Worm Horde","floor":37,"turns":2},{"damage":0,"enemies":"4 Shapes","floor":39,"turns":4},{"damage":0,"enemies":"Giant Head","floor":40,"turns":4},{"damage":6,"enemies":"Transient","floor":42,"turns":5},{"damage":0,"enemies":"3 Darklings","floor":44,"turns":2},{"damage":6,"enemies":"Sphere and 2 Shapes","floor":46,"turns":3},{"damage":21,"enemies":"Reptomancer","floor":47,"turns":5},{"damage":25,"enemies":"Spire Growth","floor":48,"turns":4},{"damage":52,"enemies":"Donu and Deca","floor":50,"turns":7}],"seed_played":"1536302934496803277","potions_obtained":[{"floor":4,"key":"Swift Potion"},{"floor":14,"key":"SpeedPotion"},{"floor":16,"key":"Fire Potion"},{"floor":22,"key":"FairyPotion"},{"floor":27,"key":"BloodPotion"},{"floor":35,"key":"Explosive Potion"},{"floor":38,"key":"GamblersBrew"},{"floor":42,"key":"Fruit Juice"},{"floor":46,"key":"Energy Potion"}],"is_trial":false,"path_per_floor":["M","$","M","M","M","R","E","M","T","T","R","E","R","M","R","B",null,"M","?","M","?","?","R","M","$","T","E","M","M","R","M","R","B",null,"M","M","M","?","M","E","R","M","T","M","$","M","E","M","R","B",null],"character_chosen":"IRONCLAD","items_purchased":["Inflame","PreservedInsect","Peace Pipe"],"campfire_rested":2,"item_purchase_floors":[2,25,45],"current_hp_per_floor":[59,59,57,57,65,65,30,28,28,28,56,28,28,35,65,15,100,104,104,101,101,107,107,88,88,88,82,108,103,103,120,120,54,124,124,124,116,116,126,132,132,137,137,137,137,137,126,107,107,68],"gold":85,"neow_bonus":"THREE_RARE_CARDS","is_prod":false,"is_daily":false,"chose_seed":false,"campfire_upgraded":6,"win_rate":0,"timestamp":1566289367,"path_taken":["M","?","?","M","M","R","E","M","T","?","R","E","R","M","R","BOSS","M","?","M","?","?","R","M","?","T","E","?","M","R","M","R","BOSS","M","M","M","?","?","E","R","M","T","M","$","M","E","M","R","BOSS"],"build_version":"2019-07-17","purchased_purges":1,"victory":true,"max_hp_per_floor":[83,83,86,89,92,92,96,96,96,96,96,96,96,100,100,100,100,104,104,108,108,108,108,108,108,108,108,112,116,116,120,120,124,124,124,128,128,128,132,132,132,137,137,137,137,137,141,141,141,148],"card_choices":[{"not_picked":["Offering","Bludgeon"],"picked":"Feed","floor":0},{"not_picked":["Warcry","Perfected Strike"],"picked":"Iron Wave","floor":1},{"not_picked":["Infernal Blade","Flex"],"picked":"Headbutt","floor":3},{"not_picked":["Iron Wave","Second Wind"],"picked":"Shrug It Off","floor":4},{"not_picked":["Infernal Blade","Burning Pact"],"picked":"Body Slam","floor":5},{"not_picked":["Shockwave","Anger"],"picked":"Immolate","floor":7},{"not_picked":["True Grit","Clash"],"picked":"Dropkick","floor":8},{"not_picked":["Armaments","Brutality+1"],"picked":"Anger","floor":12},{"not_picked":["Shrug It Off","Heavy Blade"],"picked":"Evolve+1","floor":14},{"not_picked":["Reaper","Berserk+1"],"picked":"Demon Form+1","floor":16},{"not_picked":["Armaments","Burning Pact"],"picked":"Headbutt+1","floor":18},{"not_picked":["Cleave","Anger"],"picked":"True Grit+1","floor":20},{"not_picked":["Iron Wave","Perfected Strike"],"picked":"Pummel","floor":20},{"not_picked":["Cleave","Anger"],"picked":"Juggernaut+1","floor":22},{"not_picked":["Sword Boomerang","Shrug It Off"],"picked":"Pommel Strike","floor":24},{"not_picked":["Body Slam","Searing Blow"],"picked":"Dual Wield","floor":24},{"not_picked":["Reckless Charge+1","Sever Soul"],"picked":"Spot Weakness","floor":27},{"not_picked":["Clothesline","Havoc"],"picked":"Feel No Pain+1","floor":28},{"not_picked":["Sword Boomerang","Evolve+1"],"picked":"Iron Wave+1","floor":28},{"not_picked":["Twin Strike","Rage"],"picked":"Demon Form+1","floor":29},{"not_picked":["Headbutt","Clash+1"],"picked":"Feel No Pain+1","floor":29},{"not_picked":["Evolve+1","Cleave+1"],"picked":"Metallicize+1","floor":31},{"not_picked":["Thunderclap+1","Pommel Strike"],"picked":"Pummel+1","floor":31},{"not_picked":["Bludgeon","Demon Form+1"],"picked":"Offering","floor":33},{"not_picked":["Sword Boomerang+1","Cleave"],"picked":"Flex","floor":35},{"not_picked":["Flame Barrier","Body Slam"],"picked":"Heavy Blade","floor":35},{"not_picked":["Pommel Strike","Headbutt+1"],"picked":"Sentinel+1","floor":36},{"not_picked":["Armaments","Battle Trance","Clothesline"],"picked":"SKIP","floor":36},{"not_picked":["Cleave","Bloodletting+1"],"picked":"Shrug It Off+1","floor":37},{"not_picked":["Havoc+1","Clothesline"],"picked":"Armaments+1","floor":37},{"not_picked":["Body Slam","Sever Soul+1"],"picked":"Feel No Pain+1","floor":39},{"not_picked":["Clash+1","Flame Barrier","Armaments+1"],"picked":"SKIP","floor":39},{"not_picked":["Armaments+1","Ghostly Armor"],"picked":"True Grit+1","floor":40},{"not_picked":["Clash+1","Searing Blow","Heavy Blade"],"picked":"SKIP","floor":42},{"not_picked":["Berserk+1","Thunderclap+1","Sword Boomerang+1"],"picked":"SKIP","floor":42},{"not_picked":["Combust+1","Heavy Blade","Anger"],"picked":"Flame Barrier+1","floor":44},{"not_picked":["Rage+1","Clothesline","Sword Boomerang","Evolve+1"],"picked":"SKIP","floor":44},{"not_picked":["Flame Barrier","Rage+1","Twin Strike+1"],"picked":"Feed","floor":46},{"not_picked":["Sever Soul","Clash","Shrug It Off","Combust+1"],"picked":"SKIP","floor":46},{"not_picked":["Second Wind","Reaper","Dropkick"],"picked":"Inflame+1","floor":47},{"not_picked":["Clothesline+1","Pummel","Twin Strike+1"],"picked":"Feel No Pain+1","floor":48},{"not_picked":["Flame Barrier+1","Evolve+1","Perfected Strike","Anger"],"picked":"SKIP","floor":48}],"player_experience":209071,"relics_obtained":[{"floor":7,"key":"Frozen Egg 2"},{"floor":9,"key":"Thread and Needle"},{"floor":10,"key":"Bottled Flame"},{"floor":12,"key":"Mummified Hand"},{"floor":22,"key":"Red Mask"},{"floor":26,"key":"Dead Branch"},{"floor":27,"key":"Anchor"},{"floor":40,"key":"Turnip"},{"floor":43,"key":"Question Card"},{"floor":47,"key":"Boot"}],"event_choices":[{"damage_healed":0,"gold_gain":0,"player_choice":"Obtained Relic","damage_taken":0,"relics_obtained":["Prayer Wheel"],"max_hp_gain":0,"max_hp_loss":0,"event_name":"Addict","floor":19,"gold_loss":85},{"damage_healed":0,"gold_gain":0,"player_choice":"Read","damage_taken":0,"max_hp_gain":0,"max_hp_loss":0,"event_name":"The Library","floor":21,"gold_loss":0,"cards_obtained":["Reaper"]},{"damage_healed":0,"gold_gain":0,"player_choice":"Fought Bandits","damage_taken":0,"max_hp_gain":0,"max_hp_loss":0,"event_name":"Masked Bandits","floor":22,"gold_loss":0},{"damage_healed":0,"gold_gain":0,"player_choice":"Got Potions","damage_taken":0,"max_hp_gain":0,"max_hp_loss":0,"event_name":"Lab","floor":38,"gold_loss":0}],"is_beta":false,"boss_relics":[{"not_picked":["Snecko Eye","Lizard Tail"],"picked":"Cursed Key"},{"not_picked":["Calling Bell","White Beast Statue"],"picked":"Pandora\u0027s Box"}],"items_purged_floors":[25],"is_endless":false,"potions_floor_spawned":[4,14,16,22,27,35,42,46,47,48],"ascension_level":3}