{"gold_per_floor":[115,47,47,63,83,114,164,164,164,164,180,180,200,275,275,346,346,361,361,23,38,52,379,379,395,420,420,433,433,447,447,447,521,521,540,82,82,112,128,128,128],"floor_reached":41,"playtime":3813,"items_purged":["Writhe","Strike_B"],"score":832,"play_id":"6f172958-f0ea-4036-ab71-050ceb534a3e","local_time":"20180806192607","is_ascension_mode":true,"campfire_choices":[{"data":"Defragment","floor":8.0,"key":"SMITH"},{"data":"Zap","floor":10.0,"key":"SMITH"},{"data":"Coolheaded","floor":12.0,"key":"SMITH"},{"data":"Barrage","floor":15.0,"key":"SMITH"},{"data":"Defragment","floor":24.0,"key":"SMITH"},{"data":"Hologram","floor":27.0,"key":"SMITH"},{"floor":29.0,"key":"REST"},{"floor":32.0,"key":"REST"},{"data":"Seek","floor":40,"key":"SMITH"}],"neow_cost":"NONE","seed_source_timestamp":707355382346711,"circlet_count":0,"master_deck":["Strike_B","Strike_B","Strike_B","Defend_B","Defend_B","Defend_B","Defend_B","Zap+1","Dualcast","AscendersBane","Coolheaded+1","Defragment+1","Streamline","Glacier","Seek+1","Storm","Barrage+1","Rainbow","Doom and Gloom","Hologram+1","Coolheaded","Go for the Eyes","Stack","Cold Snap","Defragment+1","Leap","Rainbow","Cold Snap","Ball Lightning+1","Creative AI","Cold Snap","Consume+1","FTL","Rebound","Injury","Blizzard"],"special_seed":0,"relics":["Inserter","Ornamental Fan","Dodecahedron","Orrery","Calipers","Sling","Old Coin","Blood Vial","Nilry\u0027s Codex","Runic Dome","Lee\u0027s Waffle","Tiny Chest"],"potions_floor_usage":[],"damage_taken":[{"damage":6.0,"enemies":"Cultist","floor":1.0,"turns":4.0},{"damage":1.0,"enemies":"Small Slimes","floor":4.0,"turns":5.0},{"damage":5.0,"enemies":"2 Louse","floor":5.0,"turns":3.0},{"damage":18.0,"enemies":"Gremlin Nob","floor":6.0,"turns":5.0},{"damage":0.0,"enemies":"Gremlin Gang","floor":11.0,"turns":5.0},{"damage":2.0,"enemies":"Large Slime","floor":13.0,"turns":5.0},{"damage":0.0,"enemies":"The Guardian","floor":16.0,"turns":11.0},{"damage":0.0,"enemies":"Spheric Guardian","floor":18.0,"turns":5.0},{"damage":1.0,"enemies":"Chosen","floor":21.0,"turns":5.0},{"damage":4.0,"enemies":"Centurion and Healer","floor":22.0,"turns":8.0},{"damage":18.0,"enemies":"Book of Stabbing","floor":23.0,"turns":8.0},{"damage":7.0,"enemies":"Sentry and Sphere","floor":25.0,"turns":6.0},{"damage":9.0,"enemies":"3 Cultists","floor":28.0,"turns":6.0},{"damage":1.0,"enemies":"Snecko","floor":30.0,"turns":8.0},{"damage":17.0,"enemies":"Automaton","floor":33.0,"turns":12.0},{"damage":6.0,"enemies":"Orb Walker","floor":35.0,"turns":4.0},{"damage":19.0,"enemies":"3 Darklings","floor":39.0,"turns":6.0},{"damage":68,"enemies":"4 Shapes","floor":41,"turns":3}],"seed_played":"-7487849824135631517","potions_obtained":[{"floor":4.0,"key":"SpeedPotion"},{"floor":5.0,"key":"Ancient Potion"},{"floor":11.0,"key":"SpeedPotion"},{"floor":28.0,"key":"Explosive Potion"},{"floor":30.0,"key":"Explosive Potion"},{"floor":33.0,"key":"SpeedPotion"},{"floor":35.0,"key":"LiquidBronze"}],"is_trial":false,"path_per_floor":["M","$","?","M","M","E","?","R","T","R","M","R","M","?","R","B",null,"M","?","$","M","M","E","R","M","T","R","M","R","M","?","R","B",null,"M","$","?","T","M","R"],"character_chosen":"DEFECT","items_purchased":["Defragment","Defragment","Sling","Consume","Lee\u0027s Waffle","FTL","Rebound"],"campfire_rested":2,"item_purchase_floors":[2,20,20,36,36,36,36],"current_hp_per_floor":[58,58,58,57,52,34,34,34,34,34,34,34,32,21,21,21,59,59,59,59,58,54,36,36,29,29,29,22,43,44,23,44,29,61,57,78,78,78,59,59,0],"gold":128,"neow_bonus":"BOSS_RELIC","is_prod":false,"is_daily":false,"chose_seed":false,"campfire_upgraded":7,"win_rate":0,"timestamp":1533608767,"path_taken":["M","$","?","M","M","E","?","R","T","R","M","R","?","?","R","BOSS","BOSS","M","?","$","M","M","E","R","M","T","R","M","R","M","?","R","BOSS","M","$","?","?","M","R","M"],"build_version":"2018-08-01","purchased_purges":2,"victory":false,"max_hp_per_floor":[71,71,71,71,71,71,71,71,71,71,71,71,71,71,71,71,71,71,71,71,71,71,71,71,71,71,71,71,71,71,71,71,71,71,71,78,78,78,78,78,78],"card_choices":[{"not_picked":["Steam","Ball Lightning"],"picked":"Coolheaded","floor":1.0},{"not_picked":["Self Repair","Leap"],"picked":"Streamline","floor":4.0},{"not_picked":["Chaos","Recycle"],"picked":"Glacier","floor":5.0},{"not_picked":["BootSequence","Rebound"],"picked":"Seek","floor":6.0},{"not_picked":["Skim","Capacitor"],"picked":"Storm","floor":11.0},{"not_picked":["Beam Cell","Self Repair"],"picked":"Barrage","floor":13.0},{"not_picked":["Machine Learning","Electrodynamics"],"picked":"Rainbow","floor":16.0},{"not_picked":["Barrage","Seek"],"picked":"Doom and Gloom","floor":17.0},{"not_picked":["Steam","Gash"],"picked":"Hologram","floor":17.0},{"not_picked":["Double Energy","Streamline"],"picked":"Coolheaded","floor":17.0},{"not_picked":["Gash","Coolheaded"],"picked":"Go for the Eyes","floor":17.0},{"not_picked":["Sweeping Beam","Turbo"],"picked":"Stack","floor":17.0},{"not_picked":["Recycle","Turbo"],"picked":"Cold Snap","floor":18.0},{"not_picked":["Sweeping Beam","Rebound"],"picked":"Leap","floor":21.0},{"not_picked":["Conserve Battery","Stack"],"picked":"Rainbow","floor":23.0},{"not_picked":["Rebound","Coolheaded"],"picked":"Cold Snap","floor":28.0},{"not_picked":["Gash","Reinforced Body"],"picked":"Ball Lightning+1","floor":30.0},{"not_picked":["Rainbow","Machine Learning"],"picked":"Creative AI","floor":33.0},{"not_picked":["Steam+1","Genetic Algorithm"],"picked":"Cold Snap","floor":35.0},{"not_picked":["Aggregate","Hologram+1"],"picked":"Blizzard","floor":39}],"player_experience":750163,"relics_obtained":[{"floor":6.0,"key":"Ornamental Fan"},{"floor":9.0,"key":"Dodecahedron"},{"floor":23.0,"key":"Old Coin"},{"floor":26.0,"key":"Blood Vial"},{"floor":31.0,"key":"Nilry\u0027s Codex"},{"floor":38.0,"key":"Tiny Chest"}],"event_choices":[{"event_name":"Shining Light","player_choice":"Ignored","floor":3.0,"damage_taken":0.0},{"event_name":"Golden Shrine","player_choice":"Pray","floor":7.0,"damage_taken":0.0},{"event_name":"World of Goop","player_choice":"Gather Gold","floor":14.0,"damage_taken":0.0},{"event_name":"The Mausoleum","player_choice":"Yes","floor":19.0,"damage_taken":0.0},{"event_name":"Cursed Tome","player_choice":"Obtained Book","floor":31.0,"damage_taken":0.0},{"event_name":"Accursed Blacksmith","player_choice":"Forge","floor":37.0,"damage_taken":0.0}],"is_beta":true,"boss_relics":[{"not_picked":["Pandora\u0027s Box","Empty Cage"],"picked":"Orrery"},{"not_picked":["Busted Crown","Coffee Dripper"],"picked":"Runic Dome"}],"items_purged_floors":[20,36],"is_endless":false,"potions_floor_spawned":[4,5,11,13,18,28,30,33,35],"killed_by":"4 Shapes","ascension_level":15}