{"gold_per_floor":[13,23,123,140,151,184,203,203,255,255,255,288,288,319,319,420,420,435,408,428,428,428,428,428,428,428,7,24,51,51,11,11,107,107,121,121,121,135,135,135,155,170,170,189,5,24,24,24,24,24],"floor_reached":50,"playtime":3354,"items_purged":[],"score":577,"play_id":"56307f86-2ac9-4cad-b729-ccfb549d2635","local_time":"20180715140913","is_ascension_mode":true,"campfire_choices":[{"data":"Hologram","floor":8.0,"key":"SMITH"},{"floor":10.0,"key":"REST"},{"floor":13.0,"key":"REST"},{"data":"Zap","floor":15.0,"key":"SMITH"},{"floor":23,"key":"REST"},{"data":"Creative AI","floor":25,"key":"SMITH"},{"floor":30,"key":"REST"},{"floor":32,"key":"REST"},{"data":"Chill","floor":40,"key":"SMITH"},{"floor":47,"key":"REST"},{"floor":49,"key":"REST"}],"neow_cost":"NO_GOLD","seed_source_timestamp":171264944081582,"circlet_count":0,"master_deck":["Zap+1","Dualcast","Sweeping Beam","Hologram+1","Chill+1","Genetic Algorithm","Conserve Battery","Capacitor","Cold Snap","Creative AI+1","Reinforced Body","Hologram+1","Thunder Strike","Blizzard","Compile Driver","Buffer","Coolheaded","Melter","Redo","Blizzard","BootSequence","Compile Driver","Streamline","BootSequence+1","Ball Lightning","Good Instincts"],"special_seed":0,"relics":["Cracked Core","Singing Bowl","Lantern","The Courier","Omamori","Cursed Key","Blood Vial","Shuriken","Vajra","Gambling Chip","Pandora\u0027s Box","Oddly Smooth Stone"],"potions_floor_usage":[20,20,28,33,33,46,46],"damage_taken":[{"damage":7.0,"enemies":"Jaw Worm","floor":1.0,"turns":3.0},{"damage":1.0,"enemies":"Cultist","floor":2.0,"turns":3.0},{"damage":7.0,"enemies":"Small Slimes","floor":4.0,"turns":2.0},{"damage":0.0,"enemies":"Blue Slaver","floor":5.0,"turns":2.0},{"damage":12.0,"enemies":"3 Sentries","floor":6.0,"turns":9.0},{"damage":9.0,"enemies":"Gremlin Gang","floor":7.0,"turns":3.0},{"damage":31.0,"enemies":"Gremlin Nob","floor":12.0,"turns":5.0},{"damage":12.0,"enemies":"3 Sentries","floor":14.0,"turns":7.0},{"damage":42.0,"enemies":"The Guardian","floor":16.0,"turns":14.0},{"damage":9,"enemies":"Chosen","floor":18,"turns":7},{"damage":18,"enemies":"2 Thieves","floor":19,"turns":5},{"damage":27,"enemies":"Slaver and Parasite","floor":20,"turns":11},{"damage":22,"enemies":"Snecko","floor":28,"turns":7},{"damage":49,"enemies":"Book of Stabbing","floor":29,"turns":6},{"damage":54,"enemies":"Automaton","floor":33,"turns":14},{"damage":57,"enemies":"3 Darklings","floor":35,"turns":6},{"damage":1,"enemies":"Orb Walker","floor":38,"turns":4},{"damage":11,"enemies":"Spire Growth","floor":41,"turns":7},{"damage":9,"enemies":"4 Shapes","floor":42,"turns":6},{"damage":44,"enemies":"Maw","floor":44,"turns":11},{"damage":10,"enemies":"Flame Bruiser 2 Orb","floor":46,"turns":6},{"damage":85,"enemies":"Time Eater","floor":50,"turns":10}],"seed_played":"-1663676491042736596","potions_obtained":[{"floor":4.0,"key":"Fire Potion"},{"floor":6.0,"key":"SkillPotion"},{"floor":12.0,"key":"Explosive Potion"},{"floor":16,"key":"Regen Potion"},{"floor":18,"key":"Weak Potion"},{"floor":28,"key":"Poison Potion"},{"floor":42,"key":"Swift Potion"},{"floor":44,"key":"AttackPotion"}],"is_trial":false,"path_per_floor":["M","M","?","M","M","E","M","R","T","R","?","E","R","E","R","B",null,"M","M","M","?","?","R","?","R","T","$","M","E","R","$","R","B",null,"M","?","?","M","?","R","M","M","T","M","$","M","R","?","R"],"character_chosen":"DEFECT","items_purchased":["Shuriken","Vajra","Blizzard","Weak Potion","Block Potion","Oddly Smooth Stone","Regen Potion"],"campfire_rested":7,"item_purchase_floors":[27,27,27,27,31,45,45],"current_hp_per_floor":[82,81,81,74,74,62,53,53,53,79,72,43,70,58,58,16,91,82,64,54,54,54,81,81,81,81,81,63,16,44,44,72,20,95,38,38,62,63,63,63,56,51,51,9,9,16,45,45,74,0],"gold":24,"neow_bonus":"TWENTY_PERCENT_HP_BONUS","is_prod":false,"is_daily":false,"chose_seed":false,"campfire_upgraded":4,"win_rate":0,"timestamp":1531678153,"path_taken":["M","M","?","M","M","E","?","R","T","R","?","E","R","E","R","BOSS","BOSS","M","M","M","?","?","R","?","R","T","?","M","E","R","$","R","BOSS","M","?","?","M","?","R","M","?","T","M","$","M","R","?","R","BOSS"],"build_version":"2018-07-13","purchased_purges":0,"victory":false,"max_hp_per_floor":[89,89,89,89,89,89,89,89,89,89,89,91,91,91,91,91,91,91,91,93,93,93,93,93,93,93,93,95,95,95,95,95,95,95,95,95,95,95,95,95,97,99,99,99,99,99,99,99,99,99],"card_choices":[{"not_picked":["Lockon","Barrage"],"picked":"Sweeping Beam","floor":1.0},{"not_picked":["Compile Driver","Storm"],"picked":"Hologram","floor":2.0},{"not_picked":["Beam Cell","Hologram"],"picked":"Chill","floor":4.0},{"not_picked":["Gash","Lockon"],"picked":"Genetic Algorithm","floor":5.0},{"not_picked":["Storm","Steam"],"picked":"Conserve Battery","floor":6.0},{"not_picked":["Redo","Undo"],"picked":"Capacitor","floor":7.0},{"not_picked":["Rip and Tear","Barrage","Rebound"],"picked":"Singing Bowl","floor":12.0},{"not_picked":["Rebound","Fission"],"picked":"Cold Snap","floor":14.0},{"not_picked":["Thunder Strike","Machine Learning"],"picked":"Creative AI","floor":16},{"not_picked":["Rebound","Steam Power"],"picked":"Reinforced Body","floor":18},{"not_picked":["Cold Snap","Steam Power"],"picked":"Hologram+1","floor":19},{"not_picked":["Barrage","Rebound","Redo"],"picked":"Singing Bowl","floor":20},{"not_picked":["Loop","Auto Shields","Reinforced Body"],"picked":"Singing Bowl","floor":28},{"not_picked":["Chill","Storm"],"picked":"Compile Driver","floor":29},{"not_picked":["Reboot","Electrodynamics"],"picked":"Buffer","floor":33},{"not_picked":["Conserve Battery","Coolheaded+1"],"picked":"Compile Driver","floor":35},{"not_picked":["Leap","Go for the Eyes+1"],"picked":"Streamline","floor":38},{"not_picked":["Steam+1","Leap+1","Stack"],"picked":"Singing Bowl","floor":41},{"not_picked":["Doom and Gloom","Sweeping Beam","Beam Cell"],"picked":"Singing Bowl","floor":42},{"not_picked":["Turbo","Barrage"],"picked":"BootSequence+1","floor":44},{"not_picked":["Self Repair","Rip and Tear+1"],"picked":"Ball Lightning","floor":46}],"player_experience":284916,"relics_obtained":[{"floor":6.0,"key":"Singing Bowl"},{"floor":9.0,"key":"Lantern"},{"floor":12.0,"key":"The Courier"},{"floor":14.0,"key":"Omamori"},{"floor":29,"key":"Gambling Chip"}],"event_choices":[{"event_name":"Golden Shrine","player_choice":"Pray","floor":3.0,"damage_taken":0.0},{"event_name":"Golden Wing","player_choice":"Card Removal","floor":11.0,"damage_taken":0.0},{"event_name":"The Mausoleum","player_choice":"Yes","floor":21,"damage_taken":0},{"event_name":"Transmorgrifier","player_choice":"Transform","floor":22,"damage_taken":0},{"event_name":"Purifier","player_choice":"One Purge","floor":24,"damage_taken":0},{"event_name":"Mysterious Sphere","player_choice":"Ignore","floor":36,"damage_taken":0},{"event_name":"Winding Halls","player_choice":"Writhe","floor":37,"damage_taken":0},{"event_name":"Tomb of Lord Red Mask","player_choice":"Ignored","floor":39,"damage_taken":0},{"event_name":"Match and Keep!","player_choice":"1 cards matched","floor":48,"damage_taken":0}],"boss_relics":[{"not_picked":["Coffee Dripper","Eternal Feather"],"picked":"Cursed Key"},{"not_picked":["Tiny House","Calling Bell"],"picked":"Pandora\u0027s Box"}],"items_purged_floors":[],"is_endless":false,"potions_floor_spawned":[4,6,12,16,18,28,42,44],"killed_by":"Time Eater","ascension_level":3}