{"gold_per_floor":[112,212,212,212,231,231,242,252,277,108,108,120,90,106,106,211,211,151,23,23,23,23,23,23],"floor_reached":24,"playtime":699,"items_purged":[],"score":234,"play_id":"8d4d9d24-12cc-4d01-ba0b-f996534b53eb","local_time":"20180709211557","is_ascension_mode":false,"campfire_choices":[{"data":"Neutralize","floor":6,"key":"SMITH"},{"data":"Noxious Fumes","floor":15,"key":"SMITH"},{"data":"Ghostly","floor":23,"key":"SMITH"}],"neow_cost":"","seed_source_timestamp":0,"circlet_count":0,"master_deck":["Defend_G","Defend_G","Defend_G","Defend_G","Defend_G","Survivor","Neutralize+1","Deflect","Backflip","Wraith Form v2+1","Infinite Blades","Footwork","Terror","Deflect","Noxious Fumes+1","Sucker Punch","Corpse Explosion","Dagger Throw+1","Backstab","Quick Slash","Backflip+1","Bite","Bite","Bite","Bite","Bite","Ghostly+1","Ghostly","Ghostly","Ghostly","Ghostly"],"relics":["Ring of the Snake","Regal Pillow","Ectoplasm"],"potions_floor_usage":[12,14,16,20],"damage_taken":[{"damage":0,"enemies":"Cultist","floor":1,"turns":5},{"damage":0,"enemies":"2 Louse","floor":5,"turns":3},{"damage":0,"enemies":"Jaw Worm","floor":7,"turns":5},{"damage":0,"enemies":"2 Fungi Beasts","floor":8,"turns":5},{"damage":0,"enemies":"3 Louse","floor":12,"turns":5},{"damage":0,"enemies":"Looter","floor":13,"turns":4},{"damage":3,"enemies":"2 Fungi Beasts","floor":14,"turns":5},{"damage":1,"enemies":"Slime Boss","floor":16,"turns":10},{"damage":0,"enemies":"2 Thieves","floor":18,"turns":4},{"damage":5,"enemies":"3 Byrds","floor":20,"turns":3},{"damage":2,"enemies":"Snecko","floor":24,"turns":3}],"seed_played":"-3719245779876594110","potions_obtained":[{"floor":7,"key":"FearPotion"},{"floor":8,"key":"AttackPotion"},{"floor":12,"key":"Weak Potion"},{"floor":16,"key":"Weak Potion"},{"floor":20,"key":"Fire Potion"}],"is_trial":true,"path_per_floor":["M","?","?","?","M","R","M","M","T","$","?","M","M","M","R","B",null,"M","$","M","?","?","R"],"character_chosen":"THE_SILENT","items_purchased":["Footwork","Terror","Deflect","Backstab","Quick Slash"],"campfire_rested":0,"item_purchase_floors":[10,10,10,19,19],"current_hp_per_floor":[1,1,6,6,6,6,6,6,6,6,6,6,6,3,3,2,6,6,6,1,1,1,1,0],"gold":23,"neow_bonus":"","is_prod":false,"is_daily":false,"chose_seed":false,"campfire_upgraded":3,"win_rate":0,"timestamp":1531196157,"path_taken":["M","?","?","?","M","R","M","M","T","$","?","?","M","M","R","BOSS","M","$","M","?","?","R","M"],"build_version":"2018-07-05","purchased_purges":0,"victory":false,"max_hp_per_floor":[1,1,6,6,6,6,6,6,6,6,6,6,6,6,6,6,6,6,6,6,4,2,2,2],"card_choices":[{"not_picked":["Prepared","Terror"],"picked":"Deflect","floor":1},{"not_picked":["PiercingWail","Flying Knee"],"picked":"Backflip","floor":5},{"not_picked":["Expertise","Flying Knee"],"picked":"Wraith Form v2","floor":7},{"not_picked":["Underhanded Strike","Poisoned Stab"],"picked":"Infinite Blades","floor":8},{"not_picked":["Deadly Poison","Accuracy"],"picked":"Noxious Fumes","floor":12},{"not_picked":["Terror","Accuracy"],"picked":"Sucker Punch","floor":13},{"not_picked":["Venomology","Burst"],"picked":"Corpse Explosion","floor":16},{"not_picked":["Bane+1","Slice"],"picked":"Dagger Throw+1","floor":18},{"not_picked":["Outmaneuver+1","Flying Knee"],"picked":"Backflip+1","floor":20}],"player_experience":556655,"relics_obtained":[{"floor":9,"key":"Regal Pillow"}],"event_choices":[{"event_name":"Golden Shrine","player_choice":"Pray","floor":2,"damage_taken":0},{"event_name":"Big Fish","player_choice":"Donut","floor":3,"damage_taken":0},{"event_name":"Scrap Ooze","player_choice":"unsuccessful","floor":4,"damage_taken":0},{"event_name":"Living Wall","player_choice":"Grow","floor":11,"damage_taken":0},{"event_name":"Vampires","player_choice":"Became a vampire","floor":21,"damage_taken":0},{"event_name":"Ghosts","player_choice":"Became a Ghost","floor":22,"damage_taken":0}],"boss_relics":[{"not_picked":["Velvet Choker","Astrolabe"],"picked":"Ectoplasm"}],"items_purged_floors":[],"is_endless":false,"potions_floor_spawned":[7,8,12,16,20],"killed_by":"Snecko","ascension_level":0}