{"gold_per_floor":[359,434,451,401,401,434,434,160,160,174,185,185,203,81,81,179,179,191,106,124,138,152,152,27,47,47,47,63,63,63,83,83,183,233,253,253,253,253,266,266,277,277],"floor_reached":42,"playtime":4494,"items_purged":["Strike_R","Strike_R","Strike_R"],"score":514,"play_id":"52dc3dda-4f91-4a42-a5d0-3ffed9116f69","local_time":"20181007000718","is_ascension_mode":true,"campfire_choices":[{"floor":7,"key":"REST"},{"data":"Whirlwind","floor":12,"key":"SMITH"},{"data":"Barricade","floor":15,"key":"SMITH"},{"data":"Limit Break","floor":23,"key":"SMITH"},{"floor":29,"key":"REST"},{"floor":32,"key":"REST"},{"floor":40,"key":"REST"}],"neow_cost":"PERCENT_DAMAGE","seed_source_timestamp":97374664370641,"circlet_count":0,"master_deck":["Defend_R","Defend_R","Defend_R","Defend_R","Bash","Cleave","Whirlwind+1","Spot Weakness","Heavy Blade","Iron Wave","Body Slam+1","Barricade+1","True Grit","Limit Break+1","Rampage+1","Shrug It Off","Body Slam","Warcry","Apotheosis"],"relics":["Burning Blood","Dodecahedron","Vajra","Art of War","Sozu","Blood Vial","Frozen Egg 2","Tiny House","Thread and Needle"],"potions_floor_usage":[16,41],"damage_taken":[{"damage":0,"enemies":"2 Louse","floor":1,"turns":3},{"damage":13,"enemies":"Jaw Worm","floor":3,"turns":4},{"damage":43,"enemies":"Gremlin Nob","floor":6,"turns":5},{"damage":0,"enemies":"Small Slimes","floor":10,"turns":2},{"damage":13,"enemies":"Blue Slaver","floor":11,"turns":3},{"damage":4,"enemies":"Large Slime","floor":13,"turns":4},{"damage":19,"enemies":"Hexaghost","floor":16,"turns":12},{"damage":11,"enemies":"2 Thieves","floor":18,"turns":2},{"damage":0,"enemies":"3 Byrds","floor":20,"turns":3},{"damage":7,"enemies":"Cultist and Chosen","floor":21,"turns":4},{"damage":28,"enemies":"Snake Plant","floor":22,"turns":3},{"damage":33,"enemies":"Snecko","floor":25,"turns":5},{"damage":25,"enemies":"Shelled Parasite and Fungi","floor":28,"turns":5},{"damage":11,"enemies":"Centurion and Healer","floor":31,"turns":4},{"damage":34,"enemies":"Collector","floor":33,"turns":9},{"damage":13,"enemies":"Orb Walker","floor":35,"turns":3},{"damage":27,"enemies":"Mind Bloom Boss Battle","floor":37,"turns":9},{"damage":42,"enemies":"3 Darklings","floor":39,"turns":7},{"damage":35,"enemies":"Transient","floor":41,"turns":5},{"damage":33,"enemies":"Reptomancer","floor":42,"turns":5}],"seed_played":"-3209659076484513913","potions_obtained":[{"floor":11,"key":"Swift Potion"},{"floor":13,"key":"BloodPotion"}],"is_trial":false,"path_per_floor":["M","?","M","?","?","E","R","$","T","M","M","R","M","$","R","B",null,"M","?","M","M","M","R","$","M","T","$","M","R","$","M","R","B",null,"M","?","?","?","M","R","M"],"character_chosen":"IRONCLAD","items_purchased":["Heavy Blade","Vajra","True Grit"],"campfire_rested":4,"item_purchase_floors":[8,8,14],"current_hp_per_floor":[62,51,44,44,44,7,31,31,31,37,30,30,32,32,32,27,80,75,75,80,79,58,58,58,33,33,33,16,40,40,37,61,35,85,78,78,59,59,25,50,23,0],"gold":277,"neow_bonus":"TWO_FIFTY_GOLD","is_prod":false,"is_daily":false,"chose_seed":false,"campfire_upgraded":3,"win_rate":0,"timestamp":1538863638,"path_taken":["M","?","M","?","?","E","R","$","T","M","?","R","?","$","R","BOSS","M","?","M","?","?","R","$","M","T","?","?","R","$","?","R","BOSS","M","?","?","?","M","R","?","?"],"build_version":"2018-10-04v2","purchased_purges":3,"victory":false,"max_hp_per_floor":[80,80,80,80,80,80,80,80,80,80,80,80,80,80,80,80,80,80,80,80,80,80,80,80,80,80,80,80,80,80,80,80,80,85,85,85,85,85,85,85,85,85],"card_choices":[{"not_picked":["Thunderclap","Shrug It Off"],"picked":"Cleave","floor":1},{"not_picked":["True Grit","Cleave"],"picked":"Whirlwind","floor":3},{"not_picked":["Power Through","Shockwave"],"picked":"Spot Weakness","floor":6},{"not_picked":["Twin Strike","Perfected Strike"],"picked":"Iron Wave","floor":10},{"not_picked":["Havoc","Blood for Blood"],"picked":"Body Slam","floor":11},{"not_picked":["Uppercut","Second Wind"],"picked":"Barricade","floor":13},{"not_picked":["Offering","Berserk"],"picked":"Limit Break","floor":16},{"not_picked":["Disarm","Wild Strike","Blood for Blood"],"picked":"SKIP","floor":18},{"not_picked":["Havoc","Rupture"],"picked":"Rampage+1","floor":20},{"not_picked":["Carnage","Fire Breathing","Twin Strike"],"picked":"SKIP","floor":21},{"not_picked":["Shockwave+1","Flex"],"picked":"Shrug It Off","floor":22},{"not_picked":["Intimidate+1","Blood for Blood"],"picked":"Body Slam","floor":25},{"not_picked":["Power Through+1","Thunderclap","Body Slam"],"picked":"SKIP","floor":28},{"not_picked":["Fire Breathing+1","Seeing Red","Clothesline"],"picked":"SKIP","floor":31},{"not_picked":["Sever Soul+1","Whirlwind+1"],"picked":"Warcry","floor":35},{"not_picked":["Bandage Up","Madness"],"picked":"Apotheosis","floor":38},{"not_picked":["True Grit+1","Rage","Twin Strike+1"],"picked":"SKIP","floor":39},{"not_picked":["Body Slam","Clothesline+1","Armaments"],"picked":"SKIP","floor":41}],"player_experience":259277,"relics_obtained":[{"floor":6,"key":"Dodecahedron"},{"floor":9,"key":"Art of War"},{"floor":26,"key":"Frozen Egg 2"},{"floor":37,"key":"Thread and Needle"}],"event_choices":[{"event_name":"World of Goop","player_choice":"Gather Gold","floor":2,"damage_taken":0},{"event_name":"The Cleric","player_choice":"Card Removal","floor":4,"damage_taken":0},{"event_name":"Transmorgrifier","player_choice":"Skipped","floor":5,"damage_taken":0},{"event_name":"Addict","player_choice":"Obtained Relic","floor":19,"damage_taken":0},{"event_name":"Purifier","player_choice":"One Purge","floor":36,"damage_taken":0},{"event_name":"MindBloom","player_choice":"Fight","floor":37,"damage_taken":0},{"event_name":"SensoryStone","player_choice":"Memory 1","floor":38,"damage_taken":0}],"is_beta":false,"boss_relics":[{"not_picked":["Calling Bell","Runic Cube"],"picked":"Sozu"},{"not_picked":["Snecko Eye","Lizard Tail"],"picked":"Tiny House"}],"items_purged_floors":[8,14,24],"is_endless":false,"potions_floor_spawned":[11,13,18,28,33,37],"killed_by":"Reptomancer","ascension_level":3}