{"gold_per_floor":[368,429,429,444,454,15,15,15,66,66,94,109,109,143,143,238,238,251,4,274,284,33,49,49],"floor_reached":24,"playtime":1355,"items_purged":["Strike_B"],"score":204,"play_id":"c1e0f3ef-c364-4de6-b29d-c83e520bad05","local_time":"20180628185735","is_ascension_mode":false,"campfire_choices":[{"floor":7,"key":"REST"},{"data":"Sunder","floor":10,"key":"SMITH"},{"floor":13,"key":"REST"},{"data":"Cold Snap","floor":15,"key":"SMITH"}],"neow_cost":"FIFTY_PERCENT_DAMAGE","seed_source_timestamp":1287159783182370,"circlet_count":0,"master_deck":["Strike_B","Strike_B","Strike_B","Defend_B","Defend_B","Defend_B","Defend_B","Zap","Dualcast","Sunder+1","Leap","Consume","Cold Snap+1","Secret Weapon","Beam Cell","Ball Lightning","Auto Shields","Capacitor","Multi-Cast","Leap","Ball Lightning","Cold Snap","Self Repair"],"relics":["Cracked Core","DataDisk","Art of War","Juzu Bracelet","Gambling Chip","Boot","Philosopher\u0027s Stone","Anchor","Bottled Lightning"],"potions_floor_usage":[14,16,21,24],"damage_taken":[{"damage":4,"enemies":"Cultist","floor":1,"turns":4},{"damage":0,"enemies":"2 Louse","floor":4,"turns":2},{"damage":0,"enemies":"Small Slimes","floor":5,"turns":3},{"damage":14,"enemies":"Lagavulin","floor":11,"turns":4},{"damage":0,"enemies":"Blue Slaver","floor":12,"turns":1},{"damage":1,"enemies":"Gremlin Nob","floor":14,"turns":3},{"damage":4,"enemies":"Slime Boss","floor":16,"turns":10},{"damage":0,"enemies":"Spheric Guardian","floor":18,"turns":2},{"damage":19,"enemies":"3 Byrds","floor":21,"turns":4},{"damage":10,"enemies":"Snake Plant","floor":23,"turns":4},{"damage":22,"enemies":"Snecko","floor":24,"turns":3}],"seed_played":"4647285522812570508","potions_obtained":[{"floor":1,"key":"Weak Potion"},{"floor":5,"key":"Explosive Potion"},{"floor":16,"key":"SkillPotion"},{"floor":18,"key":"FearPotion"}],"is_trial":false,"path_per_floor":["M","?","?","M","M","$","R","?","T","R","E","M","R","E","R","B",null,"M","$","?","M","$","M"],"character_chosen":"DEFECT","items_purchased":["DataDisk","Cold Snap","Secret Weapon","Beam Cell","Ball Lightning","Anchor","Bottled Lightning"],"campfire_rested":2,"item_purchase_floors":[6,6,6,6,19,19,22],"current_hp_per_floor":[34,34,34,34,34,34,56,56,56,56,42,42,64,63,63,59,75,75,75,47,28,28,18,0],"gold":49,"neow_bonus":"TWO_FIFTY_GOLD","is_prod":false,"is_daily":false,"chose_seed":false,"campfire_upgraded":2,"win_rate":0,"timestamp":1530226655,"path_taken":["M","?","?","M","M","$","R","?","T","R","E","M","R","E","R","BOSS","M","$","?","M","$","M","M"],"build_version":"2018-06-21v2","purchased_purges":1,"victory":false,"max_hp_per_floor":[75,75,75,75,75,75,75,75,75,75,75,75,75,75,75,75,75,75,75,75,75,75,75,75],"card_choices":[{"not_picked":["Defragment","Blizzard"],"picked":"Sunder","floor":1},{"not_picked":["Darkness","Melter"],"picked":"Leap","floor":4},{"not_picked":["Undo","Static Discharge"],"picked":"Consume","floor":5},{"not_picked":["Aggregate","Chaos"],"picked":"Ball Lightning","floor":11},{"not_picked":["Streamline","Coolheaded"],"picked":"Auto Shields","floor":12},{"not_picked":["BootSequence","Meteor Strike"],"picked":"Capacitor","floor":14},{"not_picked":["Hyperbeam","Machine Learning"],"picked":"Multi-Cast","floor":16},{"not_picked":["Steam Power","Steam+1"],"picked":"Leap","floor":18},{"not_picked":["Melter","Blizzard+1"],"picked":"Cold Snap","floor":21},{"not_picked":["Gash","Darkness"],"picked":"Self Repair","floor":23}],"player_experience":153932,"relics_obtained":[{"floor":9,"key":"Juzu Bracelet"},{"floor":11,"key":"Gambling Chip"},{"floor":14,"key":"Boot"}],"event_choices":[{"event_name":"Golden Wing","player_choice":"Gained Gold","floor":2,"damage_taken":0},{"event_name":"Scrap Ooze","player_choice":"unsuccessful","floor":3,"damage_taken":0},{"event_name":"Wheel of Change","player_choice":"Relic","floor":8,"damage_taken":0},{"event_name":"Knowing Skull","player_choice":"GOLD GOLD GOLD ","floor":20,"damage_taken":0}],"boss_relics":[{"not_picked":["Empty Cage","Eternal Feather"],"picked":"Philosopher\u0027s Stone"}],"items_purged_floors":[19],"is_endless":false,"potions_floor_spawned":[1,5,16,18],"killed_by":"Snecko","ascension_level":0}