{"gold_per_floor":[112,129,129,149,167,167,23,33,33,33,53,81,81,109,109,109],"floor_reached":16,"playtime":412,"items_purged":["Strike_B"],"score":196,"play_id":"3da416ad-239c-43a5-9105-47ee0e59c409","local_time":"20180728010627","is_ascension_mode":true,"campfire_choices":[{"data":"Sunder","floor":6,"key":"SMITH"},{"floor":10,"key":"REST"},{"data":"Doom and Gloom","floor":13,"key":"SMITH"},{"floor":15,"key":"REST"}],"neow_cost":"NONE","seed_source_timestamp":337240124855973,"circlet_count":0,"master_deck":["Strike_B","Strike_B","Strike_B","Defend_B","Defend_B","Defend_B","Defend_B","Zap","Dualcast","AscendersBane","Sunder+1","Doom and Gloom+1","Electrodynamics","Cold Snap","Redo","Beam Cell","Conserve Battery","BootSequence","Amplify","White Noise","Redo","Leap","Reboot","Cold Snap"],"relics":["Orrery","Cables","Emotion Chip","Question Card"],"potions_floor_usage":[12,14],"damage_taken":[{"damage":7,"enemies":"Jaw Worm","floor":1,"turns":3},{"damage":3,"enemies":"Small Slimes","floor":2,"turns":3},{"damage":1,"enemies":"Cultist","floor":4,"turns":3},{"damage":18,"enemies":"Lots of Slimes","floor":5,"turns":3},{"damage":0,"enemies":"Exordium Thugs","floor":8,"turns":3},{"damage":3,"enemies":"Blue Slaver","floor":11,"turns":2},{"damage":16,"enemies":"3 Sentries","floor":12,"turns":4},{"damage":34,"enemies":"Gremlin Nob","floor":14,"turns":4},{"damage":26,"enemies":"The Guardian","floor":16,"turns":7}],"seed_played":"-6979780449509002587","potions_obtained":[{"floor":4,"key":"Dexterity Potion"},{"floor":8,"key":"Regen Potion"},{"floor":12,"key":"Fire Potion"},{"floor":14,"key":"SneckoOil"}],"is_trial":false,"path_per_floor":["M","M","?","M","M","R","$","M","T","R","M","E","R","E","R"],"character_chosen":"DEFECT","items_purchased":["White Noise"],"campfire_rested":2,"item_purchase_floors":[7],"current_hp_per_floor":[57,54,54,53,35,35,35,35,35,56,53,37,37,12,33,7],"gold":109,"neow_bonus":"BOSS_RELIC","is_prod":false,"is_daily":false,"chose_seed":false,"campfire_upgraded":2,"win_rate":0,"timestamp":1532765187,"path_taken":["M","M","?","M","?","R","$","?","T","R","M","E","R","E","R","BOSS"],"build_version":"2018-07-26","purchased_purges":1,"victory":false,"max_hp_per_floor":[71,71,71,71,71,71,71,71,71,71,71,71,71,71,71,71],"card_choices":[{"not_picked":["Barrage","Loop"],"picked":"Sunder","floor":0},{"not_picked":["Double Energy","Streamline"],"picked":"Doom and Gloom","floor":0},{"not_picked":["Recycle","Redo"],"picked":"Electrodynamics","floor":0},{"not_picked":["Ball Lightning","Turbo"],"picked":"Cold Snap","floor":0},{"not_picked":["Rebound","Stack"],"picked":"Redo","floor":0},{"not_picked":["Barrage","Steam"],"picked":"Beam Cell","floor":1},{"not_picked":["Static Discharge","Beam Cell"],"picked":"Conserve Battery","floor":2},{"not_picked":["Barrage","Gash"],"picked":"BootSequence","floor":4},{"not_picked":["Leap","Melter"],"picked":"Amplify","floor":5},{"not_picked":["Ball Lightning","Doom and Gloom"],"picked":"Redo","floor":8},{"not_picked":["Barrage","Cold Snap"],"picked":"Leap","floor":11},{"not_picked":["Tempest","Conserve Battery"],"picked":"Reboot","floor":12},{"not_picked":["Streamline","Rip and Tear"],"picked":"Cold Snap","floor":14}],"player_experience":703599,"relics_obtained":[{"floor":9,"key":"Cables"},{"floor":12,"key":"Emotion Chip"},{"floor":14,"key":"Question Card"}],"event_choices":[{"event_name":"Liars Game","player_choice":"disagreed","floor":3,"damage_taken":0}],"is_beta":true,"boss_relics":[],"items_purged_floors":[7],"is_endless":false,"potions_floor_spawned":[4,8,11,12,14],"killed_by":"The Guardian","ascension_level":15}