{"gold_per_floor":[114,134,150,150,170,170,184,199,199,209,209,221,221,221,221,324,324,340,340,27,39,53,85,85,97,97,97,124,140,340,350,350,448,448,467,12,28,41,59,59,0,330,330,345,362,374,19,48,48,48],"floor_reached":51,"playtime":2704,"items_purged":["Grand Finale"],"score":984,"play_id":"fa747625-5a0b-4308-8354-deb8d12c6dc0","local_time":"20190814170919","is_ascension_mode":true,"campfire_choices":[{"data":"Corpse Explosion","floor":6,"key":"SMITH"},{"data":"Eviscerate","floor":11,"key":"SMITH"},{"data":"Noxious Fumes","floor":13,"key":"SMITH"},{"floor":15,"key":"REST"},{"floor":24,"key":"REST"},{"floor":27,"key":"REST"},{"data":"Dash","floor":32,"key":"SMITH"},{"floor":49,"key":"REST"}],"neow_cost":"NONE","seed_source_timestamp":358493633767100,"circlet_count":0,"master_deck":["Survivor+1","Neutralize","PiercingWail","Underhanded Strike","Corpse Explosion+1","Noxious Fumes+1","Eviscerate+1","Dagger Throw","Backflip","Bullet Time+1","Blade Dance","Glass Knife","Glass Knife","Well Laid Plans","Finisher","Dash+1","Deadly Poison","All Out Attack","Tactician","Flying Knee","Necronomicurse","Finesse","PiercingWail","Eviscerate+1","Cloak And Dagger","Dodge and Roll","Cloak And Dagger","Flying Knee","Backflip","A Thousand Cuts","Dash+1","Cloak And Dagger","Blade Dance+1","Riddle With Holes","Poisoned Stab"],"relics":["Snecko Eye","Ice Cream","Pandora\u0027s Box","Necronomicon","Oddly Smooth Stone","Centennial Puzzle","Bottled Tornado","Peace Pipe","Busted Crown","Thread and Needle","Bronze Scales","Red Mask","Old Coin","Meat on the Bone","Toolbox","Lantern","War Paint"],"potions_floor_usage":[3,3,14,21,23,28,33,38,39,45,50,50,50],"damage_taken":[{"damage":0,"enemies":"2 Louse","floor":1,"turns":2},{"damage":8,"enemies":"Cultist","floor":2,"turns":7},{"damage":1,"enemies":"Jaw Worm","floor":3,"turns":4},{"damage":0,"enemies":"Large Slime","floor":5,"turns":4},{"damage":17,"enemies":"Lots of Slimes","floor":7,"turns":2},{"damage":8,"enemies":"Blue Slaver","floor":8,"turns":3},{"damage":1,"enemies":"Looter","floor":10,"turns":2},{"damage":0,"enemies":"2 Fungi Beasts","floor":12,"turns":2},{"damage":0,"enemies":"Lots of Slimes","floor":14,"turns":1},{"damage":27,"enemies":"Slime Boss","floor":16,"turns":7},{"damage":0,"enemies":"Chosen","floor":18,"turns":3},{"damage":11,"enemies":"Shell Parasite","floor":21,"turns":3},{"damage":7,"enemies":"Snake Plant","floor":22,"turns":3},{"damage":16,"enemies":"Slavers","floor":23,"turns":2},{"damage":0,"enemies":"Centurion and Healer","floor":25,"turns":3},{"damage":5,"enemies":"Book of Stabbing","floor":28,"turns":4},{"damage":0,"enemies":"Snecko","floor":29,"turns":2},{"damage":2,"enemies":"Snake Plant","floor":31,"turns":3},{"damage":18,"enemies":"Automaton","floor":33,"turns":6},{"damage":4,"enemies":"3 Shapes","floor":35,"turns":2},{"damage":1,"enemies":"Orb Walker","floor":37,"turns":3},{"damage":5,"enemies":"Spire Growth","floor":38,"turns":3},{"damage":0,"enemies":"Maw","floor":39,"turns":6},{"damage":13,"enemies":"Nemesis","floor":42,"turns":5},{"damage":4,"enemies":"Sphere and 2 Shapes","floor":44,"turns":3},{"damage":0,"enemies":"Transient","floor":45,"turns":5},{"damage":14,"enemies":"Maw","floor":46,"turns":5},{"damage":32,"enemies":"Giant Head","floor":48,"turns":7},{"damage":6,"enemies":"Time Eater","floor":50,"turns":10}],"seed_played":"6533196034391019020","potions_obtained":[{"floor":2,"key":"Block Potion"},{"floor":3,"key":"Fruit Juice"},{"floor":4,"key":"SmokeBomb"},{"floor":4,"key":"SteroidPotion"},{"floor":4,"key":"Dexterity Potion"},{"floor":8,"key":"Block Potion"},{"floor":21,"key":"Explosive Potion"},{"floor":25,"key":"Block Potion"},{"floor":28,"key":"Fire Potion"},{"floor":31,"key":"Strength Potion"},{"floor":33,"key":"Swift Potion"},{"floor":35,"key":"Block Potion"},{"floor":39,"key":"Fire Potion"},{"floor":44,"key":"EssenceOfSteel"},{"floor":48,"key":"Fire Potion"}],"is_trial":false,"path_per_floor":["M","M","M","?","M","R","M","M","T","M","R","M","R","M","R","B",null,"M","?","$","M","M","E","R","M","T","R","E","M","?","M","R","B",null,"M","$","M","M","M","?","?","E","T","M","M","M","$","E","R","B",null],"character_chosen":"THE_SILENT","items_purchased":["Oddly Smooth Stone","Finesse","Thread and Needle","Bronze Scales","Toolbox","Lantern"],"campfire_rested":4,"item_purchase_floors":[20,20,36,36,47,47],"current_hp_per_floor":[63,55,59,59,59,59,42,34,34,33,33,33,33,33,55,28,63,63,47,47,36,29,13,35,35,35,57,52,52,52,50,50,32,64,60,60,59,54,54,54,54,41,41,49,49,47,47,27,49,43],"gold":48,"neow_bonus":"BOSS_RELIC","is_prod":false,"is_daily":false,"chose_seed":false,"campfire_upgraded":4,"win_rate":0,"timestamp":1565770159,"path_taken":["M","M","M","?","M","R","M","M","T","?","R","M","R","M","R","BOSS","M","?","$","M","M","E","R","M","T","R","E","M","?","M","R","BOSS","M","$","M","M","?","?","?","E","T","M","M","M","$","E","R","BOSS"],"build_version":"2019-07-17","purchased_purges":1,"victory":true,"max_hp_per_floor":[70,70,75,75,75,75,75,75,75,75,75,75,75,75,75,75,75,75,75,75,75,75,75,75,75,75,75,75,75,75,75,75,75,75,75,75,75,75,75,75,75,75,75,75,75,75,75,75,75,75],"card_choices":[{"not_picked":["Quick Slash","Predator"],"picked":"PiercingWail","floor":1},{"not_picked":["Deflect","Blur"],"picked":"Underhanded Strike","floor":2},{"not_picked":["Underhanded Strike","Finisher"],"picked":"Corpse Explosion","floor":3},{"not_picked":["PiercingWail","Poisoned Stab"],"picked":"Noxious Fumes","floor":5},{"not_picked":["Sucker Punch","Outmaneuver"],"picked":"Eviscerate","floor":7},{"not_picked":["Infinite Blades","Slice"],"picked":"Dagger Throw","floor":8},{"not_picked":["Setup","Flechettes","Backstab"],"picked":"SKIP","floor":10},{"not_picked":["Bane","Accuracy"],"picked":"Backflip","floor":12},{"not_picked":["Phantasmal Killer","Unload"],"picked":"Bullet Time","floor":16},{"not_picked":["Cloak And Dagger+1","Backflip"],"picked":"Flying Knee","floor":18},{"not_picked":["Tactician+1","Well Laid Plans"],"picked":"PiercingWail","floor":21},{"not_picked":["Sucker Punch+1","PiercingWail+1"],"picked":"Eviscerate+1","floor":22},{"not_picked":["Blade Dance","Bane"],"picked":"Cloak And Dagger","floor":23},{"not_picked":["Sucker Punch","Prepared"],"picked":"Dodge and Roll","floor":25},{"not_picked":["Doppelganger","Setup"],"picked":"Cloak And Dagger","floor":28},{"not_picked":["All Out Attack+1","Dagger Spray"],"picked":"Flying Knee","floor":29},{"not_picked":["Backstab","Flying Knee"],"picked":"Backflip","floor":31},{"not_picked":["Unload","Doppelganger"],"picked":"A Thousand Cuts","floor":33},{"not_picked":[],"picked":"Dash+1","floor":35},{"not_picked":["Endless Agony+1"],"picked":"SKIP","floor":37},{"not_picked":["Heel Hook+1"],"picked":"SKIP","floor":38},{"not_picked":["Bane"],"picked":"SKIP","floor":39},{"not_picked":[],"picked":"Cloak And Dagger","floor":42},{"not_picked":[],"picked":"Blade Dance+1","floor":44},{"not_picked":[],"picked":"Riddle With Holes","floor":45},{"not_picked":["Slice+1"],"picked":"SKIP","floor":46},{"not_picked":[],"picked":"Poisoned Stab","floor":48}],"player_experience":136045,"relics_obtained":[{"floor":9,"key":"Ice Cream"},{"floor":19,"key":"Necronomicon"},{"floor":23,"key":"Centennial Puzzle"},{"floor":26,"key":"Bottled Tornado"},{"floor":28,"key":"Peace Pipe"},{"floor":42,"key":"Old Coin"},{"floor":43,"key":"Meat on the Bone"},{"floor":48,"key":"War Paint"}],"event_choices":[{"damage_healed":0,"gold_gain":0,"player_choice":"Got Potions","damage_taken":0,"max_hp_gain":0,"max_hp_loss":0,"event_name":"Lab","floor":4,"gold_loss":0},{"damage_healed":0,"gold_gain":0,"player_choice":"Obtained Book","damage_taken":16,"max_hp_gain":0,"max_hp_loss":0,"event_name":"Cursed Tome","floor":19,"gold_loss":0},{"damage_healed":0,"gold_gain":200,"player_choice":"Gold","damage_taken":0,"max_hp_gain":0,"max_hp_loss":0,"event_name":"Wheel of Change","floor":30,"gold_loss":0},{"damage_healed":0,"gold_gain":0,"player_choice":"Ignored","damage_taken":0,"max_hp_gain":0,"max_hp_loss":0,"event_name":"Mysterious Sphere","floor":40,"gold_loss":0},{"damage_healed":0,"gold_gain":0,"player_choice":"Paid","damage_taken":0,"relics_obtained":["Red Mask"],"max_hp_gain":0,"max_hp_loss":0,"event_name":"Tomb of Lord Red Mask","floor":41,"gold_loss":59}],"is_beta":false,"boss_relics":[{"not_picked":["Tiny House","Fusion Hammer"],"picked":"Pandora\u0027s Box"},{"not_picked":["Velvet Choker","Coffee Dripper"],"picked":"Busted Crown"}],"items_purged_floors":[20],"is_endless":false,"potions_floor_spawned":[2,3,8,10,21,25,28,31,33,35,37,39,44,48],"ascension_level":6}