{"gold_per_floor":[112,262,280,292,292,292,26,52,105,105,115,130,144,144],"floor_reached":14,"playtime":658,"items_purged":["Doubt"],"score":184,"play_id":"0f0c4ce5-13c3-40aa-8ebb-3912a3113792","local_time":"20190815121629","is_ascension_mode":true,"campfire_choices":[{"data":"Go for the Eyes","floor":6,"key":"SMITH"}],"neow_cost":"NONE","seed_source_timestamp":611389797148000,"circlet_count":0,"master_deck":["AscendersBane","Strike_B","Strike_B","Strike_B","Defend_B","Defend_B","Defend_B","Defend_B","Zap","Dualcast","Go for the Eyes+1","Ball Lightning","Defragment","Cold Snap","Genetic Algorithm","Self Repair","Loop","Defragment"],"relics":["Cracked Core","NeowsBlessing","Pen Nib","Strawberry"],"potions_floor_usage":[8,13],"damage_taken":[{"damage":0,"enemies":"Small Slimes","floor":1,"turns":1},{"damage":0,"enemies":"Jaw Worm","floor":3,"turns":1},{"damage":0,"enemies":"Cultist","floor":4,"turns":1},{"damage":21,"enemies":"3 Sentries","floor":8,"turns":7},{"damage":15,"enemies":"Lots of Slimes","floor":11,"turns":5},{"damage":17,"enemies":"Exordium Wildlife","floor":12,"turns":4},{"damage":9,"enemies":"3 Louse","floor":13,"turns":4},{"damage":18,"enemies":"Lots of Slimes","floor":14,"turns":2}],"seed_played":"-504775079535117655","potions_obtained":[{"floor":10,"key":"GamblersBrew"},{"floor":10,"key":"FairyPotion"},{"floor":11,"key":"EssenceOfSteel"}],"is_trial":false,"path_per_floor":["M","?","M","M","?","R","$","E","T","?","M","M","M","M"],"character_chosen":"DEFECT","items_purchased":["Defragment","Cold Snap","Block Potion"],"campfire_rested":0,"item_purchase_floors":[7,7,7],"current_hp_per_floor":[64,64,64,64,57,57,57,36,43,43,28,18,16,0],"gold":144,"neow_bonus":"THREE_ENEMY_KILL","is_prod":false,"is_daily":false,"chose_seed":false,"campfire_upgraded":1,"win_rate":0,"timestamp":1565885789,"path_taken":["M","?","M","M","?","R","$","E","T","?","M","M","M","?"],"build_version":"2019-07-17","purchased_purges":1,"victory":false,"max_hp_per_floor":[71,71,71,71,71,71,71,71,78,78,78,78,78,78],"card_choices":[{"not_picked":["Gash","Steam"],"picked":"Go for the Eyes","floor":1},{"not_picked":["Compile Driver","Darkness"],"picked":"Ball Lightning","floor":3},{"not_picked":["Go for the Eyes","Recycle","Reboot"],"picked":"SKIP","floor":4},{"not_picked":["Streamline","Loop"],"picked":"Genetic Algorithm","floor":8},{"not_picked":["BootSequence","Steam"],"picked":"Self Repair","floor":11},{"not_picked":["Heatsinks","Redo"],"picked":"Loop","floor":12},{"not_picked":["Sweeping Beam","Rip and Tear"],"picked":"Defragment","floor":13}],"player_experience":2675915,"relics_obtained":[{"floor":8,"key":"Pen Nib"},{"floor":9,"key":"Strawberry"}],"event_choices":[{"damage_healed":0,"gold_gain":150,"player_choice":"AGREE","damage_taken":0,"max_hp_gain":0,"max_hp_loss":0,"event_name":"Liars Game","floor":2,"gold_loss":0,"cards_obtained":["Doubt"]},{"cards_removed":["Strike_B"],"damage_healed":0,"gold_gain":0,"player_choice":"Card Removal","damage_taken":7,"max_hp_gain":0,"max_hp_loss":0,"event_name":"Golden Wing","floor":5,"gold_loss":0},{"damage_healed":0,"gold_gain":0,"player_choice":"Got Potions","damage_taken":0,"max_hp_gain":0,"max_hp_loss":0,"event_name":"Lab","floor":10,"gold_loss":0}],"is_beta":false,"boss_relics":[],"items_purged_floors":[7],"is_endless":false,"potions_floor_spawned":[11,12],"killed_by":"Lots of Slimes","ascension_level":20}