{"gold_per_floor":[219,28,39,56,66,66,81,92,92,92,107,107,107,132,132,236,236,253,5,16,28,44,59,59,59,129,228,239,239,257,275,275,380,380,400,423,423,441,453,453,0,10,36,36,36,36,46,58,58,58],"floor_reached":51,"playtime":2935,"items_purged":[],"score":632,"play_id":"53cab974-c009-4799-9d06-d6db40bc20a7","local_time":"20180826195230","is_ascension_mode":false,"campfire_choices":[{"data":"Apotheosis","floor":6,"key":"SMITH"},{"data":"Bash","floor":13,"key":"SMITH"},{"data":"Defend_R","floor":15,"key":"SMITH"},{"floor":24,"key":"REST"},{"floor":32,"key":"REST"},{"floor":40,"key":"REST"},{"floor":46,"key":"REST"},{"floor":49,"key":"REST"}],"neow_cost":"NONE","seed_source_timestamp":797750879127796,"circlet_count":0,"master_deck":["Strike_R+1","Strike_R+1","Strike_R+1","Strike_R+1","Strike_R+1","Defend_R+1","Defend_R+1","Defend_R+1","Defend_R+1","Bash+1","Apotheosis+1","Pummel","Immolate","Shockwave","Limit Break","Flex+1","Disarm","Iron Wave","Shrug It Off","Sword Boomerang+1","Inflame","Offering","True Grit","Iron Wave+1","Flex+1","Bandage Up","Mayhem","Bandage Up","Battle Trance+1"],"relics":["Burning Blood","Champion Belt","Bag of Marbles","Fusion Hammer","Bag of Preparation","Bottled Flame","Runic Pyramid","Happy Flower","Unceasing Top","Red Mask","Omamori"],"potions_floor_usage":[5,11,16,16,19,21,33],"damage_taken":[{"damage":7,"enemies":"Small Slimes","floor":1,"turns":4},{"damage":5,"enemies":"Cultist","floor":3,"turns":4},{"damage":6,"enemies":"Jaw Worm","floor":4,"turns":4},{"damage":1,"enemies":"Exordium Wildlife","floor":5,"turns":2},{"damage":11,"enemies":"Blue Slaver","floor":7,"turns":3},{"damage":0,"enemies":"2 Fungi Beasts","floor":8,"turns":2},{"damage":0,"enemies":"Large Slime","floor":11,"turns":4},{"damage":17,"enemies":"3 Sentries","floor":14,"turns":5},{"damage":65,"enemies":"Hexaghost","floor":16,"turns":11},{"damage":5,"enemies":"3 Byrds","floor":18,"turns":4},{"damage":7,"enemies":"Shell Parasite","floor":20,"turns":3},{"damage":0,"enemies":"Cultist and Chosen","floor":21,"turns":5},{"damage":0,"enemies":"Centurion and Healer","floor":22,"turns":6},{"damage":1,"enemies":"Snake Plant","floor":23,"turns":4},{"damage":8,"enemies":"Shelled Parasite and Fungi","floor":28,"turns":4},{"damage":7,"enemies":"Centurion and Healer","floor":30,"turns":4},{"damage":0,"enemies":"Snecko","floor":31,"turns":3},{"damage":10,"enemies":"Champ","floor":33,"turns":4},{"damage":0,"enemies":"Orb Walker","floor":35,"turns":2},{"damage":6,"enemies":"Mind Bloom Boss Battle","floor":37,"turns":3},{"damage":6,"enemies":"3 Darklings","floor":38,"turns":3},{"damage":11,"enemies":"Jaw Worm Horde","floor":39,"turns":3},{"damage":19,"enemies":"Spire Growth","floor":42,"turns":4},{"damage":11,"enemies":"Sphere and 2 Shapes","floor":47,"turns":2},{"damage":0,"enemies":"4 Shapes","floor":48,"turns":1},{"damage":51,"enemies":"Awakened One","floor":50,"turns":6}],"seed_played":"961413634621178578","potions_obtained":[{"floor":1,"key":"SteroidPotion"},{"floor":4,"key":"Block Potion"},{"floor":7,"key":"PowerPotion"},{"floor":8,"key":"Regen Potion"},{"floor":18,"key":"Energy Potion"},{"floor":22,"key":"SteroidPotion"},{"floor":23,"key":"SpeedPotion"},{"floor":33,"key":"Weak Potion"},{"floor":39,"key":"SpeedPotion"},{"floor":48,"key":"FairyPotion"}],"is_trial":false,"path_per_floor":["M","$","M","M","M","R","M","M","T","?","M","?","R","E","R","B",null,"M","$","M","M","M","M","R","?","T","?","M","?","M","M","R","B",null,"M","T","?","M","M","R","?","M","T","?","$","R","M","M","R","B"],"character_chosen":"IRONCLAD","items_purchased":["Apotheosis","Bag of Preparation","Fruit Juice"],"campfire_rested":5,"item_purchase_floors":[2,19,19],"current_hp_per_floor":[79,79,80,80,80,80,75,80,80,80,80,85,85,74,74,30,85,85,90,89,90,90,90,90,90,90,90,88,88,87,90,90,86,90,90,90,90,90,85,90,90,77,77,67,67,90,90,90,90,55],"gold":58,"neow_bonus":"HUNDRED_GOLD","is_prod":false,"is_daily":false,"chose_seed":false,"campfire_upgraded":3,"win_rate":0,"timestamp":1535327550,"path_taken":["M","$","M","M","M","R","M","M","T","?","?","?","R","E","R","BOSS","M","$","M","M","M","M","R","?","T","?","M","?","?","M","R","BOSS","M","?","?","M","M","R","?","?","T","?","?","R","M","?","R","BOSS"],"build_version":"2018-08-23v2","purchased_purges":0,"victory":true,"max_hp_per_floor":[80,80,80,80,80,80,80,80,80,80,80,85,85,85,85,85,85,85,90,90,90,90,90,90,90,90,90,90,90,90,90,90,90,90,90,90,90,90,90,90,90,90,90,90,90,90,90,90,90,90],"card_choices":[{"not_picked":["Metallicize","Anger"],"picked":"Clothesline","floor":1},{"not_picked":["Sever Soul","Armaments"],"picked":"Pummel","floor":3},{"not_picked":["Pommel Strike","Flex"],"picked":"Immolate","floor":4},{"not_picked":["Headbutt","Twin Strike","Havoc"],"picked":"SKIP","floor":5},{"not_picked":["Fire Breathing","Rupture","Twin Strike"],"picked":"SKIP","floor":7},{"not_picked":["Sword Boomerang","Clothesline"],"picked":"Shockwave","floor":8},{"not_picked":["Wild Strike","Bloodletting","Clash"],"picked":"SKIP","floor":11},{"not_picked":["Dropkick","Flex","Body Slam"],"picked":"SKIP","floor":14},{"not_picked":["Reaper","Brutality"],"picked":"Limit Break","floor":16},{"not_picked":["Bloodletting","Thunderclap+1"],"picked":"Flex+1","floor":18},{"not_picked":["Heavy Blade","Body Slam"],"picked":"Disarm","floor":20},{"not_picked":["Clash+1","Heavy Blade"],"picked":"Iron Wave","floor":21},{"not_picked":["Heavy Blade+1","Armaments"],"picked":"Shrug It Off","floor":22},{"not_picked":["Whirlwind","Twin Strike"],"picked":"Sword Boomerang+1","floor":23},{"not_picked":["Thunderclap+1","Havoc","Pummel"],"picked":"SKIP","floor":28},{"not_picked":["Rage","Clash","Corruption+1"],"picked":"SKIP","floor":30},{"not_picked":["Sword Boomerang","Body Slam","Entrench"],"picked":"SKIP","floor":31},{"not_picked":["Bludgeon","Impervious"],"picked":"Offering","floor":33},{"not_picked":["Cleave+1","Armaments","Perfected Strike+1"],"picked":"SKIP","floor":35},{"not_picked":["Intimidate","Armaments"],"picked":"True Grit","floor":37},{"not_picked":["Perfected Strike","Heavy Blade+1","Seeing Red"],"picked":"SKIP","floor":38},{"not_picked":["Feel No Pain","Power Through+1"],"picked":"Iron Wave+1","floor":39},{"not_picked":["Headbutt","Perfected Strike+1"],"picked":"Flex+1","floor":42},{"not_picked":["Blind","Discovery"],"picked":"Bandage Up","floor":44},{"not_picked":["Dramatic Entrance","Flash of Steel"],"picked":"Mayhem","floor":44},{"not_picked":["Purity","Impatience"],"picked":"Bandage Up","floor":44},{"not_picked":["Pummel","Uppercut","Flex"],"picked":"SKIP","floor":47},{"not_picked":["Hemokinesis+1","Whirlwind+1"],"picked":"Battle Trance+1","floor":48}],"player_experience":337899,"relics_obtained":[{"floor":9,"key":"Champion Belt"},{"floor":14,"key":"Bag of Marbles"},{"floor":26,"key":"Bottled Flame"},{"floor":36,"key":"Happy Flower"},{"floor":37,"key":"Unceasing Top"},{"floor":43,"key":"Omamori"}],"event_choices":[{"event_name":"Living Wall","player_choice":"Forget","floor":10,"damage_taken":0},{"event_name":"Big Fish","player_choice":"Donut","floor":12,"damage_taken":0},{"event_name":"Back to Basics","player_choice":"Simplicity","floor":25,"damage_taken":0},{"event_name":"Nest","player_choice":"Stole From Cult","floor":27,"damage_taken":0},{"event_name":"The Library","player_choice":"Read","floor":29,"damage_taken":0},{"event_name":"MindBloom","player_choice":"Fight","floor":37,"damage_taken":0},{"event_name":"Tomb of Lord Red Mask","player_choice":"Paid","floor":41,"damage_taken":0},{"event_name":"SensoryStone","player_choice":"Memory 3","floor":44,"damage_taken":0}],"is_beta":true,"boss_relics":[{"not_picked":["Philosopher\u0027s Stone","Calling Bell"],"picked":"Fusion Hammer"},{"not_picked":["Busted Crown","Runic Cube"],"picked":"Runic Pyramid"}],"items_purged_floors":[],"is_endless":false,"potions_floor_spawned":[1,4,7,8,18,22,23,33,39,48],"ascension_level":0}