{"gold_per_floor":[369,379,379,454,211,211,245,245,270,281,281,22,22,35,35,131,131,143,153,168,188,54,81,81,111,135,150,167,42,42,54,54,155,155,171,186,238,238,7,7,20,46,46,46,46,61,86,99,99,99],"floor_reached":51,"playtime":2921,"items_purged":["Strike_B","Strike_B","Strike_B","Strike_B"],"score":757,"play_id":"3ac6ac47-a7e1-46a0-99e0-78c059873313","local_time":"20190725213423","is_ascension_mode":true,"campfire_choices":[{"floor":6,"key":"REST"},{"data":"Defragment","floor":8,"key":"SMITH"},{"data":"Storm","floor":13,"key":"SMITH"},{"data":"Defragment","floor":15,"key":"SMITH"},{"data":"Self Repair","floor":24,"key":"SMITH"},{"data":"Machine Learning","floor":30,"key":"SMITH"},{"floor":32,"key":"REST"},{"data":"Storm","floor":40,"key":"SMITH"},{"data":"Defragment","floor":44,"key":"SMITH"},{"data":"Force Field","floor":49,"key":"SMITH"}],"neow_cost":"TEN_PERCENT_HP_LOSS","seed_source_timestamp":1352073366158999,"circlet_count":0,"master_deck":["Defend_B","Defend_B","Defend_B","Defend_B","Zap+1","Dualcast+1","Defragment+1","Streamline","Ball Lightning","Storm+1","Gash","Undo","Defragment+1","Machine Learning+1","Genetic Algorithm","Self Repair+1","Hologram+1","BootSequence","Ball Lightning+1","White Noise+1","Force Field+1","Defragment+1","Core Surge","Steam+1","Storm+1"],"relics":["Cracked Core","Kunai","War Paint","Anchor","Cables","Velvet Choker","Lantern","Oddly Smooth Stone","Bag of Marbles","Lizard Tail","Emotion Chip","The Courier","Shuriken","Du-Vu Doll"],"potions_floor_usage":[7,7,21,25,33,37,37,50],"damage_taken":[{"damage":1,"enemies":"Cultist","floor":1,"turns":3},{"damage":2,"enemies":"Small Slimes","floor":2,"turns":3},{"damage":9,"enemies":"3 Sentries","floor":7,"turns":5},{"damage":0,"enemies":"2 Louse","floor":10,"turns":2},{"damage":0,"enemies":"Blue Slaver","floor":14,"turns":2},{"damage":23,"enemies":"The Guardian","floor":16,"turns":5},{"damage":4,"enemies":"3 Byrds","floor":18,"turns":3},{"damage":0,"enemies":"Chosen","floor":19,"turns":2},{"damage":7,"enemies":"Shelled Parasite and Fungi","floor":20,"turns":3},{"damage":0,"enemies":"Snake Plant","floor":21,"turns":3},{"damage":34,"enemies":"Gremlin Leader","floor":23,"turns":6},{"damage":16,"enemies":"Book of Stabbing","floor":25,"turns":4},{"damage":0,"enemies":"Centurion and Healer","floor":27,"turns":4},{"damage":2,"enemies":"Shelled Parasite and Fungi","floor":28,"turns":3},{"damage":17,"enemies":"Snake Plant","floor":31,"turns":3},{"damage":20,"enemies":"Collector","floor":33,"turns":7},{"damage":9,"enemies":"3 Darklings","floor":35,"turns":4},{"damage":6,"enemies":"3 Shapes","floor":36,"turns":2},{"damage":16,"enemies":"2 Orb Walkers","floor":37,"turns":4},{"damage":17,"enemies":"Jaw Worm Horde","floor":41,"turns":3},{"damage":9,"enemies":"Nemesis","floor":42,"turns":7},{"damage":0,"enemies":"Spire Growth","floor":46,"turns":3},{"damage":6,"enemies":"Giant Head","floor":47,"turns":6},{"damage":0,"enemies":"Sphere and 2 Shapes","floor":48,"turns":3},{"damage":26,"enemies":"Donu and Deca","floor":50,"turns":6}],"seed_played":"8567278359896900531","potions_obtained":[{"floor":1,"key":"AttackPotion"},{"floor":2,"key":"SkillPotion"},{"floor":16,"key":"Dexterity Potion"},{"floor":19,"key":"SpeedPotion"},{"floor":21,"key":"GamblersBrew"},{"floor":25,"key":"SpeedPotion"},{"floor":27,"key":"Poison Potion"},{"floor":31,"key":"Fire Potion"},{"floor":33,"key":"Fire Potion"},{"floor":37,"key":"Dexterity Potion"},{"floor":47,"key":"FairyPotion"}],"is_trial":false,"path_per_floor":["M","M","?","?","$","R","E","R","T","M","?","$","R","M","R","B",null,"M","M","M","M","$","E","R","E","T","M","M","$","R","M","R","B",null,"M","M","?","?","$","R","M","E","T","R","$","M","E","M","R","B",null],"character_chosen":"DEFECT","items_purchased":["Ball Lightning","Storm","Gash","Cables","BootSequence","Storm"],"campfire_rested":2,"item_purchase_floors":[5,5,5,12,22,39],"current_hp_per_floor":[67,65,32,21,21,41,32,32,32,32,32,32,32,32,32,9,68,64,64,64,68,68,41,41,35,35,45,43,43,43,36,56,46,68,68,62,66,65,65,65,48,49,49,49,49,59,63,65,65,59],"gold":99,"neow_bonus":"TWO_FIFTY_GOLD","is_prod":false,"is_daily":false,"chose_seed":false,"campfire_upgraded":8,"win_rate":0,"timestamp":1564108463,"path_taken":["M","M","?","?","$","R","E","R","T","M","?","$","R","M","R","BOSS","M","M","?","M","?","E","R","E","T","M","M","$","R","M","R","BOSS","M","M","?","?","$","R","M","E","T","R","?","?","E","M","R","BOSS"],"build_version":"2019-07-17","purchased_purges":4,"victory":true,"max_hp_per_floor":[68,68,68,68,68,68,68,68,68,68,68,68,68,68,68,68,68,68,68,68,68,68,68,68,68,68,68,68,68,68,68,68,68,68,68,68,68,65,65,65,65,65,65,65,65,65,65,65,65,65],"card_choices":[{"not_picked":["Static Discharge","Coolheaded"],"picked":"Defragment","floor":1},{"not_picked":["Steam Power","Beam Cell"],"picked":"Streamline","floor":2},{"not_picked":["Conserve Battery","Barrage"],"picked":"Undo","floor":7},{"not_picked":["Steam","Rainbow"],"picked":"Defragment","floor":10},{"not_picked":["Beam Cell","Compile Driver","Blizzard"],"picked":"SKIP","floor":14},{"not_picked":["Echo Form","All For One"],"picked":"Machine Learning","floor":16},{"not_picked":["Barrage","Redo+1"],"picked":"Genetic Algorithm","floor":18},{"not_picked":["Aggregate","Gash+1"],"picked":"Self Repair","floor":19},{"not_picked":["Compile Driver","Go for the Eyes","Redo"],"picked":"SKIP","floor":20},{"not_picked":["Rip and Tear","Melter"],"picked":"Hologram+1","floor":21},{"not_picked":["Go for the Eyes+1","Consume"],"picked":"Ball Lightning+1","floor":23},{"not_picked":["Recycle","Turbo"],"picked":"White Noise+1","floor":25},{"not_picked":["Fusion+1","Coolheaded"],"picked":"Force Field","floor":27},{"not_picked":["Genetic Algorithm","Turbo"],"picked":"Defragment","floor":28},{"not_picked":["Sweeping Beam","Ball Lightning","Cold Snap"],"picked":"SKIP","floor":31},{"not_picked":["Biased Cognition","Rainbow"],"picked":"Core Surge","floor":33},{"not_picked":["Fusion+1","Chaos","Barrage+1"],"picked":"SKIP","floor":35},{"not_picked":["Coolheaded+1","Turbo+1","Chill"],"picked":"SKIP","floor":36},{"not_picked":["Rip and Tear","Gash"],"picked":"Steam+1","floor":37},{"not_picked":["Go for the Eyes+1","Streamline+1","Hologram+1"],"picked":"SKIP","floor":41},{"not_picked":["Recycle+1","Hello World","Streamline"],"picked":"SKIP","floor":42},{"not_picked":["Gash","Rip and Tear+1","Leap+1"],"picked":"SKIP","floor":46},{"not_picked":["Conserve Battery+1","Chill+1","Consume+1"],"picked":"SKIP","floor":47},{"not_picked":["Sweeping Beam+1","Melter","Skim"],"picked":"SKIP","floor":48}],"player_experience":884935,"relics_obtained":[{"floor":7,"key":"War Paint"},{"floor":9,"key":"Anchor"},{"floor":23,"key":"Lantern"},{"floor":25,"key":"Oddly Smooth Stone"},{"floor":26,"key":"Bag of Marbles"},{"floor":37,"key":"Emotion Chip"},{"floor":42,"key":"The Courier"},{"floor":43,"key":"Shuriken"},{"floor":47,"key":"Du-Vu Doll"}],"event_choices":[{"damage_healed":0,"gold_gain":0,"player_choice":"Success","damage_taken":33,"relics_obtained":["Kunai"],"max_hp_gain":0,"max_hp_loss":0,"event_name":"Scrap Ooze","floor":3,"gold_loss":0},{"damage_healed":0,"gold_gain":75,"player_choice":"Gather Gold","damage_taken":11,"max_hp_gain":0,"max_hp_loss":0,"event_name":"World of Goop","floor":4,"gold_loss":0},{"damage_healed":0,"gold_gain":0,"player_choice":"Ignored","damage_taken":0,"max_hp_gain":0,"max_hp_loss":0,"event_name":"NoteForYourself","floor":11,"gold_loss":0},{"damage_healed":0,"gold_gain":0,"player_choice":"Fight","damage_taken":0,"max_hp_gain":0,"max_hp_loss":0,"event_name":"Mysterious Sphere","floor":37,"gold_loss":0},{"damage_healed":0,"gold_gain":0,"player_choice":"Max HP","damage_taken":0,"max_hp_gain":0,"max_hp_loss":3,"event_name":"Winding Halls","floor":38,"gold_loss":0}],"is_beta":false,"boss_relics":[{"not_picked":["Snecko Eye","Calling Bell"],"picked":"Velvet Choker"},{"not_picked":["Fusion Hammer","Coffee Dripper"],"picked":"Lizard Tail"}],"items_purged_floors":[5,22,29,39],"is_endless":false,"potions_floor_spawned":[1,2,16,19,21,25,27,31,33,36,37,47,48],"ascension_level":1}