{"gold_per_floor":[119,119,119,119,136,161,161,186,186,218,229,229,8,27,27,103,153,172,172,172,15,15,15],"floor_reached":23,"playtime":485,"items_purged":["Strike_B"],"score":460,"play_id":"a72e4d28-385e-4205-8317-a463d089a344","local_time":"20190407142718","is_ascension_mode":true,"campfire_choices":[{"data":"Zap","floor":7.0,"key":"SMITH"},{"floor":12,"key":"REST"},{"floor":15,"key":"REST"}],"neow_cost":"NONE","seed_source_timestamp":10620364984343,"circlet_count":0,"master_deck":["AscendersBane","Strike_B","Strike_B","Defend_B","Defend_B","Defend_B","Defend_B","Zap+1","Dualcast","Hello World+1","Ball Lightning","Streamline","Hello World+1","Doom and Gloom","Electrodynamics+1","Coolheaded","Fission","Leap","Capacitor+1","Self Repair+1","Conserve Battery"],"special_seed":0,"relics":["Cracked Core","NeowsBlessing","Frozen Egg 2","Smiling Mask","Omamori","Blood Vial","Strange Spoon","Tiny House","Nilry\u0027s Codex","Pen Nib"],"potions_floor_usage":[11],"damage_taken":[{"damage":0.0,"enemies":"Small Slimes","floor":1.0,"turns":1.0},{"damage":0.0,"enemies":"Jaw Worm","floor":5.0,"turns":1.0},{"damage":0.0,"enemies":"Gremlin Nob","floor":6.0,"turns":1.0},{"damage":18.0,"enemies":"Lagavulin","floor":8.0,"turns":7.0},{"damage":32.0,"enemies":"3 Sentries","floor":10.0,"turns":6.0},{"damage":3,"enemies":"2 Louse","floor":11,"turns":2},{"damage":8,"enemies":"Lots of Slimes","floor":14,"turns":2},{"damage":10,"enemies":"The Guardian","floor":16,"turns":10},{"damage":13,"enemies":"3 Byrds","floor":18,"turns":3},{"damage":24,"enemies":"Slavers","floor":23,"turns":2}],"seed_played":"4426880602306724728","potions_obtained":[{"floor":1.0,"key":"EssenceOfSteel"},{"floor":10.0,"key":"Poison Potion"},{"floor":17,"key":"SmokeBomb"},{"floor":18,"key":"FairyPotion"}],"is_trial":false,"path_per_floor":["M","?","?","?","M","E","R","E","T","E","M","R","$","M","R","B",null,"M","?","?","$","$","E"],"character_chosen":"DEFECT","items_purchased":["Strange Spoon","Self Repair+1","Conserve Battery"],"campfire_rested":2,"item_purchase_floors":[13,21,21],"current_hp_per_floor":[64,57,62,58,58,58,58,40,40,8,7,29,29,23,45,37,71,60,39,39,39,39,17],"gold":15,"neow_bonus":"THREE_ENEMY_KILL","is_prod":false,"is_daily":false,"chose_seed":false,"campfire_upgraded":1,"win_rate":0,"timestamp":1554672438,"path_taken":["M","?","?","?","M","E","R","E","T","E","?","R","$","M","R","BOSS","M","?","?","?","$","E"],"build_version":"2019-03-15","purchased_purges":1,"victory":false,"max_hp_per_floor":[71,71,76,76,76,76,76,76,76,76,76,76,76,76,76,76,81,81,81,81,81,81,81],"card_choices":[{"not_picked":["Lockon","Sunder"],"picked":"Hello World","floor":1.0},{"not_picked":["Conserve Battery","Scrape"],"picked":"Ball Lightning","floor":5.0},{"not_picked":["Sweeping Beam","Reinforced Body"],"picked":"Streamline","floor":6.0},{"not_picked":["Lockon","FTL"],"picked":"Hello World+1","floor":8.0},{"not_picked":["Go for the Eyes","Double Energy"],"picked":"Doom and Gloom","floor":10.0},{"not_picked":["Stack","Turbo"],"picked":"Electrodynamics+1","floor":11},{"not_picked":["Barrage","Sunder"],"picked":"Coolheaded","floor":14},{"not_picked":["Hyperbeam","Multi-Cast"],"picked":"Fission","floor":16},{"not_picked":["Scrape","Coolheaded"],"picked":"Leap","floor":17},{"not_picked":["Beam Cell","Sweeping Beam+1"],"picked":"Capacitor+1","floor":18}],"player_experience":1403832,"relics_obtained":[{"floor":6.0,"key":"Frozen Egg 2"},{"floor":8.0,"key":"Smiling Mask"},{"floor":9.0,"key":"Omamori"},{"floor":10.0,"key":"Blood Vial"},{"floor":19,"key":"Nilry\u0027s Codex"}],"event_choices":[{"cards_removed":["Strike_B"],"damage_healed":0.0,"max_hp_gain":0.0,"max_hp_loss":0.0,"gold_gain":0.0,"event_name":"Golden Wing","player_choice":"Card Removal","floor":2.0,"gold_loss":0.0,"damage_taken":7.0},{"damage_healed":0.0,"max_hp_gain":5.0,"max_hp_loss":0.0,"gold_gain":0.0,"event_name":"Big Fish","player_choice":"Donut","floor":3.0,"gold_loss":0.0,"damage_taken":0.0},{"damage_healed":0.0,"max_hp_gain":0.0,"max_hp_loss":0.0,"gold_gain":0.0,"event_name":"The Woman in Blue","player_choice":"Bought 0 Potions","floor":4.0,"gold_loss":0.0,"damage_taken":0.0},{"damage_healed":0,"gold_gain":0,"player_choice":"Obtained Book","damage_taken":21,"max_hp_gain":0,"max_hp_loss":0,"event_name":"Cursed Tome","floor":19,"gold_loss":0},{"damage_healed":0,"gold_gain":0,"player_choice":"Opened","damage_taken":0,"relics_obtained":["Pen Nib"],"max_hp_gain":0,"max_hp_loss":0,"event_name":"The Mausoleum","floor":20,"gold_loss":0,"cards_obtained":["Writhe"]}],"is_beta":true,"boss_relics":[{"not_picked":["Lizard Tail","Runic Pyramid"],"picked":"Tiny House"}],"items_purged_floors":[21],"is_endless":false,"potions_floor_spawned":[1,10,18],"killed_by":"Slavers","ascension_level":20}