{"gold_per_floor":[119,130,130,144,294,294,329,329,329,387,387,124,159,177,177,177],"floor_reached":16,"playtime":362,"items_purged":["Doubt"],"score":216,"play_id":"aa9be619-64ee-4c9b-b454-b01a4ec01b52","local_time":"20190806184907","is_ascension_mode":true,"campfire_choices":[{"data":"Carnage","floor":6,"key":"SMITH"},{"data":"Wild Strike","floor":8,"key":"SMITH"},{"data":"Clash","floor":11,"key":"SMITH"},{"data":"Whirlwind","floor":15,"key":"SMITH"}],"neow_cost":"NONE","seed_source_timestamp":8468517418658,"circlet_count":0,"master_deck":["AscendersBane","Strike_R","Strike_R","Strike_R","Strike_R","Strike_R","Defend_R","Defend_R+1","Defend_R+1","Defend_R","Bash+1","Wild Strike+1","Carnage+1","Thunderclap","Clash+1","Shrug It Off","Shockwave","Metallicize","Clothesline","Whirlwind+1"],"relics":["Sozu","Paper Frog","War Paint","Boot","Vajra"],"potions_floor_usage":[],"damage_taken":[{"damage":2,"enemies":"Jaw Worm","floor":1,"turns":4},{"damage":6,"enemies":"Small Slimes","floor":2,"turns":3},{"damage":2,"enemies":"2 Louse","floor":4,"turns":2},{"damage":20,"enemies":"Lagavulin","floor":7,"turns":5},{"damage":8,"enemies":"Gremlin Nob","floor":10,"turns":3},{"damage":18,"enemies":"3 Sentries","floor":13,"turns":7},{"damage":0,"enemies":"2 Fungi Beasts","floor":14,"turns":3},{"damage":13,"enemies":"The Guardian","floor":16,"turns":7}],"seed_played":"5205227391056804383","potions_obtained":[],"is_trial":false,"path_per_floor":["M","M","?","M","?","R","E","R","T","?","R","$","E","M","R","B"],"character_chosen":"IRONCLAD","items_purchased":["Shrug It Off","Shockwave","Metallicize"],"campfire_rested":0,"item_purchase_floors":[12,12,12],"current_hp_per_floor":[66,60,60,58,58,58,38,38,38,30,30,30,12,12,12,0],"gold":177,"neow_bonus":"BOSS_RELIC","is_prod":false,"is_daily":false,"chose_seed":false,"campfire_upgraded":4,"win_rate":0,"timestamp":1565142547,"path_taken":["M","M","?","M","?","R","E","R","T","?","R","$","E","?","R","BOSS"],"build_version":"2019-07-18","purchased_purges":1,"victory":false,"max_hp_per_floor":[75,75,75,75,75,75,75,75,75,75,75,75,75,75,75,75],"card_choices":[{"not_picked":["Corruption","Body Slam"],"picked":"Wild Strike","floor":1},{"not_picked":["Anger","Seeing Red"],"picked":"Carnage","floor":2},{"not_picked":["Sever Soul","Body Slam"],"picked":"Thunderclap","floor":4},{"not_picked":["Dual Wield","Bloodletting","Iron Wave"],"picked":"SKIP","floor":7},{"not_picked":["Infernal Blade","Iron Wave"],"picked":"Clash","floor":10},{"not_picked":["Thunderclap","Reaper"],"picked":"Clothesline","floor":13},{"not_picked":["Twin Strike","Wild Strike"],"picked":"Whirlwind","floor":14}],"player_experience":1379046,"relics_obtained":[{"floor":7,"key":"Paper Frog"},{"floor":9,"key":"War Paint"},{"floor":10,"key":"Boot"},{"floor":13,"key":"Vajra"}],"event_choices":[{"damage_healed":0,"gold_gain":0,"player_choice":"Grow","damage_taken":0,"max_hp_gain":0,"max_hp_loss":0,"event_name":"Living Wall","floor":3,"gold_loss":0,"cards_upgraded":["Bash"]},{"damage_healed":0,"gold_gain":150,"player_choice":"AGREE","damage_taken":0,"max_hp_gain":0,"max_hp_loss":0,"event_name":"Liars Game","floor":5,"gold_loss":0,"cards_obtained":["Doubt"]},{"damage_healed":0,"gold_gain":0,"player_choice":"Searched \u00271\u0027 times","damage_taken":0,"max_hp_gain":0,"max_hp_loss":0,"event_name":"Dead Adventurer","floor":10,"gold_loss":0}],"is_beta":true,"boss_relics":[],"items_purged_floors":[12],"is_endless":false,"potions_floor_spawned":[2,7,13],"killed_by":"The Guardian","ascension_level":20}