{"gold_per_floor":[216,216,234,254,179,190,190,3,3,21,21,54,54,54,54,54],"floor_reached":16,"playtime":1106,"items_purged":[],"score":185,"play_id":"248ba62f-a16d-4374-bf7e-f1fab17a9a56","local_time":"20190725200702","is_ascension_mode":true,"campfire_choices":[{"data":"Cloak And Dagger","floor":7,"key":"SMITH"},{"floor":11,"key":"REST"},{"floor":13,"key":"REST"},{"data":"Storm of Steel","floor":15,"key":"SMITH"}],"neow_cost":"NONE","seed_source_timestamp":1348655616241844,"circlet_count":0,"master_deck":["AscendersBane","Strike_G","Strike_G","Strike_G","Defend_G","Defend_G","Defend_G","Defend_G","Survivor","Neutralize","Quick Slash","Cloak And Dagger+1","Storm of Steel+1","Dodge and Roll","Master of Strategy","Deflect"],"relics":["Ring of the Snake","Frozen Egg 2","Singing Bowl"],"potions_floor_usage":[16,16],"damage_taken":[{"damage":3,"enemies":"Small Slimes","floor":1,"turns":5},{"damage":0,"enemies":"2 Louse","floor":3,"turns":3},{"damage":8,"enemies":"Jaw Worm","floor":4,"turns":10},{"damage":1,"enemies":"3 Louse","floor":6,"turns":4},{"damage":22,"enemies":"Exordium Thugs","floor":10,"turns":6},{"damage":28,"enemies":"3 Sentries","floor":12,"turns":12},{"damage":42,"enemies":"Slime Boss","floor":16,"turns":7}],"seed_played":"1955628433314127559","potions_obtained":[{"floor":1,"key":"FearPotion"},{"floor":12,"key":"GhostInAJar"}],"is_trial":false,"path_per_floor":["M","?","M","M","?","M","R","$","T","M","R","E","R","?","R","B"],"character_chosen":"THE_SILENT","items_purchased":["Master of Strategy"],"campfire_rested":2,"item_purchase_floors":[8],"current_hp_per_floor":[56,56,56,48,48,47,47,47,47,25,44,16,35,28,28,0],"gold":54,"neow_bonus":"HUNDRED_GOLD","is_prod":false,"is_daily":false,"chose_seed":false,"campfire_upgraded":2,"win_rate":0,"timestamp":1564103222,"path_taken":["M","?","M","M","?","M","R","$","T","M","R","E","R","?","R","BOSS"],"build_version":"2019-07-17","purchased_purges":0,"victory":false,"max_hp_per_floor":[66,66,66,66,66,66,66,66,66,66,66,66,66,66,66,66],"card_choices":[{"not_picked":["Setup","Prepared"],"picked":"Quick Slash","floor":1},{"not_picked":["Blade Dance","Blur"],"picked":"Cloak And Dagger","floor":3},{"not_picked":["Backstab","Dagger Throw"],"picked":"Storm of Steel","floor":4},{"not_picked":["Poisoned Stab","Sucker Punch"],"picked":"Dodge and Roll","floor":6},{"not_picked":["Poisoned Stab","Prepared","Underhanded Strike"],"picked":"SKIP","floor":10},{"not_picked":["Flying Knee","Backstab"],"picked":"Deflect","floor":12}],"player_experience":882395,"relics_obtained":[{"floor":9,"key":"Frozen Egg 2"},{"floor":12,"key":"Singing Bowl"}],"event_choices":[{"cards_removed":["Strike_G"],"damage_healed":0,"gold_gain":0,"player_choice":"Forget","damage_taken":0,"max_hp_gain":0,"max_hp_loss":0,"event_name":"Living Wall","floor":2,"gold_loss":0},{"cards_removed":["Defend_G"],"damage_healed":0,"gold_gain":0,"player_choice":"Card Removal","damage_taken":0,"max_hp_gain":0,"max_hp_loss":0,"event_name":"The Cleric","floor":5,"gold_loss":75},{"cards_removed":["Strike_G"],"damage_healed":0,"gold_gain":0,"player_choice":"Card Removal","damage_taken":7,"max_hp_gain":0,"max_hp_loss":0,"event_name":"Golden Wing","floor":14,"gold_loss":0}],"is_beta":false,"boss_relics":[],"items_purged_floors":[],"is_endless":false,"potions_floor_spawned":[1,12],"killed_by":"Slime Boss","ascension_level":17}