{"gold_per_floor":[110,125,145,220,30,62,62,88,88,88,88,116,132,145,145,246,246,260,249,32,42,56,76,107,123,170,182,198,226,80,91,91,190,190,204,220,69,84,101,101,5,21,46,86,112,124,148,176,188,200,212,224,32,62,62],"floor_reached":56,"playtime":5835,"items_purged":["Clumsy","Strike_B","Injury"],"score":1299,"play_id":"375d838b-4f17-4a7f-b860-94f5ff072281","local_time":"20190708002727","is_ascension_mode":false,"campfire_choices":[{"data":"Double Energy","floor":7,"key":"SMITH"},{"floor":10,"key":"REST"},{"data":"Defragment","floor":15,"key":"SMITH"},{"data":"Seek","floor":32,"key":"SMITH"},{"floor":40,"key":"RECALL"},{"data":"Consume","floor":46,"key":"SMITH"},{"data":"Redo","floor":49,"key":"SMITH"},{"data":"Redo","floor":52,"key":"SMITH"}],"neow_cost":"NONE","seed_source_timestamp":553488860732356,"circlet_count":0,"master_deck":["Strike_B","Defend_B","Defend_B","Defend_B+1","Defend_B+1","Zap","Dualcast","Beam Cell","Go for the Eyes","Coolheaded","Conserve Battery","Blizzard","Defragment+1","Double Energy+1","Self Repair","Reboot","Chill","Compile Driver","Redo+1","FTL","Seek+1","Capacitor","Conserve Battery","FTL+1","Auto Shields","Hologram","Steam+1","Cold Snap","Go for the Eyes+1","Doom and Gloom","Sunder","Consume+1","Chill+1","Creative AI","Capacitor","Leap+1","Cold Snap","Cold Snap","Blizzard","Good Instincts","Redo+1","Glacier","Cold Snap"],"relics":["Cracked Core","Dream Catcher","Darkstone Periapt","Vajra","Cursed Key","Runic Capacitor","Centennial Puzzle","Pen Nib","Bronze Scales","Runic Pyramid","MawBank","Oddly Smooth Stone","War Paint"],"potions_floor_usage":[6,8,12,24,29,33,33,55,55],"damage_taken":[{"damage":0,"enemies":"Small Slimes","floor":1,"turns":3},{"damage":0,"enemies":"2 Louse","floor":2,"turns":3},{"damage":0,"enemies":"Jaw Worm","floor":3,"turns":3},{"damage":33,"enemies":"Gremlin Nob","floor":6,"turns":5},{"damage":19,"enemies":"3 Sentries","floor":8,"turns":9},{"damage":10,"enemies":"Lagavulin","floor":12,"turns":9},{"damage":0,"enemies":"Large Slime","floor":13,"turns":5},{"damage":0,"enemies":"2 Fungi Beasts","floor":14,"turns":3},{"damage":21,"enemies":"Hexaghost","floor":16,"turns":11},{"damage":0,"enemies":"Chosen","floor":18,"turns":6},{"damage":16,"enemies":"2 Thieves","floor":19,"turns":4},{"damage":7,"enemies":"Chosen and Byrds","floor":21,"turns":7},{"damage":0,"enemies":"3 Cultists","floor":22,"turns":6},{"damage":9,"enemies":"Snecko","floor":23,"turns":8},{"damage":3,"enemies":"Gremlin Leader","floor":24,"turns":7},{"damage":0,"enemies":"Centurion and Healer","floor":25,"turns":10},{"damage":12,"enemies":"Snake Plant","floor":27,"turns":6},{"damage":4,"enemies":"Cultist and Chosen","floor":28,"turns":8},{"damage":9,"enemies":"Book of Stabbing","floor":29,"turns":6},{"damage":13,"enemies":"Snecko","floor":31,"turns":6},{"damage":40,"enemies":"Collector","floor":33,"turns":9},{"damage":6,"enemies":"3 Darklings","floor":35,"turns":5},{"damage":11,"enemies":"Orb Walker","floor":36,"turns":4},{"damage":6,"enemies":"Writhing Mass","floor":38,"turns":8},{"damage":0,"enemies":"Sphere and 2 Shapes","floor":39,"turns":5},{"damage":0,"enemies":"4 Shapes","floor":42,"turns":5},{"damage":0,"enemies":"Giant Head","floor":44,"turns":9},{"damage":1,"enemies":"Maw","floor":45,"turns":7},{"damage":0,"enemies":"3 Darklings","floor":47,"turns":4},{"damage":0,"enemies":"Sphere and 2 Shapes","floor":48,"turns":4},{"damage":2,"enemies":"Awakened One","floor":50,"turns":15},{"damage":7,"enemies":"Shield and Spear","floor":54,"turns":8},{"damage":22,"enemies":"The Heart","floor":55,"turns":13}],"seed_played":"-7081528882809771647","potions_obtained":[{"floor":2,"key":"Regen Potion"},{"floor":3,"key":"Block Potion"},{"floor":6,"key":"FearPotion"},{"floor":14,"key":"FocusPotion"},{"floor":21,"key":"Dexterity Potion"},{"floor":22,"key":"AttackPotion"},{"floor":25,"key":"FearPotion"},{"floor":28,"key":"AttackPotion"},{"floor":29,"key":"GamblersBrew"},{"floor":36,"key":"Explosive Potion"},{"floor":38,"key":"Energy Potion"},{"floor":44,"key":"SmokeBomb"}],"is_trial":false,"path_per_floor":["M","M","M","?","$","E","R","E","T","R","?","E","M","M","R","B",null,"M","M","$","M","M","M","E","M","T","M","M","E","$","M","R","B",null,"M","M","$","M","M","R","$","M","T","E","M","R","M","M","R","B",null,"R","$","E","B",null],"character_chosen":"DEFECT","items_purchased":["Blizzard","Defragment","Double Energy","Runic Capacitor","Conserve Battery","Consume","Cold Snap","Good Instincts","Glacier"],"campfire_rested":1,"item_purchase_floors":[5,5,5,20,20,30,37,41,53],"current_hp_per_floor":[75,75,75,64,64,31,31,34,34,56,49,46,53,53,53,39,75,75,66,66,66,73,71,75,75,81,76,79,77,77,71,71,38,81,81,77,77,78,78,78,78,81,87,87,87,87,87,87,87,87,87,87,87,87,72],"gold":62,"neow_bonus":"TRANSFORM_CARD","is_prod":false,"is_daily":false,"chose_seed":false,"campfire_upgraded":6,"win_rate":0,"timestamp":1562513247,"path_taken":["M","M","M","?","$","E","R","E","T","R","?","E","M","M","R","BOSS","M","M","$","M","M","M","E","M","T","M","M","E","$","M","R","BOSS","M","M","$","M","M","R","$","M","T","E","M","R","M","M","R","BOSS","R","$","E","BOSS"],"build_version":"2019-07-05","purchased_purges":3,"victory":true,"max_hp_per_floor":[75,75,75,75,75,75,75,75,75,75,75,75,75,75,75,75,75,75,75,75,75,75,75,75,75,81,81,81,81,81,81,81,81,81,81,81,81,81,81,81,81,81,87,87,87,87,87,87,87,87,87,87,87,87,87],"card_choices":[{"not_picked":["Gash","Steam Power"],"picked":"Go for the Eyes","floor":1},{"not_picked":["Barrage","Fusion"],"picked":"Coolheaded","floor":2},{"not_picked":["Rebound","Steam"],"picked":"Conserve Battery","floor":3},{"not_picked":["Genetic Algorithm","Hologram"],"picked":"Self Repair","floor":6},{"not_picked":["Genetic Algorithm","Tempest"],"picked":"Reboot","floor":8},{"not_picked":["Beam Cell","Rebound"],"picked":"Chill","floor":10},{"not_picked":["Stack","Auto Shields"],"picked":"Compile Driver","floor":12},{"not_picked":["Ball Lightning","Aggregate"],"picked":"Redo","floor":13},{"not_picked":["Sweeping Beam","Ball Lightning"],"picked":"FTL","floor":14},{"not_picked":["Buffer","Electrodynamics"],"picked":"Seek","floor":16},{"not_picked":["Beam Cell+1","Gash","Steam"],"picked":"SKIP","floor":18},{"not_picked":["Redo","Stack+1"],"picked":"Capacitor","floor":19},{"not_picked":["Leap","Lockon+1"],"picked":"FTL+1","floor":21},{"not_picked":["Beam Cell+1","Amplify"],"picked":"Auto Shields","floor":22},{"not_picked":["Go for the Eyes+1","Rebound"],"picked":"Hologram","floor":23},{"not_picked":["Gash","Heatsinks+1"],"picked":"Steam+1","floor":24},{"not_picked":["Sunder","White Noise"],"picked":"Cold Snap","floor":25},{"not_picked":["Steam Power","Hologram"],"picked":"Go for the Eyes+1","floor":27},{"not_picked":["Capacitor","Go for the Eyes"],"picked":"Doom and Gloom","floor":28},{"not_picked":["Biased Cognition","Sweeping Beam"],"picked":"Sunder","floor":29},{"not_picked":["Auto Shields","Compile Driver+1"],"picked":"Chill+1","floor":31},{"not_picked":["Buffer","Hyperbeam"],"picked":"Creative AI","floor":33},{"not_picked":["Stack","Steam+1"],"picked":"Capacitor","floor":35},{"not_picked":["Go for the Eyes+1","Gash"],"picked":"Leap+1","floor":36},{"not_picked":["Chill+1","Go for the Eyes+1"],"picked":"Cold Snap","floor":38},{"not_picked":["Force Field+1","Rebound+1"],"picked":"Blizzard","floor":39},{"not_picked":["Stack+1","Rebound","Hello World+1"],"picked":"SKIP","floor":42},{"not_picked":["Reprogram+1","Compile Driver+1","Conserve Battery+1"],"picked":"SKIP","floor":44},{"not_picked":["Hologram+1","Electrodynamics","Go for the Eyes"],"picked":"SKIP","floor":45},{"not_picked":["Hologram+1","Electrodynamics","Go for the Eyes"],"picked":"SKIP","floor":45},{"not_picked":["Beam Cell","Aggregate"],"picked":"Redo","floor":47},{"not_picked":["Heatsinks","Ball Lightning","Auto Shields+1"],"picked":"SKIP","floor":48},{"not_picked":["Leap","Rip and Tear"],"picked":"Cold Snap","floor":54}],"player_experience":82505,"relics_obtained":[{"floor":6,"key":"Dream Catcher"},{"floor":8,"key":"Darkstone Periapt"},{"floor":12,"key":"Vajra"},{"floor":24,"key":"Centennial Puzzle"},{"floor":26,"key":"Pen Nib"},{"floor":29,"key":"Bronze Scales"},{"floor":43,"key":"MawBank"},{"floor":44,"key":"Oddly Smooth Stone"},{"floor":54,"key":"War Paint"}],"event_choices":[{"damage_healed":0,"gold_gain":75,"player_choice":"Gather Gold","damage_taken":11,"max_hp_gain":0,"max_hp_loss":0,"event_name":"World of Goop","floor":4,"gold_loss":0},{"cards_removed":["Strike_B"],"damage_healed":0,"gold_gain":0,"player_choice":"Card Removal","damage_taken":7,"max_hp_gain":0,"max_hp_loss":0,"event_name":"Golden Wing","floor":11,"gold_loss":0}],"is_beta":false,"boss_relics":[{"not_picked":["Fusion Hammer","Runic Dome"],"picked":"Cursed Key"},{"not_picked":["Black Star","Lizard Tail"],"picked":"Runic Pyramid"}],"items_purged_floors":[30,37,53],"is_endless":false,"potions_floor_spawned":[2,3,6,14,21,22,23,25,28,29,36,38,44,48],"ascension_level":0}