{"gold_per_floor":[114,114,124,49,49,82,155,195,233,270,182,215,215,227,227,330,330,346,366,241,241,241,275,125,153,178,190,190,219,219,248,248,348,348,359,359,81,100,100,127,127,127,127,127,162,180,214,214,214,214],"floor_reached":51,"playtime":2188,"items_purged":["Expertise","Endless Agony","Infinite Blades","Die Die Die","Adrenaline+1"],"score":1127,"play_id":"f8feceb5-f169-451d-a0b2-1ef165abe251","local_time":"20190825221741","is_ascension_mode":true,"campfire_choices":[{"data":"Neutralize","floor":15.0,"key":"SMITH"},{"data":"Bouncing Flask","floor":28,"key":"SMITH"},{"data":"Adrenaline","floor":30,"key":"SMITH"},{"data":"Survivor","floor":32,"key":"SMITH"},{"floor":44,"key":"RECALL"},{"floor":49,"key":"REST"}],"neow_cost":"NONE","seed_source_timestamp":0,"circlet_count":0,"master_deck":["Survivor+1","Neutralize+1","Dodge and Roll+1","Bouncing Flask+1","Catalyst+1"],"special_seed":0,"relics":["Pandora\u0027s Box","MawBank","Boot","PreservedInsect","Ancient Tea Set","Sundial","War Paint","Velvet Choker","Centennial Puzzle","Oddly Smooth Stone","Lantern","Pocketwatch","Pear","Runic Dome","Omamori","Toxic Egg 2","Mercury Hourglass","Potion Belt","Darkstone Periapt","Thread and Needle"],"potions_floor_usage":[29,35,40,50,50,50],"damage_taken":[{"damage":3.0,"enemies":"Jaw Worm","floor":1.0,"turns":3.0},{"damage":0.0,"enemies":"Cultist","floor":3.0,"turns":3.0},{"damage":19.0,"enemies":"Gremlin Nob","floor":6.0,"turns":4.0},{"damage":7.0,"enemies":"Lagavulin Event","floor":7.0,"turns":4.0},{"damage":15.0,"enemies":"3 Sentries","floor":8.0,"turns":6.0},{"damage":0.0,"enemies":"Lagavulin","floor":10.0,"turns":3.0},{"damage":11.0,"enemies":"3 Sentries","floor":12.0,"turns":6.0},{"damage":0.0,"enemies":"Small Slimes","floor":14.0,"turns":3.0},{"damage":4.0,"enemies":"The Guardian","floor":16.0,"turns":7.0},{"damage":0.0,"enemies":"Spheric Guardian","floor":18.0,"turns":3.0},{"damage":2.0,"enemies":"3 Byrds","floor":19.0,"turns":3.0},{"damage":4,"enemies":"Gremlin Leader","floor":23,"turns":3},{"damage":0,"enemies":"Book of Stabbing","floor":25,"turns":4},{"damage":0,"enemies":"Shelled Parasite and Fungi","floor":27,"turns":4},{"damage":2,"enemies":"Slavers","floor":29,"turns":4},{"damage":0,"enemies":"Gremlin Leader","floor":31,"turns":5},{"damage":1,"enemies":"Champ","floor":33,"turns":7},{"damage":0,"enemies":"3 Shapes","floor":35,"turns":4},{"damage":0,"enemies":"3 Darklings","floor":38,"turns":6},{"damage":40,"enemies":"Reptomancer","floor":40,"turns":7},{"damage":8,"enemies":"Nemesis","floor":45,"turns":5},{"damage":0,"enemies":"Maw","floor":46,"turns":5},{"damage":42,"enemies":"Reptomancer","floor":47,"turns":9},{"damage":6,"enemies":"Donu and Deca","floor":50,"turns":11}],"seed_played":"1473","potions_obtained":[{"floor":3.0,"key":"Weak Potion"},{"floor":6.0,"key":"SpeedPotion"},{"floor":7.0,"key":"Swift Potion"},{"floor":14.0,"key":"EssenceOfSteel"},{"floor":25,"key":"Swift Potion"},{"floor":27,"key":"Strength Potion"},{"floor":31,"key":"Fire Potion"},{"floor":33,"key":"SneckoOil"},{"floor":40,"key":"Dexterity Potion"}],"is_trial":false,"path_per_floor":["M","?","M","$","?","E","?","E","T","E","$","E","?","M","R","B",null,"M","M","$","?","?","E","$","E","T","M","R","E","R","E","R","B",null,"M","?","$","M","?","E","T","?","T","R","E","M","E","T","R","B",null],"character_chosen":"THE_SILENT","items_purchased":["Dexterity Potion","PowerPotion"],"campfire_rested":1,"item_purchase_floors":[37,37],"current_hp_per_floor":[67,60,60,60,60,41,34,19,19,19,19,8,31,31,31,27,70,70,68,68,68,70,66,66,66,66,66,66,64,64,74,74,73,80,80,80,80,80,80,40,40,70,70,70,62,62,20,20,41,35],"gold":214,"neow_bonus":"BOSS_RELIC","is_prod":false,"is_daily":false,"chose_seed":false,"campfire_upgraded":4,"win_rate":0,"timestamp":1566796661,"path_taken":["M","?","?","$","?","E","?","E","T","E","$","E","?","M","R","BOSS","M","M","$","?","?","E","$","E","T","M","R","E","R","E","R","BOSS","M","?","$","M","?","E","?","?","T","R","E","?","E","?","R","BOSS"],"build_version":"2019-08-23","purchased_purges":5,"victory":true,"max_hp_per_floor":[70,70,70,70,70,70,70,70,70,70,70,70,70,70,70,70,70,70,70,70,70,70,70,70,70,70,70,70,70,70,80,80,80,80,80,80,80,80,80,80,80,70,70,70,70,70,70,70,70,70],"card_choices":[{"not_picked":["Backflip","All Out Attack","Dodge and Roll"],"picked":"SKIP","floor":3.0},{"not_picked":["Dagger Spray","Endless Agony","Footwork"],"picked":"SKIP","floor":6.0},{"not_picked":["Doppelganger","Bouncing Flask","Flying Knee"],"picked":"SKIP","floor":8.0},{"not_picked":["Catalyst","Corpse Explosion","Endless Agony"],"picked":"SKIP","floor":10.0},{"not_picked":["Riddle With Holes","Flying Knee","Infinite Blades"],"picked":"SKIP","floor":12.0},{"not_picked":["Outmaneuver","Backflip","Expertise"],"picked":"SKIP","floor":14.0},{"not_picked":["Quick Slash+1","Dodge and Roll","Poisoned Stab"],"picked":"SKIP","floor":18.0},{"not_picked":["Finisher+1","Deflect","Dagger Spray"],"picked":"SKIP","floor":19.0},{"not_picked":["Quick Slash+1","Dash","Tools of the Trade"],"picked":"SKIP","floor":23},{"not_picked":["Dash+1","Accuracy","Eviscerate+1"],"picked":"SKIP","floor":25},{"not_picked":["Caltrops","Distraction","Finisher+1"],"picked":"SKIP","floor":27},{"not_picked":["Dagger Spray+1","Outmaneuver+1","Flying Knee+1"],"picked":"SKIP","floor":29},{"not_picked":["Backstab+1","Slice","Leg Sweep"],"picked":"SKIP","floor":31},{"not_picked":["Distraction+1","PiercingWail","All Out Attack"],"picked":"SKIP","floor":35},{"not_picked":["Deadly Poison","Underhanded Strike+1","Leg Sweep"],"picked":"SKIP","floor":38},{"not_picked":["Dagger Spray+1","Corpse Explosion","Escape Plan+1"],"picked":"SKIP","floor":40},{"not_picked":["Calculated Gamble+1","Concentrate+1","Choke"],"picked":"SKIP","floor":45},{"not_picked":["Setup+1","Distraction+1","Acrobatics+1"],"picked":"SKIP","floor":46},{"not_picked":["Dagger Spray","Quick Slash+1","PiercingWail+1"],"picked":"SKIP","floor":47}],"player_experience":1444065,"relics_obtained":[{"floor":6.0,"key":"MawBank"},{"floor":7.0,"key":"Boot"},{"floor":8.0,"key":"PreservedInsect"},{"floor":9.0,"key":"Ancient Tea Set"},{"floor":10.0,"key":"Sundial"},{"floor":12.0,"key":"War Paint"},{"floor":23,"key":"Centennial Puzzle"},{"floor":25,"key":"Oddly Smooth Stone"},{"floor":26,"key":"Lantern"},{"floor":29,"key":"Pocketwatch"},{"floor":31,"key":"Pear"},{"floor":40,"key":"Omamori"},{"floor":41,"key":"Toxic Egg 2"},{"floor":43,"key":"Mercury Hourglass"},{"floor":45,"key":"Potion Belt"},{"floor":47,"key":"Darkstone Periapt"},{"floor":48,"key":"Thread and Needle"}],"event_choices":[{"damage_healed":0.0,"max_hp_gain":0.0,"max_hp_loss":0.0,"gold_gain":0.0,"event_name":"Wheel of Change","player_choice":"Damaged","floor":2.0,"gold_loss":0.0,"damage_taken":7.0},{"cards_removed":["Expertise"],"damage_healed":0.0,"max_hp_gain":0.0,"max_hp_loss":0.0,"gold_gain":0.0,"event_name":"Living Wall","player_choice":"Forget","floor":5.0,"gold_loss":0.0,"damage_taken":0.0},{"damage_healed":0.0,"max_hp_gain":0.0,"max_hp_loss":0.0,"gold_gain":30.0,"event_name":"Dead Adventurer","player_choice":"Searched \u00272\u0027 times","floor":7.0,"gold_loss":0.0,"damage_taken":0.0},{"damage_healed":23.0,"max_hp_gain":0.0,"max_hp_loss":0.0,"gold_gain":0.0,"event_name":"Big Fish","player_choice":"Banana","floor":13.0,"gold_loss":0.0,"damage_taken":0.0},{"cards_removed":["Wraith Form v2"],"damage_healed":0.0,"max_hp_gain":0.0,"max_hp_loss":0.0,"gold_gain":0.0,"event_name":"Back to Basics","player_choice":"Elegance","floor":21.0,"gold_loss":0.0,"damage_taken":0.0},{"damage_healed":23,"gold_gain":0,"player_choice":"Heal","damage_taken":0,"max_hp_gain":0,"max_hp_loss":0,"event_name":"The Library","floor":22,"gold_loss":0},{"damage_healed":0,"gold_gain":0,"player_choice":"Memory 1","damage_taken":0,"max_hp_gain":0,"max_hp_loss":0,"event_name":"SensoryStone","floor":36,"gold_loss":0},{"damage_healed":0,"gold_gain":0,"player_choice":"Ignored","damage_taken":0,"max_hp_gain":0,"max_hp_loss":0,"event_name":"Mysterious Sphere","floor":39,"gold_loss":0},{"damage_healed":70,"gold_gain":0,"player_choice":"Heal","damage_taken":0,"max_hp_gain":0,"max_hp_loss":10,"event_name":"The Moai Head","floor":42,"gold_loss":0}],"is_beta":true,"boss_relics":[{"not_picked":["Eternal Feather","Coffee Dripper"],"picked":"Velvet Choker"},{"not_picked":["Snecko Eye","Philosopher\u0027s Stone"],"picked":"Runic Dome"}],"items_purged_floors":[4,11,20,24,37],"is_endless":false,"potions_floor_spawned":[3,6,7,14,25,27,31,33,38,40],"ascension_level":1}