{"gold_per_floor":[119,130,149,149,196,196,196],"floor_reached":7,"playtime":144,"items_purged":[],"score":80,"play_id":"f7d24a8e-4060-4c27-83e1-0c9d992f507b","local_time":"20190103004245","is_ascension_mode":true,"campfire_choices":[{"data":"Whirlwind","floor":6,"key":"SMITH"}],"neow_cost":"NONE","seed_source_timestamp":22689087142317,"circlet_count":0,"master_deck":["AscendersBane","Strike_R","Strike_R","Strike_R","Strike_R","Strike_R","Defend_R","Defend_R","Defend_R","Defend_R","Bash","Demon Form","True Grit","Whirlwind+1","Heavy Blade","Anger","Disarm","Thunderclap","Sentinel"],"relics":["Orrery","Golden Idol","Bag of Marbles"],"potions_floor_usage":[2],"damage_taken":[{"damage":11,"enemies":"Small Slimes","floor":1,"turns":4},{"damage":17,"enemies":"Jaw Worm","floor":2,"turns":4},{"damage":4,"enemies":"Cultist","floor":3,"turns":3},{"damage":5,"enemies":"3 Sentries","floor":7,"turns":2}],"seed_played":"-1216735834101998872","potions_obtained":[{"floor":2,"key":"Fruit Juice"}],"is_trial":false,"path_per_floor":["M","M","M","?","T","R","E"],"character_chosen":"IRONCLAD","items_purchased":[],"campfire_rested":0,"item_purchase_floors":[],"current_hp_per_floor":[57,45,41,41,41,41,36],"gold":196,"neow_bonus":"BOSS_RELIC","is_prod":false,"is_daily":false,"chose_seed":false,"campfire_upgraded":1,"win_rate":0,"timestamp":1546504965,"path_taken":["M","M","M","?","?","R","E"],"build_version":"2019-01-01v2","purchased_purges":0,"victory":false,"max_hp_per_floor":[75,80,80,72,72,72,72],"card_choices":[{"not_picked":["Clash","Pommel Strike"],"picked":"Demon Form","floor":0},{"not_picked":["Sentinel","Iron Wave"],"picked":"True Grit","floor":0},{"not_picked":["Combust","Perfected Strike"],"picked":"Whirlwind","floor":0},{"not_picked":["Body Slam","Twin Strike"],"picked":"Heavy Blade","floor":0},{"not_picked":["Havoc","Sever Soul"],"picked":"Anger","floor":0},{"not_picked":["Headbutt","Sword Boomerang"],"picked":"Disarm","floor":1},{"not_picked":["Warcry","Headbutt"],"picked":"Thunderclap","floor":2},{"not_picked":["Infernal Blade","Inflame"],"picked":"Sentinel","floor":3}],"player_experience":1016555,"relics_obtained":[{"floor":5,"key":"Bag of Marbles"}],"event_choices":[{"damage_healed":0,"gold_gain":0,"player_choice":"Lose Max HP","damage_taken":0,"relics_obtained":["Golden Idol"],"max_hp_gain":0,"max_hp_loss":8,"event_name":"Golden Idol","floor":4,"gold_loss":0}],"is_beta":true,"boss_relics":[],"items_purged_floors":[],"is_endless":false,"potions_floor_spawned":[2],"killed_by":"3 Sentries","ascension_level":19}