{"gold_per_floor":[109,109,4,22,22,22,62,78,78,3,21,21,35,54,54,54],"floor_reached":16,"playtime":182,"items_purged":["Normality"],"score":153,"play_id":"86616435-a602-4c3a-bc68-881718aca973","local_time":"20180717000716","is_ascension_mode":true,"campfire_choices":[{"data":"Sword Boomerang","floor":6,"key":"SMITH"},{"floor":15,"key":"REST"}],"neow_cost":"NONE","seed_source_timestamp":392769126224600,"circlet_count":0,"master_deck":["Strike_R","Strike_R","Strike_R","Strike_R","Strike_R","Defend_R","Defend_R","Bash","AscendersBane","Shame","Shame","Thunderclap","Perfected Strike","Headbutt","Sword Boomerang+1","Infernal Blade","Spot Weakness","Thunderclap","Havoc","Disarm","Iron Wave"],"relics":["Calling Bell","Pen Nib","Pear","Du-Vu Doll","Golden Idol","Shuriken","Anchor"],"potions_floor_usage":[14,14],"damage_taken":[{"damage":12,"enemies":"Small Slimes","floor":1,"turns":2},{"damage":8,"enemies":"2 Louse","floor":4,"turns":2},{"damage":27,"enemies":"3 Sentries","floor":7,"turns":4},{"damage":0,"enemies":"Cultist","floor":8,"turns":2},{"damage":3,"enemies":"3 Louse","floor":11,"turns":2},{"damage":1,"enemies":"Looter","floor":13,"turns":2},{"damage":0,"enemies":"Gremlin Gang","floor":14,"turns":1},{"damage":0,"enemies":"The Guardian","floor":16,"turns":1}],"seed_played":"-4052090546951373757","potions_obtained":[{"floor":7,"key":"Strength Potion"},{"floor":11,"key":"Explosive Potion"},{"floor":13,"key":"Ancient Potion"},{"floor":14,"key":"FearPotion"}],"is_trial":false,"path_per_floor":["M","?","$","M","?","R","E","M","T","$","M","?","M","M","R"],"character_chosen":"IRONCLAD","items_purchased":["Perfected Strike","Headbutt"],"campfire_rested":1,"item_purchase_floors":[3,3],"current_hp_per_floor":[70,70,70,62,55,55,28,28,28,28,25,25,24,24,48,48],"gold":54,"neow_bonus":"BOSS_RELIC","is_prod":false,"is_daily":false,"chose_seed":false,"campfire_upgraded":1,"win_rate":0,"timestamp":1531811236,"path_taken":["M","?","$","?","?","R","E","M","T","$","M","?","?","M","R","BOSS"],"build_version":"2018-07-13","purchased_purges":1,"victory":false,"max_hp_per_floor":[90,83,83,83,83,83,83,83,83,83,83,83,83,83,83,83],"card_choices":[{"not_picked":["Warcry","Anger"],"picked":"Thunderclap","floor":1},{"not_picked":["Rupture","Clothesline"],"picked":"Sword Boomerang","floor":4},{"not_picked":["Bloodletting","Evolve"],"picked":"Infernal Blade","floor":7},{"not_picked":["Impervious","Flex"],"picked":"Spot Weakness","floor":8},{"not_picked":["Clash","Body Slam"],"picked":"Thunderclap","floor":11},{"not_picked":["Anger","Reckless Charge"],"picked":"Disarm","floor":13},{"not_picked":["Warcry","Havoc"],"picked":"Iron Wave","floor":14}],"player_experience":679578,"relics_obtained":[{"floor":0,"key":"Pen Nib"},{"floor":0,"key":"Pear"},{"floor":0,"key":"Du-Vu Doll"},{"floor":7,"key":"Shuriken"},{"floor":9,"key":"Anchor"}],"event_choices":[{"event_name":"Golden Idol","player_choice":"Lose Max HP","floor":2,"damage_taken":0},{"event_name":"Golden Wing","player_choice":"Card Removal","floor":5,"damage_taken":0},{"event_name":"Transmorgrifier","player_choice":"Transform","floor":12,"damage_taken":0}],"boss_relics":[],"items_purged_floors":[10],"is_endless":false,"potions_floor_spawned":[7,11,13,14],"killed_by":"The Guardian","ascension_level":10}