{"gold_per_floor":[114,131,142,142,159,159,184,184,184,204,214,214,229,242,242,316,316,329,339,35,35,48,48,79,79,106,135,135],"floor_reached":28,"playtime":1786,"items_purged":["Strike_B"],"score":577,"play_id":"eaeffb3f-c21d-45d8-9303-f5abcf233e7b","local_time":"20190823180931","is_ascension_mode":true,"campfire_choices":[{"data":"Sunder","floor":6,"key":"SMITH"},{"data":"Zap","floor":12,"key":"SMITH"},{"data":"Defragment","floor":15,"key":"SMITH"},{"data":"Rainbow","floor":23,"key":"SMITH"},{"floor":25,"key":"REST"}],"neow_cost":"NONE","seed_source_timestamp":99779741232834,"circlet_count":0,"master_deck":["AscendersBane","Strike_B","Strike_B","Strike_B","Defend_B","Defend_B","Defend_B","Defend_B","Zap+1","Dualcast","Rainbow+1","Compile Driver","Sunder+1","Glacier","Barrage","BootSequence","Redo","Capacitor","Ball Lightning","Defragment+1","Thunder Strike","Compile Driver","Chaos","Blizzard","Hologram"],"relics":["Cracked Core","Orichalcum","Kunai","Centennial Puzzle","Snecko Eye","Membership Card","Blue Candle","Smiling Mask","Juzu Bracelet","Strawberry"],"potions_floor_usage":[3,7,16,16,22,24],"damage_taken":[{"damage":2,"enemies":"Small Slimes","floor":1,"turns":3},{"damage":1,"enemies":"Cultist","floor":2,"turns":3},{"damage":5,"enemies":"Jaw Worm","floor":3,"turns":4},{"damage":2,"enemies":"Lots of Slimes","floor":5,"turns":3},{"damage":8,"enemies":"Lagavulin","floor":7,"turns":5},{"damage":0,"enemies":"3 Louse","floor":10,"turns":4},{"damage":4,"enemies":"Exordium Wildlife","floor":11,"turns":3},{"damage":1,"enemies":"Exordium Thugs","floor":13,"turns":4},{"damage":0,"enemies":"Red Slaver","floor":14,"turns":3},{"damage":0,"enemies":"Slime Boss","floor":16,"turns":7},{"damage":1,"enemies":"Spheric Guardian","floor":18,"turns":3},{"damage":15,"enemies":"2 Thieves","floor":19,"turns":3},{"damage":14,"enemies":"Snake Plant","floor":22,"turns":2},{"damage":48,"enemies":"Gremlin Leader","floor":24,"turns":7},{"damage":12,"enemies":"Book of Stabbing","floor":27,"turns":5},{"damage":25,"enemies":"Centurion and Healer","floor":28,"turns":4}],"seed_played":"5237730971980859017","potions_obtained":[{"floor":1,"key":"Regen Potion"},{"floor":3,"key":"Block Potion"},{"floor":7,"key":"SteroidPotion"},{"floor":13,"key":"Fire Potion"},{"floor":22,"key":"Regen Potion"},{"floor":27,"key":"SpeedPotion"}],"is_trial":false,"path_per_floor":["M","M","M","?","M","R","E","?","T","M","M","R","M","M","R","B",null,"M","M","$","T","M","R","E","R","T","E","M"],"character_chosen":"DEFECT","items_purchased":["Membership Card","Chaos","AttackPotion"],"campfire_rested":1,"item_purchase_floors":[20,20,20],"current_hp_per_floor":[62,61,68,68,66,66,58,58,58,58,54,54,53,53,53,53,67,66,51,51,51,37,37,4,25,25,20,0],"gold":135,"neow_bonus":"ONE_RANDOM_RARE_CARD","is_prod":false,"is_daily":false,"chose_seed":false,"campfire_upgraded":4,"win_rate":0,"timestamp":1566608971,"path_taken":["M","M","M","?","?","R","E","?","T","M","M","R","M","M","R","BOSS","M","M","$","?","M","R","E","R","T","E","M"],"build_version":"2019-07-17","purchased_purges":1,"victory":false,"max_hp_per_floor":[71,71,71,71,71,71,71,71,71,71,71,71,71,71,71,71,71,71,71,71,71,71,71,71,71,71,78,78],"card_choices":[{"not_picked":["Tempest","White Noise"],"picked":"Compile Driver","floor":1},{"not_picked":["Turbo","Steam"],"picked":"Sunder","floor":2},{"not_picked":["Hologram","Conserve Battery"],"picked":"Storm","floor":3},{"not_picked":["Hologram","Leap"],"picked":"Glacier","floor":5},{"not_picked":["Blizzard","Fission"],"picked":"Barrage","floor":7},{"not_picked":["Steam","Double Energy"],"picked":"Redo","floor":10},{"not_picked":["Conserve Battery","Turbo"],"picked":"Capacitor","floor":11},{"not_picked":["Gash","Turbo"],"picked":"Ball Lightning","floor":13},{"not_picked":["Steam","Barrage"],"picked":"Defragment","floor":14},{"not_picked":["Machine Learning","All For One"],"picked":"Thunder Strike","floor":16},{"not_picked":["Double Energy","Skim"],"picked":"Compile Driver","floor":18},{"not_picked":["Rip and Tear","Beam Cell","Sweeping Beam"],"picked":"SKIP","floor":19},{"not_picked":["Darkness","Go for the Eyes","Redo"],"picked":"SKIP","floor":22},{"not_picked":["Hyperbeam","Sweeping Beam"],"picked":"Blizzard","floor":24},{"not_picked":["Streamline","Gash"],"picked":"Hologram","floor":27}],"player_experience":694227,"relics_obtained":[{"floor":7,"key":"Kunai"},{"floor":9,"key":"Centennial Puzzle"},{"floor":21,"key":"Blue Candle"},{"floor":24,"key":"Smiling Mask"},{"floor":26,"key":"Juzu Bracelet"},{"floor":27,"key":"Strawberry"}],"event_choices":[{"cards_removed":["Storm"],"damage_healed":0,"gold_gain":0,"player_choice":"Gave Card","damage_taken":0,"relics_obtained":["Orichalcum"],"max_hp_gain":0,"max_hp_loss":0,"event_name":"WeMeetAgain","floor":4,"gold_loss":0},{"damage_healed":0,"gold_gain":0,"player_choice":"1 cards matched","damage_taken":0,"max_hp_gain":0,"max_hp_loss":0,"event_name":"Match and Keep!","floor":8,"gold_loss":0,"cards_obtained":["BootSequence"]}],"is_beta":false,"boss_relics":[{"not_picked":["Busted Crown","Inserter"],"picked":"Snecko Eye"}],"items_purged_floors":[20],"is_endless":false,"potions_floor_spawned":[1,3,7,13,22,27],"killed_by":"Centurion and Healer","ascension_level":17}