{"gold_per_floor":[118,118,138,138,11,38,38,38,61,61],"floor_reached":10,"playtime":90,"items_purged":["Pain"],"score":178,"play_id":"d6eaee95-fc71-4769-a041-d8dbd6b2d09a","local_time":"20181231220137","is_ascension_mode":true,"campfire_choices":[],"neow_cost":"NONE","seed_source_timestamp":1777060783618733,"circlet_count":0,"master_deck":["AscendersBane","Defend_G","Defend_G","Defend_G","Defend_G","Defend_G","Strike_G","Strike_G","Strike_G","Strike_G","Survivor","Neutralize","Dodge and Roll","Storm of Steel","Dagger Spray","Cloak And Dagger"],"relics":["Ring of the Snake","NeowsBlessing","WarpedTongs","Pocketwatch","Blood Vial"],"potions_floor_usage":[10],"damage_taken":[{"damage":0,"enemies":"Jaw Worm","floor":1,"turns":1},{"damage":0,"enemies":"Cultist","floor":3,"turns":1},{"damage":0,"enemies":"Lagavulin","floor":6,"turns":1},{"damage":0,"enemies":"2 Louse","floor":10,"turns":1}],"seed_played":"-2751978701073444708","potions_obtained":[{"floor":2,"key":"FairyPotion"},{"floor":2,"key":"PowerPotion"}],"is_trial":false,"path_per_floor":["M","?","M","?","$","E","$","?","T","M"],"character_chosen":"THE_SILENT","items_purchased":["Dagger Spray"],"campfire_rested":0,"item_purchase_floors":[5],"current_hp_per_floor":[59,59,59,59,59,59,59,59,59,61],"gold":61,"neow_bonus":"THREE_ENEMY_KILL","is_prod":false,"is_daily":false,"chose_seed":false,"campfire_upgraded":0,"win_rate":0,"timestamp":1546322497,"path_taken":["M","?","?","?","$","E","?","?","T","M"],"build_version":"2018-12-25","purchased_purges":1,"victory":false,"max_hp_per_floor":[66,66,66,66,66,66,66,66,66,66],"card_choices":[{"not_picked":["Bane","Prepared"],"picked":"Dodge and Roll","floor":1},{"not_picked":["Flying Knee","Slice"],"picked":"Storm of Steel","floor":3},{"not_picked":["Riddle With Holes","Choke"],"picked":"Cloak And Dagger","floor":6}],"player_experience":1004749,"relics_obtained":[{"floor":6,"key":"Pocketwatch"},{"floor":9,"key":"Blood Vial"}],"event_choices":[{"damage_healed":0,"gold_gain":0,"player_choice":"Got Potions","damage_taken":0,"max_hp_gain":0,"max_hp_loss":0,"event_name":"Lab","floor":2,"gold_loss":0},{"damage_healed":0,"gold_gain":0,"player_choice":"Rummage","damage_taken":0,"relics_obtained":["WarpedTongs"],"max_hp_gain":0,"max_hp_loss":0,"event_name":"Accursed Blacksmith","floor":4,"gold_loss":0,"cards_obtained":["Pain"]},{"cards_removed":["Strike_G"],"damage_healed":0,"gold_gain":0,"player_choice":"Offered Basic","damage_taken":0,"max_hp_gain":0,"max_hp_loss":0,"event_name":"Bonfire Elementals","floor":8,"gold_loss":0}],"is_beta":true,"boss_relics":[],"items_purged_floors":[5],"is_endless":false,"potions_floor_spawned":[3,6],"killed_by":"2 Louse","ascension_level":20}