{"gold_per_floor":[111,91,7,7,157,157,232,232,255,52,84,98,21,41,41,118,118,94,94,94,114,130,130,130],"floor_reached":24,"playtime":599,"items_purged":["Doubt"],"score":434,"play_id":"03c862f3-ab3f-4724-9360-8d17ed8f041c","local_time":"20190103005356","is_ascension_mode":true,"campfire_choices":[{"data":"Neutralize","floor":6,"key":"SMITH"},{"data":"Noxious Fumes","floor":15,"key":"SMITH"},{"floor":23,"key":"REST"}],"neow_cost":"NONE","seed_source_timestamp":22902053104723,"circlet_count":0,"master_deck":["AscendersBane","Defend_G","Defend_G","Defend_G","Defend_G","Defend_G","Strike_G","Strike_G","Strike_G","Strike_G","Strike_G","Survivor","Neutralize+1","Masterful Stab","Backstab","Predator","Distraction","Blur","Distraction","Noxious Fumes+1","Deflect","Burst","Leg Sweep","Backflip+1","Dagger Spray"],"relics":["Ring of the Snake","NeowsBlessing","Orichalcum","Anchor","Sozu"],"potions_floor_usage":[16],"damage_taken":[{"damage":0,"enemies":"2 Louse","floor":1,"turns":1},{"damage":0,"enemies":"3 Sentries","floor":11,"turns":1},{"damage":0,"enemies":"Cultist","floor":12,"turns":1},{"damage":0,"enemies":"Small Slimes","floor":14,"turns":2},{"damage":25,"enemies":"The Guardian","floor":16,"turns":11},{"damage":14,"enemies":"2 Thieves","floor":18,"turns":4},{"damage":6,"enemies":"Colosseum Slavers","floor":20,"turns":6},{"damage":0,"enemies":"Chosen","floor":21,"turns":4},{"damage":0,"enemies":"Centurion and Healer","floor":22,"turns":10},{"damage":10,"enemies":"Slavers","floor":24,"turns":3}],"seed_played":"7333888284614489478","potions_obtained":[{"floor":2,"key":"SteroidPotion"},{"floor":11,"key":"EssenceOfSteel"},{"floor":16,"key":"GhostInAJar"}],"is_trial":false,"path_per_floor":["M","?","$","$","?","R","?","T","T","$","E","M","$","M","R","B",null,"M","?","?","M","M","R","E"],"character_chosen":"THE_SILENT","items_purchased":["Backstab","Predator","Distraction","Noxious Fumes"],"campfire_rested":1,"item_purchase_floors":[3,10,10,13],"current_hp_per_floor":[59,59,59,59,59,59,48,48,48,48,48,48,48,48,48,23,55,41,41,35,35,35,54,44],"gold":130,"neow_bonus":"THREE_ENEMY_KILL","is_prod":false,"is_daily":false,"chose_seed":false,"campfire_upgraded":2,"win_rate":0,"timestamp":1546505636,"path_taken":["M","?","?","$","?","R","?","?","T","$","E","M","$","?","R","BOSS","M","?","?","M","M","R","E"],"build_version":"2019-01-01v2","purchased_purges":1,"victory":false,"max_hp_per_floor":[66,66,66,66,66,66,66,66,66,66,66,66,66,66,66,66,66,66,66,66,66,66,66,66],"card_choices":[{"not_picked":["Outmaneuver","Prepared"],"picked":"Masterful Stab","floor":1},{"not_picked":["Poisoned Stab","Calculated Gamble"],"picked":"Blur","floor":11},{"not_picked":["Backflip","Outmaneuver"],"picked":"Distraction","floor":12},{"not_picked":["Quick Slash","Bouncing Flask"],"picked":"Deflect","floor":14},{"not_picked":["Corpse Explosion","Tools of the Trade"],"picked":"Burst","floor":16},{"not_picked":["Bouncing Flask","Slice"],"picked":"Backflip+1","floor":21},{"not_picked":["Prepared","Acrobatics"],"picked":"Dagger Spray","floor":22}],"player_experience":1016736,"relics_obtained":[{"floor":9,"key":"Orichalcum"},{"floor":11,"key":"Anchor"}],"event_choices":[{"damage_healed":0,"gold_gain":0,"player_choice":"Bought 1 Potion","damage_taken":0,"max_hp_gain":0,"max_hp_loss":0,"event_name":"The Woman in Blue","floor":2,"gold_loss":0},{"damage_healed":0,"gold_gain":150,"player_choice":"AGREE","damage_taken":0,"max_hp_gain":0,"max_hp_loss":0,"event_name":"Liars Game","floor":5,"gold_loss":0,"cards_obtained":["Doubt"]},{"damage_healed":0,"gold_gain":75,"player_choice":"Gather Gold","damage_taken":11,"max_hp_gain":0,"max_hp_loss":0,"event_name":"World of Goop","floor":7,"gold_loss":0},{"damage_healed":0,"gold_gain":0,"player_choice":"Read","damage_taken":0,"max_hp_gain":0,"max_hp_loss":0,"event_name":"The Library","floor":19,"gold_loss":0,"cards_obtained":["Leg Sweep"]},{"damage_healed":0,"gold_gain":0,"player_choice":"Fight","damage_taken":0,"max_hp_gain":0,"max_hp_loss":0,"event_name":"Colosseum","floor":20,"gold_loss":0},{"damage_healed":0,"gold_gain":0,"player_choice":"Fled From Nobs","damage_taken":0,"max_hp_gain":0,"max_hp_loss":0,"event_name":"Colosseum","floor":20,"gold_loss":0}],"is_beta":true,"boss_relics":[{"not_picked":["Cursed Key","Ectoplasm"],"picked":"Sozu"}],"items_purged_floors":[10],"is_endless":false,"potions_floor_spawned":[11,12,14,16,21],"killed_by":"Slavers","ascension_level":20}