{"gold_per_floor":[14,14,14,35,110,110,150,168,195,195,195,195,195,208,208,327,327,348,130,155,175,175,216,216,250,262,307,337,365,452,488,500,638,650,680,399,399,414,439,480,480,521,570,588,611,944,963,291,291,291,291,291,5,30,30],"floor_reached":56,"playtime":4061,"items_purged":["Strike_G","Strike_G+1","Defend_G+1"],"score":1267,"play_id":"6016186f-126b-4c56-9f0b-dba438d97752","local_time":"20190614203800","is_ascension_mode":false,"campfire_choices":[{"data":"Neutralize","floor":6,"key":"SMITH"},{"floor":10,"key":"REST"},{"floor":12,"key":"RECALL"},{"floor":15,"key":"REST"},{"floor":24,"key":"REST"},{"data":"Noxious Fumes","floor":32,"key":"SMITH"},{"floor":41,"key":"REST"},{"data":"Burst","floor":49,"key":"SMITH"},{"data":"Footwork","floor":52,"key":"SMITH"}],"neow_cost":"NO_GOLD","seed_source_timestamp":246664390581351,"circlet_count":0,"master_deck":["Defend_G+1","Defend_G+1","Defend_G+1","Strike_G+1","Survivor+1","Neutralize+1","Dagger Spray+1","Poisoned Stab","Footwork+1","Dash+1","Glass Knife","Dodge and Roll","Footwork+1","PiercingWail","Deadly Poison","Noxious Fumes+1","Burst+1","Dodge and Roll+1","Blur+1","Blur+1","Noxious Fumes+1","Noxious Fumes+1","Finesse"],"relics":["Ring of the Snake","PreservedInsect","Orichalcum","Black Star","Regal Pillow","Snake Skull","Anchor","MawBank","Meat on the Bone","Bottled Tornado","Strawberry","Velvet Choker","ClockworkSouvenir","Ancient Tea Set","Vajra","Pear","Whetstone","Centennial Puzzle","TwistedFunnel","Bottled Lightning","FossilizedHelix","Oddly Smooth Stone","Bottled Flame"],"potions_floor_usage":[21,23,28,42,55],"damage_taken":[{"damage":5,"enemies":"Jaw Worm","floor":1,"turns":5},{"damage":0,"enemies":"Small Slimes","floor":4,"turns":3},{"damage":29,"enemies":"3 Sentries","floor":7,"turns":8},{"damage":0,"enemies":"2 Louse","floor":8,"turns":2},{"damage":0,"enemies":"Large Slime","floor":14,"turns":6},{"damage":13,"enemies":"Hexaghost","floor":16,"turns":15},{"damage":0,"enemies":"Shell Parasite","floor":18,"turns":9},{"damage":0,"enemies":"Chosen","floor":20,"turns":6},{"damage":16,"enemies":"Centurion and Healer","floor":21,"turns":14},{"damage":44,"enemies":"Gremlin Leader","floor":23,"turns":13},{"damage":21,"enemies":"Slavers","floor":25,"turns":8},{"damage":15,"enemies":"Gremlin Leader","floor":27,"turns":10},{"damage":0,"enemies":"Snake Plant","floor":28,"turns":5},{"damage":0,"enemies":"Sentry and Sphere","floor":29,"turns":10},{"damage":6,"enemies":"Centurion and Healer","floor":31,"turns":8},{"damage":4,"enemies":"Automaton","floor":33,"turns":10},{"damage":0,"enemies":"Orb Walker","floor":35,"turns":4},{"damage":0,"enemies":"3 Shapes","floor":38,"turns":5},{"damage":1,"enemies":"Transient","floor":39,"turns":5},{"damage":34,"enemies":"Giant Head","floor":40,"turns":10},{"damage":39,"enemies":"Reptomancer","floor":42,"turns":7},{"damage":0,"enemies":"Jaw Worm Horde","floor":44,"turns":6},{"damage":0,"enemies":"Writhing Mass","floor":45,"turns":8},{"damage":0,"enemies":"Sphere and 2 Shapes","floor":47,"turns":6},{"damage":6,"enemies":"Time Eater","floor":50,"turns":15},{"damage":0,"enemies":"Shield and Spear","floor":54,"turns":6},{"damage":26,"enemies":"The Heart","floor":55,"turns":12}],"seed_played":"569996504818996519","potions_obtained":[{"floor":14,"key":"Block Potion"},{"floor":16,"key":"Weak Potion"},{"floor":21,"key":"Poison Potion"},{"floor":27,"key":"SpeedPotion"},{"floor":28,"key":"PowerPotion"},{"floor":29,"key":"SpeedPotion"},{"floor":38,"key":"Ancient Potion"},{"floor":44,"key":"GhostInAJar"}],"is_trial":false,"path_per_floor":["M","?","?","M","?","R","E","M","T","R","?","R","?","M","R","B",null,"M","$","M","M","?","E","R","E","T","E","M","M","?","M","R","B",null,"M","$","?","M","M","E","R","E","T","M","M","?","M","$","R","B",null,"R","$","E","B",null],"character_chosen":"THE_SILENT","items_purchased":["Regal Pillow","ClockworkSouvenir","TwistedFunnel","Finesse","Bottled Lightning","FossilizedHelix"],"campfire_rested":4,"item_purchase_floors":[19,36,48,48,48,53],"current_hp_per_floor":[65,51,51,51,40,40,11,11,11,30,30,30,23,23,42,29,65,65,65,65,49,49,5,39,18,18,22,34,46,39,45,45,41,72,72,72,72,72,71,37,72,55,55,55,55,55,55,55,55,49,82,82,82,82,56],"gold":30,"neow_bonus":"REMOVE_TWO","is_prod":false,"is_daily":false,"chose_seed":false,"campfire_upgraded":4,"win_rate":0,"timestamp":1560562680,"path_taken":["M","?","?","M","?","R","E","M","T","R","?","R","?","M","R","BOSS","M","$","M","M","?","E","R","E","T","E","M","M","?","?","R","BOSS","M","$","?","M","M","E","R","E","T","M","?","?","M","?","R","BOSS","R","$","E","BOSS"],"build_version":"2019-01-23","purchased_purges":3,"victory":true,"max_hp_per_floor":[70,70,65,65,65,65,65,65,65,65,65,65,65,65,65,65,65,65,65,65,65,65,65,65,65,65,72,72,72,72,72,72,72,72,72,72,72,72,72,72,72,82,82,82,82,82,82,82,82,82,82,82,82,82,82],"card_choices":[{"not_picked":["Backflip","Reflex"],"picked":"Dagger Spray","floor":1},{"not_picked":["Cloak And Dagger","Riddle With Holes"],"picked":"Poisoned Stab","floor":4},{"not_picked":["Expertise","Eviscerate","Setup"],"picked":"SKIP","floor":7},{"not_picked":["Blade Dance","Cloak And Dagger"],"picked":"Footwork","floor":8},{"not_picked":["Acrobatics","Crippling Poison"],"picked":"Dash","floor":14},{"not_picked":["Tools of the Trade","Venomology"],"picked":"Glass Knife","floor":16},{"not_picked":["Bane","Slice"],"picked":"Dodge and Roll","floor":18},{"not_picked":["Cloak And Dagger","Dagger Throw","Quick Slash"],"picked":"SKIP","floor":20},{"not_picked":["Acrobatics","Prepared"],"picked":"Footwork","floor":21},{"not_picked":["Flechettes+1","Outmaneuver","Wraith Form v2"],"picked":"SKIP","floor":23},{"not_picked":["Underhanded Strike","Concentrate"],"picked":"PiercingWail","floor":25},{"not_picked":["Deflect","Riddle With Holes"],"picked":"Deadly Poison","floor":27},{"not_picked":["Outmaneuver+1","PiercingWail","Deflect"],"picked":"SKIP","floor":28},{"not_picked":["Masterful Stab","Sucker Punch+1","Quick Slash"],"picked":"SKIP","floor":29},{"not_picked":["Endless Agony","Dash"],"picked":"Noxious Fumes","floor":31},{"not_picked":["A Thousand Cuts","Tools of the Trade"],"picked":"Burst","floor":33},{"not_picked":["Infinite Blades+1","Finisher+1","Concentrate"],"picked":"SKIP","floor":35},{"not_picked":["Quick Slash","Deflect+1"],"picked":"Dodge and Roll+1","floor":38},{"not_picked":["Acrobatics+1","Eviscerate+1"],"picked":"Blur+1","floor":39},{"not_picked":["Prepared","Escape Plan","Sucker Punch+1"],"picked":"SKIP","floor":40},{"not_picked":["Night Terror","Quick Slash"],"picked":"Blur+1","floor":42},{"not_picked":["Flying Knee","Choke","Expertise+1"],"picked":"SKIP","floor":44},{"not_picked":["Underhanded Strike+1","Flying Knee"],"picked":"Noxious Fumes+1","floor":45},{"not_picked":["Dash+1","Blade Dance"],"picked":"Noxious Fumes+1","floor":47},{"not_picked":["Bullet Time","Dodge and Roll","Finisher+1"],"picked":"SKIP","floor":54}],"player_experience":804125,"relics_obtained":[{"floor":7,"key":"PreservedInsect"},{"floor":9,"key":"Orichalcum"},{"floor":23,"key":"Snake Skull"},{"floor":23,"key":"Anchor"},{"floor":25,"key":"MawBank"},{"floor":25,"key":"Meat on the Bone"},{"floor":27,"key":"Bottled Tornado"},{"floor":27,"key":"Strawberry"},{"floor":40,"key":"Ancient Tea Set"},{"floor":40,"key":"Vajra"},{"floor":42,"key":"Pear"},{"floor":42,"key":"Whetstone"},{"floor":43,"key":"Centennial Puzzle"},{"floor":54,"key":"Oddly Smooth Stone"},{"floor":54,"key":"Bottled Flame"}],"event_choices":[{"damage_healed":0,"gold_gain":0,"player_choice":"Entered Light","damage_taken":14,"max_hp_gain":0,"max_hp_loss":0,"event_name":"Shining Light","floor":2,"gold_loss":0,"cards_upgraded":["Survivor","Defend_G"]},{"damage_healed":0,"gold_gain":0,"player_choice":"Lose Max HP","damage_taken":0,"relics_obtained":["Golden Idol"],"max_hp_gain":0,"max_hp_loss":5,"event_name":"Golden Idol","floor":3,"gold_loss":0},{"damage_healed":0,"gold_gain":75,"player_choice":"Gather Gold","damage_taken":11,"max_hp_gain":0,"max_hp_loss":0,"event_name":"World of Goop","floor":5,"gold_loss":0},{"damage_healed":0,"gold_gain":0,"player_choice":"Grow","damage_taken":0,"max_hp_gain":0,"max_hp_loss":0,"event_name":"Living Wall","floor":11,"gold_loss":0,"cards_upgraded":["Footwork"]},{"cards_removed":["Strike_G"],"damage_healed":0,"gold_gain":0,"player_choice":"Card Removal","damage_taken":7,"max_hp_gain":0,"max_hp_loss":0,"event_name":"Golden Wing","floor":13,"gold_loss":0},{"damage_healed":0,"gold_gain":0,"player_choice":"Simplicity","damage_taken":0,"max_hp_gain":0,"max_hp_loss":0,"event_name":"Back to Basics","floor":22,"gold_loss":0,"cards_upgraded":["Defend_G","Defend_G","Defend_G","Strike_G","Strike_G"]},{"damage_healed":0,"gold_gain":75,"player_choice":"Touch","damage_taken":7,"max_hp_gain":0,"max_hp_loss":0,"event_name":"FaceTrader","floor":30,"gold_loss":0},{"damage_healed":0,"gold_gain":0,"player_choice":"Bought 0 Potions","damage_taken":0,"max_hp_gain":0,"max_hp_loss":0,"event_name":"The Woman in Blue","floor":37,"gold_loss":0},{"damage_healed":0,"gold_gain":333,"player_choice":"Gave Idol","damage_taken":0,"max_hp_gain":0,"max_hp_loss":0,"event_name":"The Moai Head","floor":46,"relics_lost":["Golden Idol"],"gold_loss":0}],"is_beta":false,"boss_relics":[{"not_picked":["Calling Bell","Ring of the Serpent"],"picked":"Black Star"},{"not_picked":["Tiny House","Eternal Feather"],"picked":"Velvet Choker"}],"items_purged_floors":[19,36,48],"is_endless":false,"potions_floor_spawned":[14,16,21,27,28,29,31,38,44,54],"ascension_level":0}