{"gold_per_floor":[114,189,206,206,224,252,252,278,278,309,234,234,248,248,248,248],"floor_reached":16,"playtime":290,"items_purged":[],"score":236,"play_id":"031ac67a-5919-449a-b142-0d968e1015ff","local_time":"20190213123143","is_ascension_mode":true,"campfire_choices":[{"data":"True Grit","floor":7,"key":"SMITH"},{"data":"Bash","floor":12,"key":"SMITH"},{"data":"Clothesline","floor":15,"key":"SMITH"}],"neow_cost":"NONE","seed_source_timestamp":6368356594594,"circlet_count":0,"master_deck":["AscendersBane","Strike_R","Strike_R","Strike_R","Strike_R","Strike_R","Defend_R","Defend_R","Defend_R","Defend_R","Bash+1","Inflame","Clothesline+1","Clash","True Grit+1","Sever Soul"],"relics":["Burning Blood","NeowsBlessing","Boot","Pantograph","Sundial","Singing Bowl","Golden Idol"],"potions_floor_usage":[6,6],"damage_taken":[{"damage":0,"enemies":"2 Louse","floor":1,"turns":1},{"damage":0,"enemies":"Jaw Worm","floor":3,"turns":1},{"damage":0,"enemies":"Cultist","floor":5,"turns":1},{"damage":8,"enemies":"Gremlin Nob","floor":6,"turns":3},{"damage":36,"enemies":"3 Sentries","floor":8,"turns":11},{"damage":25,"enemies":"Lagavulin","floor":10,"turns":6},{"damage":1,"enemies":"2 Fungi Beasts","floor":13,"turns":3},{"damage":0,"enemies":"Slime Boss","floor":16,"turns":1}],"seed_played":"-2768116219477855896","potions_obtained":[{"floor":1,"key":"SteroidPotion"},{"floor":3,"key":"Swift Potion"},{"floor":6,"key":"Swift Potion"},{"floor":10,"key":"FearPotion"}],"is_trial":false,"path_per_floor":["M","?","M","?","M","E","R","E","T","E","?","R","M","?","R","B"],"character_chosen":"IRONCLAD","items_purchased":[],"campfire_rested":0,"item_purchase_floors":[],"current_hp_per_floor":[74,63,69,69,75,73,73,43,43,26,26,26,33,33,33,58],"gold":248,"neow_bonus":"THREE_ENEMY_KILL","is_prod":false,"is_daily":false,"chose_seed":false,"campfire_upgraded":3,"win_rate":0,"timestamp":1550089903,"path_taken":["M","?","M","?","?","E","R","E","T","E","?","R","M","?","R","BOSS"],"build_version":"2019-02-06","purchased_purges":0,"victory":false,"max_hp_per_floor":[75,75,75,75,75,75,75,75,75,77,77,77,79,72,72,72],"card_choices":[{"not_picked":["Whirlwind","Clothesline"],"picked":"Inflame","floor":1},{"not_picked":["Clash","Sever Soul"],"picked":"Clothesline","floor":3},{"not_picked":["Second Wind","Shrug It Off"],"picked":"True Grit","floor":5},{"not_picked":["Berserk","Anger"],"picked":"Sever Soul","floor":8},{"not_picked":["Body Slam","Searing Blow","Rupture"],"picked":"Singing Bowl","floor":10},{"not_picked":["Thunderclap","Shrug It Off","Headbutt"],"picked":"Singing Bowl","floor":13}],"player_experience":1152359,"relics_obtained":[{"floor":6,"key":"Boot"},{"floor":8,"key":"Pantograph"},{"floor":9,"key":"Sundial"},{"floor":10,"key":"Singing Bowl"}],"event_choices":[{"damage_healed":0,"gold_gain":75,"player_choice":"Gather Gold","damage_taken":11,"max_hp_gain":0,"max_hp_loss":0,"event_name":"World of Goop","floor":2,"gold_loss":0},{"damage_healed":0,"gold_gain":0,"player_choice":"2 cards matched","damage_taken":0,"max_hp_gain":0,"max_hp_loss":0,"event_name":"Match and Keep!","floor":4,"gold_loss":0,"cards_obtained":["Clash","Brutality"]},{"cards_removed":["Brutality"],"damage_healed":0,"gold_gain":0,"player_choice":"Card Removal","damage_taken":0,"max_hp_gain":0,"max_hp_loss":0,"event_name":"The Cleric","floor":11,"gold_loss":75},{"damage_healed":0,"gold_gain":0,"player_choice":"Lose Max HP","damage_taken":0,"relics_obtained":["Golden Idol"],"max_hp_gain":0,"max_hp_loss":7,"event_name":"Golden Idol","floor":14,"gold_loss":0}],"is_beta":true,"boss_relics":[],"items_purged_floors":[],"is_endless":false,"potions_floor_spawned":[1,3,6,10],"killed_by":"Slime Boss","ascension_level":20}