{"gold_per_floor":[116,134,151,170,184,184,215,215,215,248,248,248,248,248,248,347,347,365,365,349,33,45,74,74,47,47,47,59,59,59,78,78,78],"floor_reached":33,"playtime":2752,"items_purged":[],"score":369,"play_id":"d9a86368-7498-4b6d-bd7d-020cf7e6ebc6","local_time":"20181125215623","is_ascension_mode":true,"campfire_choices":[{"data":"Bash","floor":6,"key":"SMITH"},{"floor":8,"key":"REST"},{"data":"Impervious","floor":11,"key":"SMITH"},{"data":"Clash","floor":15,"key":"SMITH"},{"data":"Apotheosis","floor":24,"key":"SMITH"},{"floor":30,"key":"REST"},{"floor":32,"key":"REST"}],"neow_cost":"NONE","seed_source_timestamp":265808462145887,"circlet_count":0,"master_deck":["Strike_R","Strike_R","Strike_R","Strike_R","Strike_R","Defend_R","Defend_R","Defend_R","Defend_R","Bash+1","Headbutt","Heavy Blade","Wild Strike+1","Dropkick","Clash+1","Impervious+1","Ghostly Armor","Seeing Red+1","Apotheosis+1","Cleave+1","Body Slam+1","Shrug It Off","Warcry"],"relics":["Burning Blood","Mercury Hourglass","Nunchaku","Singing Bowl","Mark of Pain","Nloth\u0027s Gift","Lantern","Strawberry","Dodecahedron"],"potions_floor_usage":[7,10,16,22],"damage_taken":[{"damage":1,"enemies":"Cultist","floor":1,"turns":4},{"damage":3,"enemies":"2 Louse","floor":2,"turns":3},{"damage":4,"enemies":"Small Slimes","floor":3,"turns":3},{"damage":10,"enemies":"2 Fungi Beasts","floor":4,"turns":4},{"damage":6,"enemies":"Exordium Thugs","floor":5,"turns":4},{"damage":55,"enemies":"3 Sentries","floor":7,"turns":11},{"damage":25,"enemies":"Gremlin Nob","floor":10,"turns":4},{"damage":5,"enemies":"Slime Boss","floor":16,"turns":10},{"damage":23,"enemies":"Spheric Guardian","floor":18,"turns":4},{"damage":18,"enemies":"2 Thieves","floor":20,"turns":4},{"damage":24,"enemies":"Snake Plant","floor":22,"turns":3},{"damage":9,"enemies":"Gremlin Leader","floor":23,"turns":6},{"damage":49,"enemies":"Snecko","floor":28,"turns":6},{"damage":21,"enemies":"Shelled Parasite and Fungi","floor":31,"turns":4},{"damage":86,"enemies":"Collector","floor":33,"turns":7}],"seed_played":"2521682556474237641","potions_obtained":[{"floor":1,"key":"Poison Potion"},{"floor":5,"key":"Weak Potion"},{"floor":10,"key":"Dexterity Potion"},{"floor":20,"key":"PowerPotion"},{"floor":23,"key":"FairyPotion"}],"is_trial":false,"path_per_floor":["M","M","M","M","M","R","E","R","T","E","R","?","?","?","R","B",null,"M","?","M","$","M","E","R","$","T","$","M","$","R","M","R","B"],"character_chosen":"IRONCLAD","items_purchased":["Lantern","Apotheosis","Shrug It Off"],"campfire_rested":3,"item_purchase_floors":[21,21,25],"current_hp_per_floor":[88,88,88,84,84,84,35,61,61,42,42,24,53,53,53,56,82,65,65,53,53,35,39,39,39,39,39,17,17,46,31,60,0],"gold":78,"neow_bonus":"TEN_PERCENT_HP_BONUS","is_prod":false,"is_daily":false,"chose_seed":false,"campfire_upgraded":4,"win_rate":0,"timestamp":1543179383,"path_taken":["M","M","M","M","?","R","E","R","T","E","R","?","?","?","R","BOSS","M","?","?","$","M","E","R","$","T","$","M","?","R","?","R","BOSS"],"build_version":"2018-11-15","purchased_purges":0,"victory":false,"max_hp_per_floor":[88,88,88,88,88,88,88,88,88,88,88,88,88,88,88,90,90,90,90,90,90,90,97,97,97,97,97,99,99,99,99,99,99],"card_choices":[{"not_picked":["Uppercut","Anger","Rupture"],"picked":"SKIP","floor":1},{"not_picked":["Perfected Strike","Anger"],"picked":"Headbutt","floor":2},{"not_picked":["Iron Wave","Uppercut"],"picked":"Heavy Blade","floor":3},{"not_picked":["Sword Boomerang","Bloodletting"],"picked":"Wild Strike","floor":4},{"not_picked":["Sword Boomerang","Headbutt"],"picked":"Dropkick","floor":5},{"not_picked":["Offering","Dark Embrace"],"picked":"Clash","floor":7},{"not_picked":["Flex","Bloodletting"],"picked":"Impervious","floor":10},{"not_picked":["Berserk","Double Tap","Brutality"],"picked":"Singing Bowl","floor":16},{"not_picked":["Reckless Charge","Armaments"],"picked":"Ghostly Armor","floor":18},{"not_picked":["Anger","Battle Trance"],"picked":"Seeing Red+1","floor":20},{"not_picked":["Clothesline","Iron Wave"],"picked":"Cleave+1","floor":22},{"not_picked":["Thunderclap","Cleave"],"picked":"Body Slam+1","floor":23},{"not_picked":["Second Wind+1","Dual Wield","Twin Strike"],"picked":"Singing Bowl","floor":28},{"not_picked":["Clash","Shrug It Off"],"picked":"Warcry","floor":31}],"player_experience":302879,"relics_obtained":[{"floor":7,"key":"Sundial"},{"floor":9,"key":"Mercury Hourglass"},{"floor":10,"key":"Nunchaku"},{"floor":23,"key":"Strawberry"},{"floor":26,"key":"Dodecahedron"}],"event_choices":[{"damage_healed":0,"gold_gain":0,"player_choice":"Success","damage_taken":18,"relics_obtained":["Singing Bowl"],"max_hp_gain":0,"max_hp_loss":0,"event_name":"Scrap Ooze","floor":12,"gold_loss":0},{"damage_healed":29,"gold_gain":0,"player_choice":"Banana","damage_taken":0,"max_hp_gain":0,"max_hp_loss":0,"event_name":"Big Fish","floor":13,"gold_loss":0},{"damage_healed":0,"gold_gain":0,"player_choice":"Upgraded","damage_taken":0,"max_hp_gain":0,"max_hp_loss":0,"event_name":"Upgrade Shrine","floor":14,"gold_loss":0,"cards_upgraded":["Wild Strike"]},{"damage_healed":0,"gold_gain":0,"player_choice":"Traded Relic","damage_taken":0,"relics_obtained":["Nloth\u0027s Gift"],"max_hp_gain":0,"max_hp_loss":0,"event_name":"N\u0027loth","floor":19,"relics_lost":["Sundial"],"gold_loss":0}],"is_beta":false,"boss_relics":[{"not_picked":["Coffee Dripper","Snecko Eye"],"picked":"Mark of Pain"}],"items_purged_floors":[],"is_endless":false,"potions_floor_spawned":[1,5,10,20,23],"killed_by":"Collector","ascension_level":5}