{"gold_per_floor":[111,122,122,122,29,60,60,60,129,129,17,36,60,398,398,398],"floor_reached":16,"playtime":296,"items_purged":["Strike_R"],"score":216,"play_id":"33c9aa9b-d1f9-4225-a665-412f060d16d1","local_time":"20190313204051","is_ascension_mode":true,"campfire_choices":[{"data":"Bash","floor":8,"key":"SMITH"},{"floor":10,"key":"REST"},{"floor":15,"key":"REST"}],"neow_cost":"NONE","seed_source_timestamp":22538686513297,"circlet_count":0,"master_deck":["AscendersBane","Strike_R","Strike_R","Strike_R","Strike_R","Defend_R","Defend_R","Defend_R","Defend_R","Bash+1","Armaments+1","Perfected Strike","Shrug It Off","Carnage","Shrug It Off","Ghostly Armor","Dual Wield","Infernal Blade","Blood for Blood"],"relics":["Black Star","Golden Idol","Omamori","Potion Belt","Mercury Hourglass","Bottled Lightning","Old Coin","Gremlin Horn"],"potions_floor_usage":[14],"damage_taken":[{"damage":13,"enemies":"Jaw Worm","floor":1,"turns":5},{"damage":6,"enemies":"2 Louse","floor":2,"turns":4},{"damage":28,"enemies":"Gremlin Nob","floor":6,"turns":4},{"damage":0,"enemies":"Cultist","floor":12,"turns":3},{"damage":8,"enemies":"Blue Slaver","floor":13,"turns":2},{"damage":17,"enemies":"Lagavulin","floor":14,"turns":7},{"damage":28,"enemies":"The Guardian","floor":16,"turns":8}],"seed_played":"7646089759860696057","potions_obtained":[{"floor":12,"key":"SteroidPotion"},{"floor":14,"key":"SpeedPotion"}],"is_trial":false,"path_per_floor":["M","M","?","?","$","E","?","R","T","R","$","M","M","E","R","B"],"character_chosen":"IRONCLAD","items_purchased":["Shrug It Off","Carnage","Ghostly Armor"],"campfire_rested":2,"item_purchase_floors":[5,5,11],"current_hp_per_floor":[55,49,49,38,38,10,10,10,10,30,30,30,22,5,25,0],"gold":398,"neow_bonus":"BOSS_RELIC","is_prod":false,"is_daily":false,"chose_seed":false,"campfire_upgraded":1,"win_rate":0,"timestamp":1552534851,"path_taken":["M","M","?","?","$","E","?","R","T","R","?","M","?","E","R","BOSS"],"build_version":"2019-02-06","purchased_purges":1,"victory":false,"max_hp_per_floor":[75,75,68,68,68,68,68,68,68,68,68,68,68,68,68,68],"card_choices":[{"not_picked":["True Grit","Infernal Blade"],"picked":"Armaments","floor":1},{"not_picked":["Combust","Armaments"],"picked":"Perfected Strike","floor":2},{"not_picked":["Combust","Spot Weakness"],"picked":"Shrug It Off","floor":6},{"not_picked":["Headbutt","Heavy Blade"],"picked":"Dual Wield","floor":12},{"not_picked":["Dropkick","Headbutt"],"picked":"Infernal Blade","floor":13},{"not_picked":["Armaments","Anger"],"picked":"Blood for Blood","floor":14}],"player_experience":1284820,"relics_obtained":[{"floor":6,"key":"Potion Belt"},{"floor":6,"key":"Mercury Hourglass"},{"floor":9,"key":"Bottled Lightning"},{"floor":14,"key":"Old Coin"},{"floor":14,"key":"Gremlin Horn"}],"event_choices":[{"damage_healed":0,"gold_gain":0,"player_choice":"Lose Max HP","damage_taken":0,"relics_obtained":["Golden Idol"],"max_hp_gain":0,"max_hp_loss":7,"event_name":"Golden Idol","floor":3,"gold_loss":0},{"damage_healed":0,"gold_gain":0,"player_choice":"Success","damage_taken":11,"relics_obtained":["Omamori"],"max_hp_gain":0,"max_hp_loss":0,"event_name":"Scrap Ooze","floor":4,"gold_loss":0},{"damage_healed":0,"gold_gain":0,"player_choice":"Grow","damage_taken":0,"max_hp_gain":0,"max_hp_loss":0,"event_name":"Living Wall","floor":7,"gold_loss":0,"cards_upgraded":["Armaments"]}],"is_beta":true,"boss_relics":[],"items_purged_floors":[11],"is_endless":false,"potions_floor_spawned":[12,14],"killed_by":"The Guardian","ascension_level":20}