{"gold_per_floor":[109,109,121,121,121,121,121,121,147,166,200,200],"floor_reached":12,"playtime":285,"items_purged":[],"score":152,"play_id":"8bc5c469-fca1-4487-809a-ceb68ca5e43f","local_time":"20190707010725","is_ascension_mode":true,"campfire_choices":[{"data":"Zap","floor":6,"key":"SMITH"},{"data":"Hello World","floor":8,"key":"SMITH"}],"neow_cost":"NONE","seed_source_timestamp":15924796338129,"circlet_count":0,"master_deck":["AscendersBane","Strike_B","Strike_B","Strike_B","Strike_B","Defend_B","Defend_B","Defend_B","Zap+1","Dualcast","Hello World+1","Glacier","Hologram"],"special_seed":0,"relics":["Philosopher\u0027s Stone","Golden Idol","Dream Catcher","PreservedInsect"],"potions_floor_usage":[11],"damage_taken":[{"damage":2.0,"enemies":"Cultist","floor":1.0,"turns":3.0},{"damage":8,"enemies":"Jaw Worm","floor":3,"turns":3},{"damage":6,"enemies":"Small Slimes","floor":10,"turns":3},{"damage":3,"enemies":"Lagavulin","floor":11,"turns":11},{"damage":45,"enemies":"Gremlin Gang","floor":12,"turns":3}],"seed_played":"-2643982701380138408","potions_obtained":[{"floor":3,"key":"Block Potion"}],"is_trial":false,"path_per_floor":["M","?","M","?","?","R","?","R","T","M","E","M"],"character_chosen":"DEFECT","items_purchased":[],"campfire_rested":0,"item_purchase_floors":[],"current_hp_per_floor":[62,62,54,54,54,54,54,54,54,48,45,0],"gold":200,"neow_bonus":"BOSS_RELIC","is_prod":false,"is_daily":false,"chose_seed":false,"campfire_upgraded":2,"win_rate":0,"timestamp":1562486845,"path_taken":["M","?","?","?","?","R","?","R","T","M","E","?"],"build_version":"2019-07-03","purchased_purges":0,"victory":false,"max_hp_per_floor":[71,71,71,71,64,64,64,64,64,64,64,64],"card_choices":[{"not_picked":["Rebound","Rip and Tear"],"picked":"Hello World","floor":1.0},{"not_picked":["Steam","Stack"],"picked":"Hologram","floor":3}],"player_experience":1352721,"relics_obtained":[{"floor":9,"key":"Dream Catcher"},{"floor":11,"key":"PreservedInsect"}],"event_choices":[{"damage_healed":0,"gold_gain":0,"player_choice":"1 cards matched","damage_taken":0,"max_hp_gain":0,"max_hp_loss":0,"event_name":"Match and Keep!","floor":2,"gold_loss":0,"cards_obtained":["Glacier"]},{"damage_healed":0,"gold_gain":0,"player_choice":"Ignored","damage_taken":0,"max_hp_gain":0,"max_hp_loss":0,"event_name":"Liars Game","floor":4,"gold_loss":0},{"damage_healed":0,"gold_gain":0,"player_choice":"Lose Max HP","damage_taken":0,"relics_obtained":["Golden Idol"],"max_hp_gain":0,"max_hp_loss":7,"event_name":"Golden Idol","floor":5,"gold_loss":0},{"cards_removed":["Defend_B"],"damage_healed":0,"gold_gain":0,"player_choice":"Purged","damage_taken":0,"max_hp_gain":0,"max_hp_loss":0,"event_name":"Purifier","floor":7,"gold_loss":0}],"is_beta":true,"boss_relics":[],"items_purged_floors":[],"is_endless":false,"potions_floor_spawned":[3],"killed_by":"Gremlin Gang","ascension_level":20}