{"gold_per_floor":[116,116,41,57,73,73,84,84,84,98,98,124,124],"floor_reached":13,"playtime":254,"items_purged":["Strike_G"],"score":170,"play_id":"88c6abe4-a1af-4c4b-844e-deefac10f58f","local_time":"20190103011119","is_ascension_mode":true,"campfire_choices":[{"data":"Crippling Poison","floor":6,"key":"SMITH"},{"data":"Neutralize","floor":8,"key":"SMITH"}],"neow_cost":"NONE","seed_source_timestamp":24292061440264,"circlet_count":0,"master_deck":["AscendersBane","Defend_G","Defend_G","Defend_G","Defend_G","Defend_G","Strike_G","Strike_G","Strike_G","Strike_G","Survivor","Neutralize+1","Cloak And Dagger","Footwork","Crippling Poison+1","Blade Dance","Crippling Poison","Parasite","Bouncing Flask"],"relics":["Philosopher\u0027s Stone","CultistMask","Bag of Preparation","Dodecahedron"],"potions_floor_usage":[4,12],"damage_taken":[{"damage":15,"enemies":"Jaw Worm","floor":1,"turns":7},{"damage":0,"enemies":"Cultist","floor":4,"turns":4},{"damage":0,"enemies":"Small Slimes","floor":5,"turns":4},{"damage":1,"enemies":"Looter","floor":7,"turns":4},{"damage":7,"enemies":"3 Louse","floor":10,"turns":2},{"damage":50,"enemies":"Gremlin Nob","floor":12,"turns":5},{"damage":0,"enemies":"Exordium Wildlife","floor":13,"turns":1}],"seed_played":"-2030628562401929123","potions_obtained":[{"floor":1,"key":"Fire Potion"},{"floor":10,"key":"PowerPotion"},{"floor":12,"key":"LiquidBronze"}],"is_trial":false,"path_per_floor":["M","?","$","M","M","R","M","R","T","M","?","E","M"],"character_chosen":"THE_SILENT","items_purchased":[],"campfire_rested":0,"item_purchase_floors":[],"current_hp_per_floor":[44,44,44,44,44,44,43,43,43,36,52,2,2],"gold":124,"neow_bonus":"BOSS_RELIC","is_prod":false,"is_daily":false,"chose_seed":false,"campfire_upgraded":2,"win_rate":0,"timestamp":1546506679,"path_taken":["M","?","?","?","M","R","M","R","T","M","?","E","M"],"build_version":"2019-01-01v2","purchased_purges":1,"victory":false,"max_hp_per_floor":[66,66,66,66,66,66,66,66,66,66,66,66,66],"card_choices":[{"not_picked":["Heel Hook","Quick Slash"],"picked":"Cloak And Dagger","floor":1},{"not_picked":["Flying Knee","Setup"],"picked":"Footwork","floor":4},{"not_picked":["Poisoned Stab","Flying Knee"],"picked":"Crippling Poison","floor":5},{"not_picked":["Tactician","Acrobatics"],"picked":"Blade Dance","floor":7},{"not_picked":["Dagger Spray","Flying Knee"],"picked":"Crippling Poison","floor":10},{"not_picked":["Prepared","Eviscerate"],"picked":"Bouncing Flask","floor":12}],"player_experience":1018037,"relics_obtained":[{"floor":9,"key":"Bag of Preparation"},{"floor":12,"key":"Dodecahedron"}],"event_choices":[{"damage_healed":0,"gold_gain":0,"player_choice":"Trade","damage_taken":0,"relics_obtained":["CultistMask"],"max_hp_gain":0,"max_hp_loss":0,"event_name":"FaceTrader","floor":2,"gold_loss":0},{"damage_healed":16,"gold_gain":0,"player_choice":"Healed and dodged fight","damage_taken":0,"max_hp_gain":0,"max_hp_loss":0,"event_name":"Mushrooms","floor":11,"gold_loss":0,"cards_obtained":["Parasite"]}],"is_beta":true,"boss_relics":[],"items_purged_floors":[3],"is_endless":false,"potions_floor_spawned":[1,10,12],"killed_by":"Exordium Wildlife","ascension_level":20}