{"path_per_floor":["M","M","?","M","M","R","E","R","T","E","$","?","M","M","R","B",null,"M","$","M","$","?","E","M","R","T"],"character_chosen":"DEFECT","items_purchased":["Doom and Gloom","Rebound","Trip","Rebound"],"gold_per_floor":[115,127,127,147,162,162,190,190,238,272,98,98,116,128,128,230,230,242,45,65,15,15,50,62,62,62,62],"floor_reached":27,"campfire_rested":2,"playtime":2557,"item_purchase_floors":[11,11,19,19],"current_hp_per_floor":[73,67,67,67,67,67,37,37,37,38,38,38,33,33,55,29,75,63,63,63,63,63,26,10,36,36,0],"items_purged":["Strike_B","Strike_B","Strike_B"],"gold":62,"score":268,"play_id":"bafa9b7c-96ef-42af-acaf-fb2cc8cf4e4a","local_time":"20180604180736","is_prod":false,"is_daily":false,"chose_seed":false,"is_ascension_mode":false,"campfire_upgraded":2,"win_rate":1,"timestamp":1528150056,"campfire_choices":[{"data":"Genetic Algorithm","floor":6,"key":"SMITH"},{"data":"Genetic Algorithm","floor":8,"key":"SMITH"},{"floor":15,"key":"REST"},{"floor":25,"key":"REST"}],"path_taken":["M","M","?","M","M","R","E","R","T","E","$","?","M","M","R","BOSS","M","$","M","$","?","E","M","R","T","E"],"build_version":"2018-05-31","seed_source_timestamp":31488684440445,"purchased_purges":3,"victory":false,"master_deck":["Defend_B","Defend_B","Defend_B","Defend_B","Zap+1","Dualcast+1","Ball Lightning","Go for the Eyes","Reboot","Genetic Algorithm+1","FTL","Genetic Algorithm+1","Doom and Gloom","Rebound","Rebound","Gash","All For One","Rebound","Trip","Rebound","Gash","Consume"],"max_hp_per_floor":[75,75,75,75,75,75,75,75,75,75,75,75,75,75,75,75,75,75,75,75,75,75,89,89,89,89,89],"relics":["Cracked Core","Smiling Mask","Boot","Ancient Tea Set","Inserter","Mango","Vajra"],"card_choices":[{"not_picked":["Glacier","Barrage"],"picked":"Ball Lightning","floor":1},{"not_picked":["Force Field","Barrage"],"picked":"Go for the Eyes","floor":2},{"not_picked":["Beam Cell","White Noise"],"picked":"Genetic Algorithm","floor":4},{"not_picked":["Compile Driver","Steam"],"picked":"FTL","floor":5},{"not_picked":["Cold Snap","Go for the Eyes"],"picked":"Genetic Algorithm","floor":7},{"not_picked":["Conserve Battery","Machine Learning","Reinforced Body"],"picked":"SKIP","floor":10},{"not_picked":["Go for the Eyes","Sweeping Beam"],"picked":"Rebound","floor":13},{"not_picked":["Beam Cell","Conserve Battery"],"picked":"Gash","floor":14},{"not_picked":["Seek","Electrodynamics"],"picked":"All For One","floor":16},{"not_picked":["Go for the Eyes","Sweeping Beam"],"picked":"Rebound","floor":18},{"not_picked":["Blizzard","Steam","Genetic Algorithm"],"picked":"SKIP","floor":20},{"not_picked":["Beam Cell+1","Rebound"],"picked":"Consume","floor":23},{"not_picked":["Rebound","Cold Snap","Conserve Battery"],"picked":"SKIP","floor":24}],"player_experience":35146,"potions_floor_usage":[10,10,10,16,20,23,23],"damage_taken":[{"damage":2,"enemies":"2 Louse","floor":1,"turns":2},{"damage":6,"enemies":"Jaw Worm","floor":2,"turns":3},{"damage":0,"enemies":"Small Slimes","floor":4,"turns":2},{"damage":0,"enemies":"Exordium Wildlife","floor":5,"turns":2},{"damage":30,"enemies":"Gremlin Nob","floor":7,"turns":4},{"damage":14,"enemies":"Lagavulin","floor":10,"turns":7},{"damage":5,"enemies":"Lots of Slimes","floor":13,"turns":2},{"damage":0,"enemies":"3 Louse","floor":14,"turns":2},{"damage":26,"enemies":"Slime Boss","floor":16,"turns":7},{"damage":12,"enemies":"Shell Parasite","floor":18,"turns":4},{"damage":0,"enemies":"3 Byrds","floor":20,"turns":3},{"damage":51,"enemies":"Slavers","floor":23,"turns":6},{"damage":16,"enemies":"Snake Plant","floor":24,"turns":4},{"damage":36,"enemies":"Book of Stabbing","floor":27,"turns":3}],"relics_obtained":[{"floor":7,"key":"Smiling Mask"},{"floor":9,"key":"Boot"},{"floor":10,"key":"Ancient Tea Set"},{"floor":23,"key":"Mango"},{"floor":26,"key":"Vajra"}],"event_choices":[{"event_name":"Living Wall","player_choice":"Change","floor":3,"damage_taken":0},{"event_name":"Upgrade Shrine","player_choice":"Upgraded","floor":12,"damage_taken":0},{"event_name":"The Library","player_choice":"Read","floor":22,"damage_taken":0}],"boss_relics":[{"not_picked":["Snecko Eye","Orrery"],"picked":"Inserter"}],"items_purged_floors":[11,19,21],"potions_floor_spawned":[1,4,7,13,16,18,20],"seed_played":"-274833842535569741","killed_by":"Book of Stabbing","ascension_level":0,"potions_obtained":[{"floor":1,"key":"Regen Potion"},{"floor":4,"key":"Ancient Potion"},{"floor":7,"key":"EssenceOfSteel"},{"floor":13,"key":"Poison Potion"},{"floor":16,"key":"Swift Potion"},{"floor":18,"key":"SpeedPotion"},{"floor":20,"key":"Weak Potion"}],"is_trial":false}