{"gold_per_floor":[109,126,143,0,16,50,50,50,73,92,107,107,32,67,67,169,169,189,202,32,43,43,69,69,84,84,84,111,111,111,127,127,230,230,240,40,0,100,100,128,128,145,145,145],"floor_reached":44,"playtime":2691,"items_purged":["Strike_G","Dagger Throw","Expertise"],"score":560,"play_id":"b3168455-e40d-4425-8ecd-63eef354bda8","local_time":"20190825231804","is_ascension_mode":true,"campfire_choices":[{"data":"Leg Sweep","floor":7,"key":"SMITH"},{"floor":12,"key":"REST"},{"data":"Noxious Fumes","floor":15,"key":"SMITH"},{"floor":24,"key":"REST"},{"data":"After Image","floor":27,"key":"SMITH"},{"data":"Footwork","floor":29,"key":"SMITH"},{"floor":32,"key":"REST"},{"floor":41,"key":"REST"}],"neow_cost":"NONE","seed_source_timestamp":118267905622800,"circlet_count":0,"master_deck":["Survivor","Neutralize","Noxious Fumes+1","Leg Sweep+1","Crippling Poison","After Image+1","Flying Knee","Dagger Spray","Envenom","Predator","Backflip","Skewer","Flechettes","Footwork+1","Noxious Fumes","Cloak And Dagger","Envenom","Accuracy","Footwork","Madness","Madness"],"relics":["Ring of the Snake","Bag of Preparation","Omamori","Shuriken","Ninja Scroll","Pandora\u0027s Box","Art of War","Strawberry","Pear","Singing Bowl","Runic Pyramid","Red Mask","Tough Bandages","Pen Nib","Molten Egg 2"],"potions_floor_usage":[5,6,10,16,19,23,38,40,40,44],"damage_taken":[{"damage":2,"enemies":"Cultist","floor":1,"turns":4},{"damage":2,"enemies":"Small Slimes","floor":2,"turns":3},{"damage":6,"enemies":"2 Louse","floor":3,"turns":4},{"damage":0,"enemies":"Looter","floor":5,"turns":4},{"damage":25,"enemies":"Gremlin Nob","floor":6,"turns":5},{"damage":5,"enemies":"Exordium Thugs","floor":10,"turns":3},{"damage":0,"enemies":"3 Louse","floor":11,"turns":6},{"damage":21,"enemies":"Lagavulin","floor":14,"turns":13},{"damage":20,"enemies":"The Guardian","floor":16,"turns":10},{"damage":0,"enemies":"Chosen","floor":18,"turns":4},{"damage":13,"enemies":"Spheric Guardian","floor":19,"turns":6},{"damage":3,"enemies":"Chosen and Byrds","floor":21,"turns":6},{"damage":44,"enemies":"Slavers","floor":23,"turns":6},{"damage":9,"enemies":"3 Cultists","floor":25,"turns":5},{"damage":21,"enemies":"Gremlin Leader","floor":28,"turns":6},{"damage":0,"enemies":"Snake Plant","floor":31,"turns":5},{"damage":32,"enemies":"Automaton","floor":33,"turns":9},{"damage":10,"enemies":"Orb Walker","floor":35,"turns":5},{"damage":14,"enemies":"Mind Bloom Boss Battle","floor":38,"turns":8},{"damage":35,"enemies":"Reptomancer","floor":40,"turns":8},{"damage":37,"enemies":"3 Shapes","floor":42,"turns":5},{"damage":25,"enemies":"Nemesis","floor":44,"turns":10}],"seed_played":"1802338474855493962","potions_obtained":[{"floor":1,"key":"Poison Potion"},{"floor":3,"key":"Swift Potion"},{"floor":6,"key":"Fire Potion"},{"floor":14,"key":"Swift Potion"},{"floor":18,"key":"SkillPotion"},{"floor":21,"key":"Ancient Potion"},{"floor":31,"key":"GamblersBrew"},{"floor":33,"key":"Dexterity Potion"},{"floor":35,"key":"FearPotion"},{"floor":38,"key":"Dexterity Potion"}],"is_trial":false,"path_per_floor":["M","M","M","$","M","E","R","T","T","M","M","R","$","E","R","B",null,"M","M","$","M","?","E","R","M","T","R","E","R","$","M","R","B",null,"M","$","?","?","?","E","R","M","T","E"],"character_chosen":"THE_SILENT","items_purchased":["Bag of Preparation","Noxious Fumes","Footwork"],"campfire_rested":4,"item_purchase_floors":[4,20,36],"current_hp_per_floor":[75,73,67,67,67,42,42,42,42,37,37,60,60,39,39,19,77,77,64,64,61,61,24,49,40,50,50,31,31,31,33,62,30,98,88,88,88,76,63,30,60,25,25,0],"gold":145,"neow_bonus":"TEN_PERCENT_HP_BONUS","is_prod":false,"is_daily":false,"chose_seed":false,"campfire_upgraded":4,"win_rate":0,"timestamp":1566800284,"path_taken":["M","M","M","$","M","E","R","?","T","?","M","R","$","E","R","BOSS","M","M","$","M","?","E","R","M","T","R","E","R","$","M","R","BOSS","M","$","?","?","?","E","R","?","T","E"],"build_version":"2019-07-17","purchased_purges":3,"victory":false,"max_hp_per_floor":[77,77,77,77,77,77,77,77,77,77,77,77,77,77,77,77,77,77,77,77,77,77,84,84,84,94,94,96,96,96,98,98,98,98,98,98,98,100,100,102,102,104,104,104],"card_choices":[{"not_picked":["Dodge and Roll","Infinite Blades"],"picked":"Noxious Fumes","floor":1},{"not_picked":["Dagger Throw","Blade Dance","Bane"],"picked":"SKIP","floor":2},{"not_picked":["Dagger Throw","Prepared","Finisher"],"picked":"SKIP","floor":3},{"not_picked":["Blur","Deadly Poison","Masterful Stab"],"picked":"SKIP","floor":5},{"not_picked":["Grand Finale","Finisher"],"picked":"Leg Sweep","floor":6},{"not_picked":["Acrobatics","Sucker Punch","Blade Dance"],"picked":"SKIP","floor":10},{"not_picked":["PiercingWail","Outmaneuver"],"picked":"Crippling Poison","floor":11},{"not_picked":["Eviscerate","Poisoned Stab","Reflex"],"picked":"SKIP","floor":14},{"not_picked":["Venomology","Adrenaline"],"picked":"After Image","floor":16},{"not_picked":["Underhanded Strike+1","Dagger Throw"],"picked":"Footwork","floor":18},{"not_picked":["Leg Sweep","Endless Agony","Slice"],"picked":"SKIP","floor":19},{"not_picked":["PiercingWail","Deflect","Dagger Throw"],"picked":"SKIP","floor":21},{"not_picked":["Dagger Throw","Deflect","Setup"],"picked":"SKIP","floor":23},{"not_picked":["Dagger Spray","Outmaneuver"],"picked":"Cloak And Dagger","floor":25},{"not_picked":["Cloak And Dagger","Reflex","Eviscerate"],"picked":"Singing Bowl","floor":28},{"not_picked":["Slice","Choke","Deadly Poison"],"picked":"Singing Bowl","floor":31},{"not_picked":["Venomology","A Thousand Cuts"],"picked":"Envenom","floor":33},{"not_picked":["Catalyst","Outmaneuver+1"],"picked":"Accuracy","floor":35},{"not_picked":["Backflip+1","Dagger Throw","Flying Knee+1"],"picked":"Singing Bowl","floor":38},{"not_picked":["Cloak And Dagger","Sucker Punch","Underhanded Strike+1"],"picked":"Singing Bowl","floor":40},{"not_picked":["Quick Slash","Riddle With Holes+1","Terror"],"picked":"Singing Bowl","floor":42}],"player_experience":97558,"relics_obtained":[{"floor":6,"key":"Omamori"},{"floor":8,"key":"Shuriken"},{"floor":14,"key":"Ninja Scroll"},{"floor":23,"key":"Strawberry"},{"floor":26,"key":"Pear"},{"floor":28,"key":"Singing Bowl"},{"floor":38,"key":"Tough Bandages"},{"floor":40,"key":"Pen Nib"},{"floor":43,"key":"Molten Egg 2"}],"event_choices":[{"damage_healed":0,"gold_gain":0,"player_choice":"Opened","damage_taken":0,"relics_obtained":["Art of War"],"max_hp_gain":0,"max_hp_loss":0,"event_name":"The Mausoleum","floor":22,"gold_loss":0},{"damage_healed":0,"gold_gain":0,"player_choice":"Paid","damage_taken":0,"relics_obtained":["Red Mask"],"max_hp_gain":0,"max_hp_loss":0,"event_name":"Tomb of Lord Red Mask","floor":37,"gold_loss":40},{"damage_healed":0,"gold_gain":0,"player_choice":"Fight","damage_taken":0,"max_hp_gain":0,"max_hp_loss":0,"event_name":"MindBloom","floor":38,"gold_loss":0},{"damage_healed":0,"gold_gain":0,"player_choice":"Embrace Madness","damage_taken":13,"max_hp_gain":0,"max_hp_loss":0,"event_name":"Winding Halls","floor":39,"gold_loss":0,"cards_obtained":["Madness","Madness"]}],"is_beta":false,"boss_relics":[{"not_picked":["Fusion Hammer","Ring of the Serpent"],"picked":"Pandora\u0027s Box"},{"not_picked":["White Beast Statue","Tiny House"],"picked":"Runic Pyramid"}],"items_purged_floors":[13,20,36],"is_endless":false,"potions_floor_spawned":[1,3,6,14,18,21,31,33,35,38],"killed_by":"Nemesis","ascension_level":1}