{"gold_per_floor":[117,117,117,128,3,29,29,41,64,64,78,78,78,78,78,150,150,167,177,77,88,105,105,55,55,55,55,75,88,88,105,105,177,177,189,189,289,308,308,334,334,209,209,222,222,72,72,99,99,99,99],"floor_reached":51,"playtime":1279,"items_purged":["Pain","Strike_R","Strike_R","Strike_R"],"score":1556,"play_id":"68df5ebc-7916-426f-831e-5671488c75cf","local_time":"20190807005146","is_ascension_mode":true,"campfire_choices":[{"data":"Searing Blow","floor":7.0,"key":"SMITH"},{"data":"Searing Blow+1","floor":10.0,"key":"SMITH"},{"data":"Searing Blow+2","floor":13.0,"key":"SMITH"},{"data":"Searing Blow+3","floor":15.0,"key":"SMITH"},{"data":"Searing Blow+4","floor":23.0,"key":"SMITH"},{"data":"Searing Blow+6","floor":25.0,"key":"SMITH"},{"data":"Searing Blow+7","floor":27.0,"key":"SMITH"},{"data":"Searing Blow+8","floor":30.0,"key":"SMITH"},{"data":"Searing Blow+9","floor":32.0,"key":"SMITH"},{"data":"Searing Blow+10","floor":41.0,"key":"SMITH"},{"data":"Searing Blow+11","floor":45.0,"key":"SMITH"},{"data":"Searing Blow+12","floor":49.0,"key":"SMITH"}],"neow_cost":"NONE","seed_source_timestamp":8655837175195,"circlet_count":0,"master_deck":["AscendersBane","Strike_R","Strike_R","Defend_R","Defend_R","Defend_R","Defend_R","Bash+1","Searing Blow+13","True Grit","Cleave+1","Headbutt","Offering","Shockwave","Disarm","Offering","True Grit","Shrug It Off+1"],"special_seed":0,"relics":["Burning Blood","NeowsBlessing","Lantern","WarpedTongs","Whetstone","Oddly Smooth Stone","Coffee Dripper","Boot","Cursed Key","Ginger","Happy Flower","Shuriken"],"potions_floor_usage":[50,50],"damage_taken":[{"damage":0.0,"enemies":"Small Slimes","floor":1.0,"turns":1.0},{"damage":1.0,"enemies":"Jaw Worm","floor":4.0,"turns":1.0},{"damage":0.0,"enemies":"Gremlin Nob","floor":6.0,"turns":1.0},{"damage":1.0,"enemies":"Cultist","floor":8.0,"turns":3.0},{"damage":0.0,"enemies":"Blue Slaver","floor":11.0,"turns":2.0},{"damage":6.0,"enemies":"Slime Boss","floor":16.0,"turns":4.0},{"damage":19.0,"enemies":"Shell Parasite","floor":18.0,"turns":3.0},{"damage":5.0,"enemies":"Spheric Guardian","floor":19.0,"turns":3.0},{"damage":6.0,"enemies":"Shelled Parasite and Fungi","floor":21.0,"turns":1.0},{"damage":6.0,"enemies":"Centurion and Healer","floor":22.0,"turns":4.0},{"damage":11.0,"enemies":"Snecko","floor":28.0,"turns":4.0},{"damage":6.0,"enemies":"Snake Plant","floor":29.0,"turns":1.0},{"damage":6.0,"enemies":"Centurion and Healer","floor":31.0,"turns":5.0},{"damage":87.0,"enemies":"Champ","floor":33.0,"turns":7.0},{"damage":2.0,"enemies":"Orb Walker","floor":35.0,"turns":2.0},{"damage":6.0,"enemies":"Mind Bloom Boss Battle","floor":37.0,"turns":3.0},{"damage":6.0,"enemies":"3 Darklings","floor":38.0,"turns":3.0},{"damage":30.0,"enemies":"Nemesis","floor":40.0,"turns":4.0},{"damage":6.0,"enemies":"Maw","floor":44.0,"turns":2.0},{"damage":6.0,"enemies":"Giant Head","floor":48.0,"turns":3.0},{"damage":29,"enemies":"Donu and Deca","floor":50,"turns":4},{"damage":20,"enemies":"Awakened One","floor":51,"turns":3}],"seed_played":"2097528031033301444","potions_obtained":[{"floor":4.0,"key":"AttackPotion"},{"floor":6.0,"key":"Strength Potion"},{"floor":16.0,"key":"FairyPotion"},{"floor":18.0,"key":"Swift Potion"},{"floor":21.0,"key":"Poison Potion"},{"floor":22.0,"key":"Energy Potion"},{"floor":33.0,"key":"Fire Potion"},{"floor":37.0,"key":"GamblersBrew"},{"floor":44.0,"key":"Weak Potion"},{"floor":48.0,"key":"SpeedPotion"}],"is_trial":false,"path_per_floor":["M","?","?","M","$","E","R","M","T","R","M","$","R","?","R","B",null,"M","M","$","M","M","R","?","R","T","R","M","M","R","M","R","B",null,"M","?","?","M","?","E","R","$","T","M","R","$","?","E","R","B","B"],"character_chosen":"IRONCLAD","items_purchased":["True Grit"],"campfire_rested":0,"item_purchase_floors":[5],"current_hp_per_floor":[74,69,69,74,74,75,75,75,75,75,75,75,75,75,75,75,75,62,63,63,63,63,63,63,63,63,63,58,58,58,58,58,13,60,64,64,64,64,64,40,40,40,40,40,40,40,40,40,40,17,0],"gold":99,"neow_bonus":"THREE_ENEMY_KILL","is_prod":false,"is_daily":false,"chose_seed":false,"campfire_upgraded":12,"win_rate":0,"timestamp":1565164306,"path_taken":["M","?","?","M","$","E","R","M","T","R","?","$","R","?","R","BOSS","M","M","$","?","M","R","?","R","T","R","?","M","R","M","R","BOSS","M","?","?","M","?","E","R","$","T","M","R","?","?","E","R","BOSS","BOSS"],"build_version":"2019-07-18","purchased_purges":4,"victory":false,"max_hp_per_floor":[75,75,75,75,75,75,75,75,75,75,75,75,75,75,75,75,75,75,75,75,75,75,75,75,75,75,75,75,75,75,75,75,75,75,75,75,75,75,75,75,75,75,75,75,75,75,75,75,75,75,75],"card_choices":[{"not_picked":["Cleave","Seeing Red"],"picked":"Searing Blow","floor":1.0},{"not_picked":["Corruption","Anger","Cleave"],"picked":"SKIP","floor":4.0},{"not_picked":["Entrench","Barricade"],"picked":"Cleave","floor":6.0},{"not_picked":["Bloodletting","Wild Strike"],"picked":"Headbutt","floor":8.0},{"not_picked":["Twin Strike","Sword Boomerang","Power Through"],"picked":"SKIP","floor":11.0},{"not_picked":["Dropkick","Body Slam","Sword Boomerang"],"picked":"SKIP","floor":18.0},{"not_picked":["Sever Soul","Pommel Strike"],"picked":"Shockwave","floor":19.0},{"not_picked":["Power Through","Perfected Strike+1","Cleave"],"picked":"SKIP","floor":21.0},{"not_picked":["Pommel Strike+1","Clothesline","Cleave"],"picked":"SKIP","floor":22.0},{"not_picked":["Shockwave","Hemokinesis","Entrench"],"picked":"SKIP","floor":28.0},{"not_picked":["Berserk","True Grit","Combust"],"picked":"SKIP","floor":29.0},{"not_picked":["Flex","Hemokinesis+1"],"picked":"Disarm","floor":31.0},{"not_picked":["Dark Embrace","Juggernaut"],"picked":"Offering","floor":33.0},{"not_picked":["Clash","Infernal Blade+1"],"picked":"True Grit","floor":35.0},{"not_picked":["Corruption","True Grit","Entrench"],"picked":"SKIP","floor":38.0},{"not_picked":["Dark Embrace","Thunderclap+1","Infernal Blade+1"],"picked":"SKIP","floor":40.0},{"not_picked":["Anger","Second Wind"],"picked":"Shrug It Off+1","floor":44.0},{"not_picked":["Havoc","Clothesline","Searing Blow"],"picked":"SKIP","floor":48.0}],"player_experience":1383324,"relics_obtained":[{"floor":6.0,"key":"Whetstone"},{"floor":9.0,"key":"Oddly Smooth Stone"},{"floor":26.0,"key":"Boot"},{"floor":37.0,"key":"Ginger"},{"floor":40.0,"key":"Happy Flower"},{"floor":48.0,"key":"Shuriken"}],"event_choices":[{"damage_healed":0.0,"max_hp_gain":0.0,"max_hp_loss":0.0,"gold_gain":0.0,"event_name":"Scrap Ooze","player_choice":"Success","floor":2.0,"gold_loss":0.0,"damage_taken":5.0,"relics_obtained":["Lantern"]},{"damage_healed":0.0,"max_hp_gain":0.0,"max_hp_loss":0.0,"gold_gain":0.0,"event_name":"Accursed Blacksmith","player_choice":"Rummage","floor":3.0,"gold_loss":0.0,"damage_taken":0.0,"relics_obtained":["WarpedTongs"],"cards_obtained":["Pain"]},{"damage_healed":0.0,"max_hp_gain":0.0,"max_hp_loss":0.0,"gold_gain":0.0,"event_name":"Match and Keep!","player_choice":"2 cards matched","floor":14.0,"gold_loss":0.0,"damage_taken":0.0,"cards_obtained":["Disarm","Offering"]},{"damage_healed":0.0,"max_hp_gain":0.0,"max_hp_loss":0.0,"gold_gain":0.0,"event_name":"Designer","player_choice":"Upgrade","floor":24.0,"gold_loss":50.0,"damage_taken":0.0,"cards_upgraded":["Searing Blow"]},{"damage_healed":0.0,"max_hp_gain":0.0,"max_hp_loss":0.0,"gold_gain":0.0,"event_name":"SensoryStone","player_choice":"Memory 1","floor":36.0,"gold_loss":0.0,"damage_taken":0.0},{"damage_healed":0.0,"max_hp_gain":0.0,"max_hp_loss":0.0,"gold_gain":0.0,"event_name":"MindBloom","player_choice":"Fight","floor":37.0,"gold_loss":0.0,"damage_taken":0.0},{"damage_healed":0.0,"max_hp_gain":0.0,"max_hp_loss":0.0,"gold_gain":0.0,"event_name":"Tomb of Lord Red Mask","player_choice":"Ignored","floor":39.0,"gold_loss":0.0,"damage_taken":0.0},{"cards_removed":["Disarm"],"damage_healed":0.0,"max_hp_gain":0.0,"max_hp_loss":0.0,"gold_gain":0.0,"event_name":"Falling","player_choice":"Removed Skill","floor":47.0,"gold_loss":0.0,"damage_taken":0.0}],"is_beta":true,"boss_relics":[{"not_picked":["White Beast Statue","Calling Bell"],"picked":"Coffee Dripper"},{"not_picked":["Runic Cube","Busted Crown"],"picked":"Cursed Key"}],"items_purged_floors":[5,20,42,46],"is_endless":false,"potions_floor_spawned":[4,6,16,18,21,22,31,33,37,44,48],"killed_by":"Awakened One","ascension_level":20}