{"gold_per_floor":[115,115,115,40,40,74,86,120,120,131,51,77,77,96,96,193,193,211,211,111,111,130,158,38,38,38,50,50,83,83,108,108,212,262,272,272,290,300,160,193,193,213,236,248,273,143,143,171,171,171],"floor_reached":51,"playtime":1263,"items_purged":["Envenom","Sucker Punch","Neutralize","Die Die Die","Dagger Throw"],"score":1287,"play_id":"4e50bf2c-366a-4cef-99b0-ca0a7774a014","local_time":"20190825213500","is_ascension_mode":true,"campfire_choices":[{"data":"Grand Finale","floor":15.0,"key":"SMITH"},{"data":"Malaise","floor":30.0,"key":"SMITH"},{"data":"Survivor","floor":32.0,"key":"SMITH"},{"floor":41.0,"key":"RECALL"},{"data":"Night Terror","floor":47.0,"key":"SMITH"},{"floor":49.0,"key":"REST"}],"neow_cost":"NONE","seed_source_timestamp":0,"circlet_count":0,"master_deck":["Survivor+1","Dash+1","Doppelganger+1","Quick Slash+1","Malaise+1","Grand Finale+1","Night Terror+1"],"special_seed":0,"relics":["Pandora\u0027s Box","Gambling Chip","Regal Pillow","The Courier","Potion Belt","Paper Crane","Busted Crown","Gremlin Horn","Ninja Scroll","Snake Skull","Bottled Flame","Strawberry","Tiny House","The Specimen","Omamori","Calipers","Ornamental Fan"],"potions_floor_usage":[50,50],"damage_taken":[{"damage":0.0,"enemies":"Small Slimes","floor":1.0,"turns":2.0},{"damage":1.0,"enemies":"Gremlin Nob","floor":6.0,"turns":4.0},{"damage":0.0,"enemies":"2 Louse","floor":7.0,"turns":1.0},{"damage":0.0,"enemies":"Lagavulin","floor":8.0,"turns":5.0},{"damage":0.0,"enemies":"Jaw Worm","floor":10.0,"turns":1.0},{"damage":0.0,"enemies":"Gremlin Nob","floor":12.0,"turns":2.0},{"damage":0.0,"enemies":"Exordium Thugs","floor":14.0,"turns":1.0},{"damage":0.0,"enemies":"Slime Boss","floor":16.0,"turns":3.0},{"damage":0.0,"enemies":"2 Thieves","floor":18.0,"turns":1.0},{"damage":0.0,"enemies":"Spheric Guardian","floor":22.0,"turns":1.0},{"damage":0.0,"enemies":"Slavers","floor":23.0,"turns":1.0},{"damage":0.0,"enemies":"Snake Plant","floor":27.0,"turns":2.0},{"damage":0.0,"enemies":"Gremlin Leader","floor":29.0,"turns":1.0},{"damage":0.0,"enemies":"Book of Stabbing","floor":31.0,"turns":2.0},{"damage":0.0,"enemies":"Collector","floor":33.0,"turns":3.0},{"damage":0.0,"enemies":"Orb Walker","floor":35.0,"turns":1.0},{"damage":0.0,"enemies":"3 Shapes","floor":37.0,"turns":1.0},{"damage":0.0,"enemies":"Spire Growth","floor":38.0,"turns":2.0},{"damage":0.0,"enemies":"Reptomancer","floor":40.0,"turns":1.0},{"damage":0.0,"enemies":"3 Darklings","floor":42.0,"turns":1.0},{"damage":4.0,"enemies":"Writhing Mass","floor":44.0,"turns":2.0},{"damage":0.0,"enemies":"Giant Head","floor":45.0,"turns":4.0},{"damage":0.0,"enemies":"Reptomancer","floor":48.0,"turns":2.0},{"damage":3,"enemies":"Donu and Deca","floor":50,"turns":2}],"seed_played":"1435","potions_obtained":[{"floor":1.0,"key":"SpeedPotion"},{"floor":7.0,"key":"LiquidBronze"},{"floor":10.0,"key":"FearPotion"},{"floor":12.0,"key":"Energy Potion"},{"floor":18.0,"key":"Weak Potion"},{"floor":27.0,"key":"Regen Potion"},{"floor":33.0,"key":"Energy Potion"},{"floor":38.0,"key":"Energy Potion"}],"is_trial":false,"path_per_floor":["M","?","?","$","?","E","M","E","T","M","$","E","T","M","R","B",null,"M","?","$","?","M","E","$","?","T","M","?","E","R","E","R","B",null,"M","?","M","M","$","E","R","M","T","M","E","$","R","E","R","B",null],"character_chosen":"THE_SILENT","items_purchased":["Night Terror"],"campfire_rested":1,"item_purchase_floors":[46],"current_hp_per_floor":[70,75,68,68,53,52,52,52,52,52,52,52,52,52,52,52,75,75,75,75,61,61,61,61,61,61,61,61,61,61,68,68,68,92,92,92,92,92,92,92,92,92,92,88,88,88,88,88,92,89],"gold":171,"neow_bonus":"BOSS_RELIC","is_prod":false,"is_daily":false,"chose_seed":false,"campfire_upgraded":4,"win_rate":0,"timestamp":1566794100,"path_taken":["M","?","?","$","?","E","M","E","T","?","$","E","?","M","R","BOSS","M","?","$","?","M","E","$","?","T","M","?","E","R","E","R","BOSS","M","?","M","M","$","E","R","?","T","M","E","$","R","E","R","BOSS"],"build_version":"2019-08-23","purchased_purges":5,"victory":true,"max_hp_per_floor":[70,75,75,75,75,75,75,75,75,75,75,75,75,75,75,75,75,75,75,75,80,80,80,80,80,80,80,80,80,80,87,87,87,92,92,92,92,92,92,92,92,92,92,92,92,92,92,92,92,92],"card_choices":[{"not_picked":["Quick Slash","Sucker Punch","Masterful Stab"],"picked":"SKIP","floor":6.0},{"not_picked":["Noxious Fumes","Deflect","Distraction"],"picked":"SKIP","floor":7.0},{"not_picked":["Escape Plan","Adrenaline","Underhanded Strike"],"picked":"SKIP","floor":8.0},{"not_picked":["Backflip","Blur","Expertise"],"picked":"SKIP","floor":10.0},{"not_picked":["Quick Slash","Distraction","Backflip"],"picked":"SKIP","floor":12.0},{"not_picked":["Outmaneuver","Underhanded Strike","Acrobatics"],"picked":"SKIP","floor":14.0},{"not_picked":["Setup"],"picked":"SKIP","floor":22.0},{"not_picked":["Cloak And Dagger"],"picked":"SKIP","floor":23.0},{"not_picked":["PiercingWail"],"picked":"SKIP","floor":27.0},{"not_picked":["Deadly Poison"],"picked":"SKIP","floor":29.0},{"not_picked":["All Out Attack"],"picked":"SKIP","floor":31.0},{"not_picked":["Infinite Blades"],"picked":"SKIP","floor":35.0},{"not_picked":["Quick Slash+1"],"picked":"SKIP","floor":37.0},{"not_picked":["Deadly Poison"],"picked":"SKIP","floor":38.0},{"not_picked":["Venomology"],"picked":"SKIP","floor":40.0},{"not_picked":["Infinite Blades+1"],"picked":"SKIP","floor":42.0},{"not_picked":["Underhanded Strike"],"picked":"SKIP","floor":44.0},{"not_picked":["Blade Dance+1"],"picked":"SKIP","floor":45.0},{"not_picked":["Leg Sweep+1"],"picked":"SKIP","floor":48.0}],"player_experience":1442724,"relics_obtained":[{"floor":6.0,"key":"Gambling Chip"},{"floor":8.0,"key":"Regal Pillow"},{"floor":9.0,"key":"The Courier"},{"floor":12.0,"key":"Potion Belt"},{"floor":13.0,"key":"Paper Crane"},{"floor":23.0,"key":"Gremlin Horn"},{"floor":26.0,"key":"Ninja Scroll"},{"floor":29.0,"key":"Bottled Flame"},{"floor":31.0,"key":"Strawberry"},{"floor":40.0,"key":"The Specimen"},{"floor":43.0,"key":"Omamori"},{"floor":45.0,"key":"Calipers"},{"floor":48.0,"key":"Ornamental Fan"}],"event_choices":[{"damage_healed":0.0,"max_hp_gain":5.0,"max_hp_loss":0.0,"gold_gain":0.0,"event_name":"Big Fish","player_choice":"Donut","floor":2.0,"gold_loss":0.0,"damage_taken":0.0},{"cards_removed":["Riddle With Holes"],"damage_healed":0.0,"max_hp_gain":0.0,"max_hp_loss":0.0,"gold_gain":0.0,"event_name":"Golden Wing","player_choice":"Card Removal","floor":3.0,"gold_loss":0.0,"damage_taken":7.0},{"damage_healed":0.0,"max_hp_gain":0.0,"max_hp_loss":0.0,"gold_gain":0.0,"event_name":"Shining Light","player_choice":"Entered Light","floor":5.0,"gold_loss":0.0,"damage_taken":15.0,"cards_upgraded":["Dash","Doppelganger"]},{"damage_healed":0.0,"max_hp_gain":0.0,"max_hp_loss":0.0,"gold_gain":0.0,"event_name":"Vampires","player_choice":"Ignored","floor":19.0,"gold_loss":0.0,"damage_taken":0.0},{"damage_healed":0.0,"max_hp_gain":5.0,"max_hp_loss":0.0,"gold_gain":0.0,"event_name":"Forgotten Altar","player_choice":"Shed Blood","floor":21.0,"gold_loss":0.0,"damage_taken":19.0},{"damage_healed":0.0,"max_hp_gain":0.0,"max_hp_loss":0.0,"gold_gain":0.0,"event_name":"The Mausoleum","player_choice":"Opened","floor":28.0,"gold_loss":0.0,"damage_taken":0.0,"relics_obtained":["Snake Skull"]},{"damage_healed":0.0,"max_hp_gain":0.0,"max_hp_loss":0.0,"gold_gain":0.0,"event_name":"Match and Keep!","player_choice":"0 cards matched","floor":36.0,"gold_loss":0.0,"damage_taken":0.0,"cards_obtained":[]}],"is_beta":true,"boss_relics":[{"not_picked":["Snecko Eye","Eternal Feather"],"picked":"Busted Crown"},{"not_picked":["HoveringKite","White Beast Statue"],"picked":"Tiny House"}],"items_purged_floors":[4,11,20,24,39],"is_endless":false,"potions_floor_spawned":[1,7,10,12,18,27,33,38,40,42],"ascension_level":1}