{"gold_per_floor":[112,37,1,1,28,40,85,97,109,42,55,93,116,134,134,224,224,224,224,224,68,68,68,68],"floor_reached":24,"playtime":663,"items_purged":[],"score":494,"play_id":"b6a1ab7d-2dce-4011-a08b-e7d92874272d","local_time":"20190213143251","is_ascension_mode":true,"campfire_choices":[{"data":"Zap","floor":6.0,"key":"SMITH"},{"data":"Hello World","floor":8.0,"key":"SMITH"},{"data":"Beam Cell","floor":15.0,"key":"SMITH"}],"neow_cost":"NONE","seed_source_timestamp":13245198411401,"circlet_count":0,"master_deck":["AscendersBane","Strike_B","Strike_B","Defend_B","Defend_B","Defend_B","Defend_B","Zap+1","Dualcast","Hello World+1","Hello World","FTL","Hologram","Ball Lightning","Leap","Cold Snap","Conserve Battery","Beam Cell+1","All For One","Sunder","Streamline+1","Defragment+1","Stack","Cold Snap","Creative AI+1"],"special_seed":0,"relics":["Cracked Core","NeowsBlessing","Golden Idol","MawBank","Pantograph","Mummified Hand","Frozen Egg 2","Ectoplasm","Question Card"],"potions_floor_usage":[23],"damage_taken":[{"damage":0.0,"enemies":"Jaw Worm","floor":1.0,"turns":1.0},{"damage":0.0,"enemies":"Gremlin Nob","floor":7.0,"turns":1.0},{"damage":0.0,"enemies":"Small Slimes","floor":11.0,"turns":1.0},{"damage":8.0,"enemies":"3 Sentries","floor":12.0,"turns":6.0},{"damage":0.0,"enemies":"Cultist","floor":13.0,"turns":3.0},{"damage":5.0,"enemies":"2 Fungi Beasts","floor":14.0,"turns":3.0},{"damage":14.0,"enemies":"Slime Boss","floor":16.0,"turns":8.0},{"damage":0.0,"enemies":"Chosen","floor":18.0,"turns":3.0},{"damage":12.0,"enemies":"3 Byrds","floor":20.0,"turns":5.0},{"damage":35,"enemies":"Book of Stabbing","floor":23,"turns":7},{"damage":18,"enemies":"Snecko","floor":24,"turns":2}],"seed_played":"-7092373922432323940","potions_obtained":[{"floor":1.0,"key":"SkillPotion"},{"floor":12.0,"key":"Energy Potion"},{"floor":14.0,"key":"AttackPotion"},{"floor":16.0,"key":"Weak Potion"},{"floor":20.0,"key":"EssenceOfSteel"}],"is_trial":false,"path_per_floor":["M","?","$","?","T","R","E","R","T","$","M","E","M","M","R","B",null,"M","?","M","$","?","E","M"],"character_chosen":"DEFECT","items_purchased":["Hello World","Hologram","Ball Lightning","Defragment+1","Stack","Cold Snap"],"campfire_rested":0,"item_purchase_floors":[3,10,10,21,21,21],"current_hp_per_floor":[64,64,64,64,64,64,64,64,64,64,64,56,56,51,51,50,61,61,61,49,49,45,10,0],"gold":68,"neow_bonus":"THREE_ENEMY_KILL","is_prod":false,"is_daily":false,"chose_seed":false,"campfire_upgraded":3,"win_rate":0,"timestamp":1550097171,"path_taken":["M","?","$","?","?","R","E","R","T","$","M","E","M","M","R","BOSS","M","?","?","$","?","E","?"],"build_version":"2019-02-06","purchased_purges":0,"victory":false,"max_hp_per_floor":[71,71,71,64,64,64,64,64,64,64,64,64,64,64,64,64,64,64,64,64,64,64,64,64],"card_choices":[{"not_picked":["FTL","Sunder"],"picked":"Hello World","floor":1.0},{"not_picked":["Gash","Steam Power"],"picked":"FTL","floor":7.0},{"not_picked":["Ball Lightning","Self Repair"],"picked":"Leap","floor":11.0},{"not_picked":["Skim","Streamline"],"picked":"Cold Snap","floor":12.0},{"not_picked":["Beam Cell","Force Field"],"picked":"Conserve Battery","floor":13.0},{"not_picked":["Chill","Coolheaded"],"picked":"Beam Cell","floor":14.0},{"not_picked":["Fission","Reboot"],"picked":"All For One","floor":16.0},{"not_picked":["Sweeping Beam+1","Ball Lightning"],"picked":"Sunder","floor":18.0},{"not_picked":["Leap","Recycle"],"picked":"Streamline+1","floor":20.0},{"not_picked":["Barrage","Leap"],"picked":"Creative AI+1","floor":23}],"player_experience":1155346,"relics_obtained":[{"floor":5.0,"key":"MawBank"},{"floor":7.0,"key":"Pantograph"},{"floor":9.0,"key":"Mummified Hand"},{"floor":12.0,"key":"Frozen Egg 2"},{"floor":23,"key":"Question Card"}],"event_choices":[{"cards_removed":["Strike_B"],"damage_healed":0.0,"max_hp_gain":0.0,"max_hp_loss":0.0,"gold_gain":0.0,"event_name":"The Cleric","player_choice":"Card Removal","floor":2.0,"gold_loss":75.0,"damage_taken":0.0},{"damage_healed":0.0,"max_hp_gain":0.0,"max_hp_loss":7.0,"gold_gain":0.0,"event_name":"Golden Idol","player_choice":"Lose Max HP","floor":4.0,"gold_loss":0.0,"damage_taken":0.0,"relics_obtained":["Golden Idol"]},{"cards_removed":["Strike_B"],"damage_healed":0.0,"max_hp_gain":0.0,"max_hp_loss":0.0,"gold_gain":0.0,"event_name":"Bonfire Elementals","player_choice":"Offered Basic","floor":19.0,"gold_loss":0.0,"damage_taken":0.0},{"damage_healed":0.0,"max_hp_gain":0.0,"max_hp_loss":0.0,"gold_gain":0.0,"event_name":"The Woman in Blue","player_choice":"Bought 0 Potions","floor":22.0,"gold_loss":0.0,"damage_taken":0.0}],"is_beta":true,"boss_relics":[{"not_picked":["Nuclear Battery","FrozenCore"],"picked":"Ectoplasm"}],"items_purged_floors":[],"is_endless":false,"potions_floor_spawned":[1,12,14,16,20],"killed_by":"Snecko","ascension_level":20}