{"gold_per_floor":[118,118,20,31,31,56,71,131,131,131,131,147,147,147,147,243,243,255,255,354,365,365,365,398,398,398,413,438,448,465,365,365,465,465,482,357,375,388,388,388,416,173,173,173,189,217,95,95,95,95],"floor_reached":51,"playtime":809,"items_purged":["Defend_R","Defend_R","Strike_R"],"score":981,"play_id":"fee93356-b853-4c08-9742-7e85cea0c41f","local_time":"20190202143315","is_ascension_mode":true,"campfire_choices":[{"data":"Bash","floor":10.0,"key":"SMITH"},{"data":"Clash","floor":13.0,"key":"SMITH"},{"floor":15.0,"key":"REST"},{"data":"Battle Trance","floor":23.0,"key":"SMITH"},{"data":"Defend_R","floor":25.0,"key":"PURGE"},{"floor":32.0,"key":"REST"},{"data":"Strike_R+1","floor":40,"key":"PURGE"},{"floor":49,"key":"RECALL"}],"neow_cost":"NONE","seed_source_timestamp":39870152000547,"circlet_count":0,"master_deck":["Bash+1","Clash+1","Clash+1","Battle Trance+1","Dual Wield+1"],"special_seed":0,"relics":["Philosopher\u0027s Stone","Mummified Hand","Letter Opener","Singing Bowl","Runic Dome","FaceOfCleric","Peace Pipe","Shuriken","Omamori","Empty Cage","The Courier","Blood Vial","Anchor","Paper Frog","Kunai","Orichalcum"],"potions_floor_usage":[41],"damage_taken":[{"damage":7.0,"enemies":"Jaw Worm","floor":1.0,"turns":2.0},{"damage":0.0,"enemies":"Cultist","floor":4.0,"turns":2.0},{"damage":12.0,"enemies":"Gremlin Nob","floor":6.0,"turns":3.0},{"damage":0.0,"enemies":"2 Louse","floor":7.0,"turns":1.0},{"damage":12.0,"enemies":"Gremlin Nob","floor":8.0,"turns":3.0},{"damage":0.0,"enemies":"2 Fungi Beasts","floor":12.0,"turns":2.0},{"damage":34.0,"enemies":"The Guardian","floor":16.0,"turns":6.0},{"damage":7.0,"enemies":"Chosen","floor":18.0,"turns":2.0},{"damage":6.0,"enemies":"Shell Parasite","floor":21.0,"turns":3.0},{"damage":15.0,"enemies":"Book of Stabbing","floor":24.0,"turns":3.0},{"damage":19.0,"enemies":"Snake Plant","floor":27.0,"turns":2.0},{"damage":24.0,"enemies":"Slavers","floor":28.0,"turns":3.0},{"damage":14.0,"enemies":"Shelled Parasite and Fungi","floor":29.0,"turns":2.0},{"damage":0.0,"enemies":"Sentry and Sphere","floor":30.0,"turns":1.0},{"damage":0.0,"enemies":"Collector","floor":33.0,"turns":2.0},{"damage":0.0,"enemies":"3 Darklings","floor":35.0,"turns":2.0},{"damage":0.0,"enemies":"Orb Walker","floor":37.0,"turns":1.0},{"damage":22,"enemies":"4 Shapes","floor":38,"turns":2},{"damage":0,"enemies":"Nemesis","floor":41,"turns":1},{"damage":0,"enemies":"Writhing Mass","floor":45,"turns":1},{"damage":0,"enemies":"Reptomancer","floor":46,"turns":2},{"damage":38,"enemies":"Time Eater","floor":50,"turns":3}],"seed_played":"8085437929896800106","potions_obtained":[{"floor":1.0,"key":"PowerPotion"},{"floor":27.0,"key":"Strength Potion"},{"floor":29.0,"key":"Dexterity Potion"},{"floor":33.0,"key":"BloodPotion"},{"floor":35.0,"key":"Fire Potion"},{"floor":41,"key":"Weak Potion"}],"is_trial":false,"path_per_floor":["M","?","$","M","$","E","M","?","T","R","?","M","R","?","R","B",null,"M","?","?","M","?","R","E","R","T","M","E","M","M","$","R","B",null,"M","$","M","M","?","R","E","$","T","?","M","E","$","?","R","B",null],"character_chosen":"IRONCLAD","items_purchased":["Clash","Blood Vial","Anchor","Orichalcum"],"campfire_rested":2,"item_purchase_floors":[3,42,42,47],"current_hp_per_floor":[73,73,73,73,73,61,61,49,49,49,33,33,33,33,57,25,82,77,77,77,71,71,71,59,59,59,41,20,9,12,12,41,44,100,103,103,106,87,87,87,90,90,90,112,115,118,118,118,118,81],"gold":95,"neow_bonus":"BOSS_RELIC","is_prod":false,"is_daily":false,"chose_seed":true,"campfire_upgraded":3,"win_rate":0,"timestamp":1549146795,"path_taken":["M","?","?","?","$","E","M","?","T","R","?","M","R","?","R","BOSS","M","?","?","M","?","R","E","R","T","M","E","M","?","$","R","BOSS","M","$","M","M","?","R","E","$","T","?","M","E","?","?","R","BOSS"],"build_version":"2019-01-23","purchased_purges":3,"victory":true,"max_hp_per_floor":[80,80,80,80,80,80,80,80,80,80,80,80,80,80,80,82,82,84,84,84,84,84,84,87,87,87,88,91,94,97,97,97,100,100,103,103,106,109,109,109,112,112,112,112,115,118,118,118,118,119],"card_choices":[{"not_picked":["Dropkick","Perfected Strike"],"picked":"Clash","floor":12.0},{"not_picked":["Exhume","Dark Embrace","Fiend Fire"],"picked":"Singing Bowl","floor":16.0},{"not_picked":["Clothesline+1","Intimidate","Sever Soul"],"picked":"Singing Bowl","floor":18.0},{"not_picked":["Warcry","Iron Wave"],"picked":"Battle Trance","floor":21.0},{"not_picked":["Iron Wave","Havoc","Disarm"],"picked":"Singing Bowl","floor":24.0},{"not_picked":["Warcry","Heavy Blade"],"picked":"Dual Wield+1","floor":27.0},{"not_picked":["Cleave","Metallicize","Corruption+1"],"picked":"Singing Bowl","floor":28.0},{"not_picked":["Anger","True Grit+1","Sever Soul+1"],"picked":"Singing Bowl","floor":29.0},{"not_picked":["Pommel Strike","Flex","Impervious"],"picked":"Singing Bowl","floor":30.0},{"not_picked":["Offering","Dark Embrace","Bludgeon"],"picked":"Singing Bowl","floor":33.0},{"not_picked":["Twin Strike","Reckless Charge","Clash+1"],"picked":"Singing Bowl","floor":35.0},{"not_picked":["Evolve+1","Body Slam","Perfected Strike"],"picked":"Singing Bowl","floor":37.0},{"not_picked":["Sword Boomerang+1","Whirlwind","Shrug It Off"],"picked":"Singing Bowl","floor":38},{"not_picked":["Havoc","Clash+1","Wild Strike"],"picked":"Singing Bowl","floor":41},{"not_picked":["Hemokinesis","Infernal Blade+1","Fire Breathing"],"picked":"Singing Bowl","floor":45},{"not_picked":["Shrug It Off","Burning Pact+1","Warcry+1"],"picked":"Singing Bowl","floor":46}],"player_experience":1103030,"relics_obtained":[{"floor":6.0,"key":"Mummified Hand"},{"floor":8.0,"key":"Letter Opener"},{"floor":9.0,"key":"Singing Bowl"},{"floor":24.0,"key":"Peace Pipe"},{"floor":26.0,"key":"Shuriken"},{"floor":28.0,"key":"Omamori"},{"floor":41,"key":"The Courier"},{"floor":43,"key":"Paper Frog"},{"floor":46,"key":"Kunai"}],"event_choices":[{"cards_removed":["Defend_R"],"damage_healed":0.0,"max_hp_gain":0.0,"max_hp_loss":0.0,"gold_gain":0.0,"event_name":"Purifier","player_choice":"Purged","floor":2.0,"gold_loss":0.0,"damage_taken":0.0},{"damage_healed":0.0,"max_hp_gain":0.0,"max_hp_loss":0.0,"gold_gain":0.0,"event_name":"Dead Adventurer","player_choice":"Searched \u00271\u0027 times","floor":8.0,"gold_loss":0.0,"damage_taken":0.0},{"damage_healed":0.0,"max_hp_gain":0.0,"max_hp_loss":0.0,"gold_gain":0.0,"event_name":"Shining Light","player_choice":"Entered Light","floor":11.0,"gold_loss":0.0,"damage_taken":16.0,"cards_upgraded":["Clash","Strike_R"]},{"cards_removed":["Strike_R"],"damage_healed":0.0,"max_hp_gain":0.0,"max_hp_loss":0.0,"gold_gain":0.0,"event_name":"Living Wall","player_choice":"Forget","floor":14.0,"gold_loss":0.0,"damage_taken":0.0},{"damage_healed":0.0,"max_hp_gain":0.0,"max_hp_loss":0.0,"gold_gain":0.0,"event_name":"Ghosts","player_choice":"Ignored","floor":19.0,"gold_loss":0.0,"damage_taken":0.0},{"damage_healed":0.0,"max_hp_gain":0.0,"max_hp_loss":0.0,"gold_gain":99.0,"event_name":"Nest","player_choice":"Stole From Cult","floor":20.0,"gold_loss":0.0,"damage_taken":0.0},{"damage_healed":0.0,"max_hp_gain":0.0,"max_hp_loss":0.0,"gold_gain":0.0,"event_name":"FaceTrader","player_choice":"Trade","floor":22.0,"gold_loss":0.0,"damage_taken":0.0,"relics_obtained":["FaceOfCleric"]},{"damage_healed":0,"gold_gain":0,"player_choice":"Ignored","damage_taken":0,"max_hp_gain":0,"max_hp_loss":0,"event_name":"Tomb of Lord Red Mask","floor":39,"gold_loss":0},{"damage_healed":28,"gold_gain":0,"player_choice":"Writhe","damage_taken":0,"max_hp_gain":0,"max_hp_loss":0,"event_name":"Winding Halls","floor":44,"gold_loss":0,"cards_obtained":["Writhe"]},{"damage_healed":0,"gold_gain":0,"player_choice":"Ignored","damage_taken":0,"max_hp_gain":0,"max_hp_loss":0,"event_name":"NoteForYourself","floor":48,"gold_loss":0}],"is_beta":true,"boss_relics":[{"not_picked":["Mark of Pain","Snecko Eye"],"picked":"Runic Dome"},{"not_picked":["Cursed Key","Orrery"],"picked":"Empty Cage"}],"items_purged_floors":[3,31,36],"is_endless":false,"potions_floor_spawned":[1,27,29,33,35,41],"ascension_level":1}