{"gold_per_floor":[119,135,135,135,147,147,178,192,192,205,230,230,261,90,90,168,168,186,186,30,30,44,44,44,44,44,44,55,55,70,104,104,181,181,193,193,193,193,193,193,225,225,225,260,33,65,75,50,50,50,50],"floor_reached":51,"playtime":2904,"items_purged":["Strike_B","Strike_B"],"score":1734,"play_id":"fcc14547-61f0-47cc-9a93-6ff16abda6b4","local_time":"20190327191232","is_ascension_mode":true,"campfire_choices":[{"data":"Doom and Gloom","floor":6.0,"key":"SMITH"},{"data":"Dualcast","floor":12.0,"key":"SMITH"},{"data":"Loop","floor":15.0,"key":"SMITH"},{"data":"Redo","floor":23.0,"key":"SMITH"},{"floor":25.0,"key":"REST"},{"data":"Hello World","floor":27.0,"key":"SMITH"},{"floor":32.0,"key":"REST"},{"data":"Fission","floor":40,"key":"SMITH"},{"data":"Hello World","floor":42,"key":"SMITH"},{"floor":49,"key":"REST"}],"neow_cost":"NONE","seed_source_timestamp":25643438044362,"circlet_count":0,"master_deck":["AscendersBane","Defend_B+1","Zap+1","Dualcast+1","Doom and Gloom+1","Cold Snap","Ball Lightning","Leap","Cold Snap","Loop+1","Hello World+1","Conserve Battery","Echo Form","Hello World+1","Hello World","Redo+1","White Noise+1","Turbo","Coolheaded","Cold Snap","Buffer","Reprogram","Conserve Battery","Fission+1","Skim+1","Fusion+1","Skim+1","White Noise+1","Hello World","Glacier+1","Stack"],"special_seed":0,"relics":["Cracked Core","NeowsBlessing","Pear","Singing Bowl","Juzu Bracelet","Art of War","Orrery","Enchiridion","Blood Vial","Oddly Smooth Stone","Astrolabe","Bag of Preparation","Mercury Hourglass","Darkstone Periapt","OrangePellets","PreservedInsect"],"potions_floor_usage":[35,50],"damage_taken":[{"damage":0.0,"enemies":"Jaw Worm","floor":1.0,"turns":1.0},{"damage":0.0,"enemies":"Cultist","floor":2.0,"turns":1.0},{"damage":0.0,"enemies":"2 Louse","floor":5.0,"turns":1.0},{"damage":10.0,"enemies":"3 Sentries","floor":7.0,"turns":3.0},{"damage":1.0,"enemies":"Blue Slaver","floor":8.0,"turns":3.0},{"damage":7.0,"enemies":"2 Fungi Beasts","floor":10.0,"turns":3.0},{"damage":4.0,"enemies":"Lagavulin","floor":11.0,"turns":6.0},{"damage":6.0,"enemies":"3 Sentries","floor":13.0,"turns":4.0},{"damage":32.0,"enemies":"The Guardian","floor":16.0,"turns":7.0},{"damage":5.0,"enemies":"Chosen","floor":18.0,"turns":5.0},{"damage":22.0,"enemies":"2 Thieves","floor":22.0,"turns":4.0},{"damage":16.0,"enemies":"Centurion and Healer","floor":28.0,"turns":5.0},{"damage":2.0,"enemies":"Snecko","floor":30.0,"turns":3.0},{"damage":39.0,"enemies":"Slavers","floor":31.0,"turns":6.0},{"damage":0.0,"enemies":"Champ","floor":33.0,"turns":11.0},{"damage":19,"enemies":"3 Shapes","floor":35,"turns":7},{"damage":6,"enemies":"Nemesis","floor":41,"turns":9},{"damage":0,"enemies":"Reptomancer","floor":44,"turns":5},{"damage":0,"enemies":"Nemesis","floor":46,"turns":9},{"damage":11,"enemies":"Orb Walker","floor":47,"turns":3},{"damage":95,"enemies":"Awakened One","floor":50,"turns":20},{"damage":13,"enemies":"Time Eater","floor":51,"turns":13}],"seed_played":"-8490355429048640745","potions_obtained":[{"floor":1.0,"key":"Explosive Potion"},{"floor":8.0,"key":"Dexterity Potion"},{"floor":10.0,"key":"Explosive Potion"},{"floor":11.0,"key":"Regen Potion"},{"floor":13.0,"key":"FocusPotion"},{"floor":28.0,"key":"EntropicBrew"},{"floor":30.0,"key":"Regen Potion"},{"floor":33.0,"key":"Energy Potion"},{"floor":44,"key":"AttackPotion"}],"is_trial":false,"path_per_floor":["M","M","?","?","M","R","E","M","T","M","E","R","E","$","R","B",null,"M","?","$","?","M","R","?","R","T","R","M","?","M","E","R","B",null,"M","$","?","?","?","R","E","R","T","E","$","E","M","$","R","B","B"],"character_chosen":"DEFECT","items_purchased":["Hello World","Conserve Battery","Coolheaded","OrangePellets","Stack"],"campfire_rested":3,"item_purchase_floors":[14,14,20,45,48],"current_hp_per_floor":[64,64,43,43,43,43,43,42,42,35,33,33,39,39,39,7,66,61,61,61,61,39,39,18,43,43,43,31,31,31,9,35,39,77,60,60,60,60,60,60,58,58,58,62,62,64,55,55,82,9,0],"gold":50,"neow_bonus":"THREE_ENEMY_KILL","is_prod":false,"is_daily":false,"chose_seed":false,"campfire_upgraded":7,"win_rate":0,"timestamp":1553739152,"path_taken":["M","M","?","?","M","R","E","M","T","M","E","R","E","$","R","BOSS","M","?","$","?","M","R","?","R","T","R","M","?","M","E","R","BOSS","M","$","?","?","?","R","E","R","T","E","$","E","M","?","R","BOSS","BOSS"],"build_version":"2019-03-15","purchased_purges":2,"victory":false,"max_hp_per_floor":[71,71,71,71,71,71,81,81,81,81,83,83,83,83,83,83,85,85,85,85,85,85,85,85,85,85,85,87,87,87,87,87,89,89,89,89,89,89,89,89,91,91,91,93,93,93,93,93,93,93,93],"card_choices":[{"not_picked":["Rip and Tear","Redo"],"picked":"Cold Snap","floor":1.0},{"not_picked":["Turbo","Barrage"],"picked":"Doom and Gloom","floor":2.0},{"not_picked":["Melter","Gash"],"picked":"Cold Snap","floor":5.0},{"not_picked":["Storm","Go for the Eyes"],"picked":"Ball Lightning","floor":7.0},{"not_picked":["Beam Cell","Gash"],"picked":"Leap","floor":8.0},{"not_picked":["Machine Learning","Undo"],"picked":"Cold Snap","floor":10.0},{"not_picked":["Barrage","Steam Power","Loop"],"picked":"Singing Bowl","floor":11.0},{"not_picked":["Sunder","Coolheaded"],"picked":"Loop","floor":13.0},{"not_picked":["Fission","Multi-Cast"],"picked":"Echo Form","floor":16.0},{"not_picked":["Force Field","Rip and Tear"],"picked":"Hello World","floor":17.0},{"not_picked":["Chaos","Tempest"],"picked":"Hello World","floor":17.0},{"not_picked":["Beam Cell","Compile Driver"],"picked":"Redo","floor":17.0},{"not_picked":["Scrape","Double Energy"],"picked":"White Noise","floor":17.0},{"not_picked":["Streamline","Melter","Beam Cell"],"picked":"Singing Bowl","floor":17.0},{"not_picked":["Rebound","Streamline"],"picked":"Turbo","floor":18.0},{"not_picked":["Go for the Eyes","Compile Driver"],"picked":"Cold Snap","floor":22.0},{"not_picked":["Hyperbeam","Consume","Rip and Tear+1"],"picked":"Singing Bowl","floor":28.0},{"not_picked":["Steam","Coolheaded"],"picked":"Conserve Battery","floor":30.0},{"not_picked":["Fusion","Leap"],"picked":"Fission","floor":31.0},{"not_picked":["Machine Learning","Meteor Strike","Echo Form"],"picked":"Singing Bowl","floor":33.0},{"not_picked":["Conserve Battery","Go for the Eyes"],"picked":"White Noise+1","floor":35},{"not_picked":["Steam Power","Redo","Barrage"],"picked":"Singing Bowl","floor":41},{"not_picked":["Redo","Leap","Sweeping Beam+1"],"picked":"Singing Bowl","floor":44},{"not_picked":["Self Repair","Capacitor"],"picked":"Hello World","floor":46},{"not_picked":["Gash+1","Blizzard+1"],"picked":"Glacier+1","floor":47}],"player_experience":1372222,"relics_obtained":[{"floor":7.0,"key":"Pear"},{"floor":9.0,"key":"Singing Bowl"},{"floor":11.0,"key":"Juzu Bracelet"},{"floor":13.0,"key":"Art of War"},{"floor":24.0,"key":"Enchiridion"},{"floor":26.0,"key":"Blood Vial"},{"floor":31.0,"key":"Oddly Smooth Stone"},{"floor":41,"key":"Bag of Preparation"},{"floor":43,"key":"Mercury Hourglass"},{"floor":44,"key":"Darkstone Periapt"},{"floor":46,"key":"PreservedInsect"}],"event_choices":[{"damage_healed":0.0,"max_hp_gain":0.0,"max_hp_loss":0.0,"gold_gain":0.0,"event_name":"Shining Light","player_choice":"Entered Light","floor":3.0,"gold_loss":0.0,"damage_taken":21.0,"cards_upgraded":["Defend_B","Defend_B"]},{"damage_healed":0.0,"max_hp_gain":0.0,"max_hp_loss":0.0,"gold_gain":0.0,"event_name":"Living Wall","player_choice":"Grow","floor":4.0,"gold_loss":0.0,"damage_taken":0.0,"cards_upgraded":["Zap"]},{"damage_healed":0.0,"max_hp_gain":0.0,"max_hp_loss":0.0,"gold_gain":0.0,"event_name":"Upgrade Shrine","player_choice":"Upgraded","floor":19.0,"gold_loss":0.0,"damage_taken":0.0,"cards_upgraded":["White Noise"]},{"damage_healed":0.0,"max_hp_gain":0.0,"max_hp_loss":0.0,"gold_gain":0.0,"event_name":"Beggar","player_choice":"Ignored","floor":21.0,"gold_loss":0.0,"damage_taken":0.0},{"damage_healed":0.0,"max_hp_gain":0.0,"max_hp_loss":0.0,"gold_gain":0.0,"event_name":"Cursed Tome","player_choice":"Obtained Book","floor":24.0,"gold_loss":0.0,"damage_taken":21.0},{"damage_healed":0.0,"max_hp_gain":0.0,"max_hp_loss":0.0,"gold_gain":0.0,"cards_transformed":["Strike_B","Strike_B"],"event_name":"Drug Dealer","player_choice":"Became Test Subject","floor":29.0,"gold_loss":0.0,"damage_taken":0.0,"cards_obtained":["Buffer","Reprogram"]},{"damage_healed":0,"gold_gain":0,"player_choice":"Ignored","damage_taken":0,"max_hp_gain":0,"max_hp_loss":0,"event_name":"Tomb of Lord Red Mask","floor":37,"gold_loss":0},{"cards_removed":["Cold Snap"],"damage_healed":0,"gold_gain":0,"player_choice":"Removed Attack","damage_taken":0,"max_hp_gain":0,"max_hp_loss":0,"event_name":"Falling","floor":38,"gold_loss":0},{"damage_healed":0,"gold_gain":0,"player_choice":"Ignored","damage_taken":0,"max_hp_gain":0,"max_hp_loss":0,"event_name":"Mysterious Sphere","floor":39,"gold_loss":0}],"is_beta":true,"boss_relics":[{"not_picked":["Eternal Feather","Tiny House"],"picked":"Orrery"},{"not_picked":["Runic Pyramid","Calling Bell"],"picked":"Astrolabe"}],"items_purged_floors":[14,20],"is_endless":false,"potions_floor_spawned":[1,8,10,11,13,28,30,33,44],"killed_by":"Time Eater","ascension_level":20}