{"path_per_floor":["M","?","?","M","M","E","R","M","T","M","M","E","R","T","R"],"character_chosen":"IRONCLAD","items_purchased":[],"gold_per_floor":[12,12,12,27,46,79,79,98,171,189,200,231,231,231,231,231],"floor_reached":16,"campfire_rested":2,"playtime":912,"item_purchase_floors":[],"current_hp_per_floor":[80,68,68,74,80,28,52,52,52,58,64,44,68,68,68,0],"items_purged":[],"gold":231,"score":112,"play_id":"dff85d9b-4d73-4f4d-bdff-eca7890b9b55","local_time":"20180617112219","is_prod":false,"is_daily":false,"chose_seed":false,"is_ascension_mode":false,"campfire_upgraded":0,"win_rate":0,"timestamp":1529248939,"campfire_choices":[{"floor":7,"key":"REST"},{"floor":13,"key":"REST"},{"data":"Defend_R","floor":15,"key":"PURGE"}],"path_taken":["M","?","?","M","?","E","R","M","T","M","M","E","R","?","R","BOSS"],"build_version":"2018-06-14v2","seed_source_timestamp":309811819595390,"purchased_purges":0,"victory":false,"master_deck":["Strike_R","Strike_R","Strike_R","Defend_R","Defend_R","Bash","Carnage","Pommel Strike","Battle Trance","Clash","Ghostly Armor","Clash","Seeing Red"],"max_hp_per_floor":[80,80,80,80,80,80,80,80,80,80,80,80,80,80,80,80],"special_seed":17699,"relics":["Burning Blood","Peace Pipe","Boot","Bottled Flame","Mummified Hand","Centennial Puzzle"],"card_choices":[{"not_picked":["Entrench","Corruption"],"picked":"Carnage","floor":1},{"not_picked":["Iron Wave","Dual Wield"],"picked":"Pommel Strike","floor":4},{"not_picked":["Iron Wave","Fire Breathing"],"picked":"Battle Trance","floor":5},{"not_picked":["Intimidate","Uppercut"],"picked":"Clash","floor":6},{"not_picked":["Combust","Hemokinesis"],"picked":"Ghostly Armor","floor":8},{"not_picked":["Pommel Strike","Headbutt"],"picked":"Clash","floor":10},{"not_picked":["Cleave","Havoc","Dark Embrace"],"picked":"SKIP","floor":11},{"not_picked":["Carnage","Cleave"],"picked":"Seeing Red","floor":12}],"player_experience":115832,"potions_floor_usage":[8,16,16],"damage_taken":[{"damage":1,"enemies":"Jaw Worm","floor":1,"turns":3},{"damage":0,"enemies":"Small Slimes","floor":4,"turns":3},{"damage":0,"enemies":"Cultist","floor":5,"turns":2},{"damage":58,"enemies":"Lagavulin","floor":6,"turns":7},{"damage":14,"enemies":"Lots of Slimes","floor":8,"turns":5},{"damage":0,"enemies":"Exordium Thugs","floor":10,"turns":4},{"damage":0,"enemies":"Exordium Wildlife","floor":11,"turns":4},{"damage":26,"enemies":"Gremlin Nob","floor":12,"turns":5},{"damage":69,"enemies":"Hexaghost","floor":16,"turns":10}],"relics_obtained":[{"floor":6,"key":"Boot"},{"floor":9,"key":"Bottled Flame"},{"floor":12,"key":"Mummified Hand"},{"floor":14,"key":"Centennial Puzzle"}],"event_choices":[{"event_name":"Scrap Ooze","player_choice":"success","floor":2,"damage_taken":12},{"event_name":"Purifier","player_choice":"One Purge","floor":3,"damage_taken":0}],"boss_relics":[],"items_purged_floors":[],"is_endless":false,"potions_floor_spawned":[1,5,10,12],"seed_played":"-6219267593256159336","killed_by":"Hexaghost","ascension_level":0,"potions_obtained":[{"floor":1,"key":"Ancient Potion"},{"floor":5,"key":"BloodPotion"},{"floor":10,"key":"Weak Potion"},{"floor":12,"key":"Dexterity Potion"}],"is_trial":false}