{"gold_per_floor":[112,287,298,298,309,309,323,336,359,359,379,379,379,390,390,495,495,509,179,179,199,210,237,237,265,289,299,224,224],"floor_reached":29,"playtime":1188,"items_purged":["Doubt"],"score":399,"play_id":"c44b9efc-afe2-46bd-ad29-1dbb4beaa7bd","local_time":"20190814233103","is_ascension_mode":true,"campfire_choices":[{"data":"Defragment","floor":6,"key":"SMITH"},{"data":"Zap","floor":10,"key":"SMITH"},{"data":"Dualcast","floor":12,"key":"SMITH"},{"floor":15,"key":"REST"},{"data":"Defragment","floor":24,"key":"SMITH"}],"neow_cost":"NONE","seed_source_timestamp":382920797607100,"circlet_count":0,"master_deck":["Strike_B","Strike_B","Defend_B","Defend_B","Defend_B","Defend_B","Zap+1","Dualcast+1","Consume","Defragment+1","Cold Snap+1","Beam Cell","Coolheaded+1","Defragment+1","Creative AI","Conserve Battery+1","Cold Snap+1","Loop","Coolheaded","Cold Snap+1"],"relics":["Cracked Core","Omamori","Inserter","Bronze Scales","Potion Belt","Lantern"],"potions_floor_usage":[16,19,22,23,29,29],"damage_taken":[{"damage":1,"enemies":"Cultist","floor":1,"turns":3},{"damage":0,"enemies":"2 Louse","floor":3,"turns":1},{"damage":4,"enemies":"Jaw Worm","floor":5,"turns":4},{"damage":7,"enemies":"Red Slaver","floor":7,"turns":3},{"damage":12,"enemies":"Large Slime","floor":8,"turns":6},{"damage":11,"enemies":"Blue Slaver","floor":11,"turns":3},{"damage":0,"enemies":"Red Slaver","floor":14,"turns":3},{"damage":0,"enemies":"The Guardian","floor":16,"turns":13},{"damage":9,"enemies":"Chosen","floor":18,"turns":5},{"damage":14,"enemies":"2 Thieves","floor":21,"turns":4},{"damage":2,"enemies":"Centurion and Healer","floor":22,"turns":10},{"damage":6,"enemies":"Gremlin Leader","floor":23,"turns":10},{"damage":17,"enemies":"Book of Stabbing","floor":25,"turns":5},{"damage":4,"enemies":"Chosen and Byrds","floor":27,"turns":6},{"damage":44,"enemies":"Slavers","floor":29,"turns":3}],"seed_played":"-143446970550398275","potions_obtained":[{"floor":3,"key":"Block Potion"},{"floor":5,"key":"SpeedPotion"},{"floor":11,"key":"FearPotion"},{"floor":21,"key":"Block Potion"},{"floor":25,"key":"FocusPotion"}],"is_trial":false,"path_per_floor":["M","?","M","?","M","R","M","M","T","R","M","R","?","M","R","B",null,"M","$","?","M","M","E","R","E","T","M","?","E"],"character_chosen":"DEFECT","items_purchased":["Fruit Juice","Bronze Scales"],"campfire_rested":1,"item_purchase_floors":[19,19],"current_hp_per_floor":[74,74,74,67,63,63,56,44,44,44,33,33,17,17,41,41,72,63,68,87,73,71,65,65,48,48,44,44,0],"gold":224,"neow_bonus":"TEN_PERCENT_HP_BONUS","is_prod":false,"is_daily":false,"chose_seed":false,"campfire_upgraded":4,"win_rate":0,"timestamp":1565793063,"path_taken":["M","?","M","?","M","R","M","M","T","R","M","R","?","M","R","BOSS","M","$","?","?","M","E","R","E","T","M","?","E"],"build_version":"2019-07-17","purchased_purges":1,"victory":false,"max_hp_per_floor":[82,82,82,82,82,82,82,82,82,82,82,82,82,82,82,82,82,82,87,87,87,87,87,87,87,87,87,87,87],"card_choices":[{"not_picked":["Beam Cell","Melter"],"picked":"Consume","floor":1},{"not_picked":["Hologram","Rip and Tear"],"picked":"Defragment","floor":3},{"not_picked":["Stack","Steam"],"picked":"Cold Snap","floor":5},{"not_picked":["Turbo","Scrape"],"picked":"Beam Cell","floor":7},{"not_picked":["Leap","Ball Lightning"],"picked":"Coolheaded","floor":8},{"not_picked":["Hologram","Rebound"],"picked":"Undo","floor":11},{"not_picked":["Beam Cell","Hologram"],"picked":"Defragment","floor":14},{"not_picked":["Amplify","Fission"],"picked":"Creative AI","floor":16},{"not_picked":["Turbo","Ball Lightning"],"picked":"Conserve Battery+1","floor":18},{"not_picked":["Sweeping Beam","Blizzard"],"picked":"Cold Snap+1","floor":21},{"not_picked":["Skim","Redo"],"picked":"Loop","floor":22},{"not_picked":["Gash+1","Go for the Eyes","Heatsinks"],"picked":"SKIP","floor":23},{"not_picked":["Auto Shields","White Noise"],"picked":"Coolheaded","floor":25},{"not_picked":["Rebound","Compile Driver"],"picked":"Cold Snap+1","floor":27}],"player_experience":151823,"relics_obtained":[{"floor":9,"key":"Omamori"},{"floor":23,"key":"Potion Belt"},{"floor":25,"key":"Lantern"}],"event_choices":[{"damage_healed":0,"gold_gain":175,"player_choice":"AGREE","damage_taken":0,"max_hp_gain":0,"max_hp_loss":0,"event_name":"Liars Game","floor":2,"gold_loss":0,"cards_obtained":["Doubt"]},{"cards_removed":["Strike_B"],"damage_healed":0,"gold_gain":0,"player_choice":"Card Removal","damage_taken":7,"max_hp_gain":0,"max_hp_loss":0,"event_name":"Golden Wing","floor":4,"gold_loss":0},{"damage_healed":0,"gold_gain":0,"player_choice":"Entered Light","damage_taken":16,"max_hp_gain":0,"max_hp_loss":0,"event_name":"Shining Light","floor":13,"gold_loss":0,"cards_upgraded":["Cold Snap","Coolheaded"]},{"cards_removed":["Undo"],"damage_healed":19,"gold_gain":0,"player_choice":"Offered Uncommon","damage_taken":0,"max_hp_gain":0,"max_hp_loss":0,"event_name":"Bonfire Elementals","floor":20,"gold_loss":0},{"cards_removed":["Strike_B"],"damage_healed":0,"gold_gain":0,"player_choice":"Gave Gold","damage_taken":0,"max_hp_gain":0,"max_hp_loss":0,"event_name":"Beggar","floor":28,"gold_loss":75}],"is_beta":false,"boss_relics":[{"not_picked":["Pandora\u0027s Box","Runic Dome"],"picked":"Inserter"}],"items_purged_floors":[19],"is_endless":false,"potions_floor_spawned":[3,5,11,14,21,25],"killed_by":"Slavers","ascension_level":6}