{"gold_per_floor":[118,43,59,70,0,0,29,29,79,109,58,58,73,84,84,158,158,171,190,200,200,213,213,240,240,240,267,277,4,4,23,23,101,101,113,133,133],"floor_reached":37,"playtime":1569,"items_purged":[],"score":912,"play_id":"7c20622d-5dcb-4bed-8f46-9d4690268104","local_time":"20180713020344","is_ascension_mode":true,"campfire_choices":[{"data":"Malaise","floor":6,"key":"SMITH"},{"floor":8,"key":"REST"},{"data":"Neutralize","floor":12,"key":"SMITH"},{"data":"Catalyst","floor":15,"key":"SMITH"},{"data":"After Image","floor":23,"key":"SMITH"},{"data":"Malaise","floor":25,"key":"SMITH"},{"floor":30,"key":"REST"},{"data":"Noxious Fumes","floor":32,"key":"SMITH"}],"neow_cost":"NONE","seed_source_timestamp":248088093534841,"circlet_count":0,"master_deck":["Defend_G","Defend_G","Defend_G","Defend_G","Strike_G","Strike_G","Strike_G","Strike_G","Strike_G","Survivor","Neutralize+1","AscendersBane","Malaise+1","Deflect","Quick Slash","Terror","Dash","Crippling Poison","Deadly Poison","Catalyst+1","Bouncing Flask","After Image+1","Malaise+1","Deadly Poison","PiercingWail","Distraction+1","Noxious Fumes+1","Apotheosis","Night Terror","Burst","Noxious Fumes+1"],"relics":["White Beast Statue","Potion Belt","Pen Nib","Snake Skull","Velvet Choker","Regal Pillow","Happy Flower","Mango","Runic Dome"],"potions_floor_usage":[4,4,10,13,16,19,20,22,27,28,28,33,33,33,36,37,37],"damage_taken":[{"damage":4,"enemies":"2 Louse","floor":1,"turns":4},{"damage":1,"enemies":"Small Slimes","floor":3,"turns":6},{"damage":2,"enemies":"Jaw Worm","floor":4,"turns":4},{"damage":29,"enemies":"Gremlin Nob","floor":7,"turns":6},{"damage":10,"enemies":"3 Sentries","floor":10,"turns":11},{"damage":17,"enemies":"Exordium Thugs","floor":13,"turns":5},{"damage":8,"enemies":"Exordium Wildlife","floor":14,"turns":4},{"damage":0,"enemies":"Hexaghost","floor":16,"turns":8},{"damage":3,"enemies":"Shell Parasite","floor":18,"turns":6},{"damage":0,"enemies":"Chosen","floor":19,"turns":6},{"damage":0,"enemies":"Centurion and Healer","floor":20,"turns":8},{"damage":8,"enemies":"Snake Plant","floor":22,"turns":6},{"damage":8,"enemies":"Book of Stabbing","floor":24,"turns":9},{"damage":0,"enemies":"Gremlin Leader","floor":27,"turns":6},{"damage":1,"enemies":"Sentry and Sphere","floor":28,"turns":3},{"damage":4,"enemies":"Snecko","floor":31,"turns":6},{"damage":27,"enemies":"Collector","floor":33,"turns":7},{"damage":60,"enemies":"3 Darklings","floor":35,"turns":6},{"damage":4,"enemies":"Orb Walker","floor":36,"turns":4},{"damage":8,"enemies":"Transient","floor":37,"turns":2}],"seed_played":"-7484409589061861549","potions_obtained":[{"floor":1,"key":"SteroidPotion"},{"floor":3,"key":"SteroidPotion"},{"floor":4,"key":"Ancient Potion"},{"floor":7,"key":"SpeedPotion"},{"floor":10,"key":"Regen Potion"},{"floor":13,"key":"Dexterity Potion"},{"floor":14,"key":"Regen Potion"},{"floor":16,"key":"SpeedPotion"},{"floor":18,"key":"Swift Potion"},{"floor":19,"key":"FearPotion"},{"floor":20,"key":"AttackPotion"},{"floor":22,"key":"Swift Potion"},{"floor":27,"key":"Energy Potion"},{"floor":28,"key":"AttackPotion"},{"floor":31,"key":"Weak Potion"},{"floor":33,"key":"Strength Potion"},{"floor":35,"key":"PowerPotion"},{"floor":36,"key":"SpeedPotion"}],"is_trial":false,"path_per_floor":["M","?","M","M","$","R","E","R","T","E","$","R","M","M","R","B",null,"M","M","M","?","M","R","E","R","T","E","M","$","R","M","R","B",null,"M","M"],"character_chosen":"THE_SILENT","items_purchased":["Terror","Deadly Poison","Noxious Fumes","Apotheosis"],"campfire_rested":2,"item_purchase_floors":[5,11,29,29],"current_hp_per_floor":[55,55,54,52,52,52,23,42,42,32,32,32,30,22,22,37,59,56,56,56,56,48,48,40,40,40,54,53,53,80,76,76,49,72,12,8,0],"gold":133,"neow_bonus":"BOSS_RELIC","is_prod":false,"is_daily":false,"chose_seed":false,"campfire_upgraded":6,"win_rate":0,"timestamp":1531472624,"path_taken":["M","?","M","M","$","R","E","R","T","E","?","R","M","M","R","BOSS","M","M","M","?","?","R","E","R","T","E","M","$","R","M","R","BOSS","M","?","M"],"build_version":"2018-07-12","purchased_purges":0,"victory":false,"max_hp_per_floor":[66,66,66,66,66,66,66,66,66,66,66,66,66,66,66,66,66,66,66,66,66,66,66,66,66,66,80,80,80,80,80,80,80,80,80,80,80],"card_choices":[{"not_picked":["Outmaneuver","Dagger Throw"],"picked":"Malaise","floor":1},{"not_picked":["Flechettes","Poisoned Stab"],"picked":"Deflect","floor":3},{"not_picked":["Reflex","Deadly Poison"],"picked":"Quick Slash","floor":4},{"not_picked":["Acrobatics","Poisoned Stab"],"picked":"Dash","floor":7},{"not_picked":["Riddle With Holes","Flying Knee"],"picked":"Crippling Poison","floor":10},{"not_picked":["Deflect","Die Die Die"],"picked":"Catalyst","floor":13},{"not_picked":["Quick Slash","Underhanded Strike"],"picked":"Bouncing Flask","floor":14},{"not_picked":["Grand Finale","Glass Knife"],"picked":"After Image","floor":16},{"not_picked":["Riddle With Holes","Flying Knee+1"],"picked":"Malaise","floor":18},{"not_picked":["Endless Agony","PiercingWail"],"picked":"Deadly Poison","floor":20},{"not_picked":["Backflip","Quick Slash"],"picked":"PiercingWail","floor":22},{"not_picked":["Skewer+1","Deadly Poison","Accuracy"],"picked":"SKIP","floor":24},{"not_picked":["Deadly Poison+1","Blur"],"picked":"Distraction+1","floor":27},{"not_picked":["Poisoned Stab","Heel Hook"],"picked":"Night Terror","floor":31},{"not_picked":["Grand Finale","Die Die Die"],"picked":"Burst","floor":33},{"not_picked":["Prepared","Quick Slash"],"picked":"Noxious Fumes+1","floor":36}],"player_experience":621105,"relics_obtained":[{"floor":7,"key":"Potion Belt"},{"floor":9,"key":"Pen Nib"},{"floor":10,"key":"Snake Skull"},{"floor":24,"key":"Regal Pillow"},{"floor":26,"key":"Happy Flower"},{"floor":27,"key":"Mango"}],"event_choices":[{"event_name":"The Cleric","player_choice":"Card Removal","floor":2,"damage_taken":0},{"event_name":"The Mausoleum","player_choice":"No","floor":21,"damage_taken":0}],"boss_relics":[{"not_picked":["Pandora\u0027s Box","Calling Bell"],"picked":"Velvet Choker"},{"not_picked":["Orrery","Astrolabe"],"picked":"Runic Dome"}],"items_purged_floors":[],"is_endless":false,"potions_floor_spawned":[1,3,4,7,10,13,14,16,18,19,20,22,24,27,28,31,33,35,36],"killed_by":"Transient","ascension_level":15}