{"gold_per_floor":[116,116,39,59,79,79,110,185,208,208,8,8,20,36,36,107,107,119,138,17,27,42,42,70,80,80,80,80,80],"floor_reached":29,"playtime":998,"items_purged":["Strike_B"],"score":516,"play_id":"886c56de-d684-47db-bdab-9b8ee6d85617","local_time":"20180812172939","is_ascension_mode":true,"campfire_choices":[{"data":"Hologram","floor":6,"key":"SMITH"},{"data":"Loop","floor":10,"key":"SMITH"},{"floor":12,"key":"REST"},{"data":"Defragment","floor":15,"key":"SMITH"},{"floor":23,"key":"REST"}],"neow_cost":"NONE","seed_source_timestamp":7263684250115,"circlet_count":0,"master_deck":["Strike_B+1","Strike_B+1","Strike_B+1","Defend_B+1","Defend_B+1","Defend_B+1","Defend_B+1","Zap+1","Dualcast","AscendersBane","Leap","Hello World","Hologram+1","Loop+1","Redo","Defragment+1","FTL","Discovery","Ball Lightning","Hologram","Electrodynamics","BootSequence","Redo","Reinforced Body","Cold Snap","Redo","Leap+1"],"relics":["Nuclear Battery","Happy Flower","Blood Vial","Cursed Key","Kunai","Matryoshka"],"potions_floor_usage":[7,19,19,25],"damage_taken":[{"damage":20,"enemies":"Small Slimes","floor":1,"turns":4},{"damage":2,"enemies":"2 Louse","floor":4,"turns":3},{"damage":3,"enemies":"Cultist","floor":5,"turns":5},{"damage":7,"enemies":"Gremlin Nob","floor":7,"turns":4},{"damage":19,"enemies":"Exordium Thugs","floor":13,"turns":5},{"damage":0,"enemies":"Red Slaver","floor":14,"turns":4},{"damage":0,"enemies":"Slime Boss","floor":16,"turns":5},{"damage":7,"enemies":"Chosen","floor":18,"turns":4},{"damage":16,"enemies":"3 Byrds","floor":19,"turns":3},{"damage":33,"enemies":"Cultist and Chosen","floor":21,"turns":8},{"damage":0,"enemies":"Centurion and Healer","floor":22,"turns":5},{"damage":3,"enemies":"Book of Stabbing","floor":24,"turns":7},{"damage":31,"enemies":"Snecko","floor":25,"turns":5},{"damage":6,"enemies":"Snake Plant","floor":29,"turns":2}],"seed_played":"-4081161571374429275","potions_obtained":[{"floor":4,"key":"Explosive Potion"},{"floor":14,"key":"Explosive Potion"},{"floor":16,"key":"Strength Potion"},{"floor":19,"key":"Energy Potion"},{"floor":21,"key":"Explosive Potion"}],"is_trial":false,"path_per_floor":["M","?","$","M","M","R","E","?","T","R","$","R","M","M","R","B",null,"M","M","$","M","M","R","E","M","T","?","?"],"character_chosen":"DEFECT","items_purchased":["Hello World","Defragment","FTL","Discovery","Redo"],"campfire_rested":2,"item_purchase_floors":[3,11,11,11,20],"current_hp_per_floor":[44,44,44,42,39,39,32,21,21,21,21,42,25,27,27,29,61,56,42,42,11,13,34,33,4,4,4,4,0],"gold":80,"neow_bonus":"BOSS_RELIC","is_prod":false,"is_daily":false,"chose_seed":false,"campfire_upgraded":3,"win_rate":0,"timestamp":1534120179,"path_taken":["M","?","$","M","M","R","E","?","T","R","$","R","?","M","R","BOSS","M","M","$","M","M","R","E","M","T","?","?","M"],"build_version":"2018-08-08","purchased_purges":1,"victory":false,"max_hp_per_floor":[71,71,71,71,71,71,71,71,71,71,71,71,71,71,71,71,71,71,71,71,71,71,71,71,71,71,71,71,71],"card_choices":[{"not_picked":["Beam Cell","Doom and Gloom"],"picked":"Leap","floor":1},{"not_picked":["Aggregate","Force Field"],"picked":"Hologram","floor":4},{"not_picked":["Steam","Double Energy"],"picked":"Loop","floor":5},{"not_picked":["Coolheaded","Rebound"],"picked":"Redo","floor":7},{"not_picked":["Steam","Sweeping Beam"],"picked":"Ball Lightning","floor":13},{"not_picked":["Streamline","Gash"],"picked":"Hologram","floor":14},{"not_picked":["Multi-Cast","Meteor Strike"],"picked":"Electrodynamics","floor":16},{"not_picked":["Compile Driver","Beam Cell"],"picked":"BootSequence","floor":19},{"not_picked":["Barrage","Compile Driver"],"picked":"Reinforced Body","floor":21},{"not_picked":["Stack","Turbo"],"picked":"Cold Snap","floor":22},{"not_picked":["Genetic Algorithm","Tempest"],"picked":"Redo","floor":24},{"not_picked":["Rebound","Hologram"],"picked":"Leap+1","floor":25}],"player_experience":810405,"relics_obtained":[{"floor":7,"key":"Happy Flower"},{"floor":9,"key":"Blood Vial"},{"floor":24,"key":"Kunai"},{"floor":26,"key":"Matryoshka"}],"event_choices":[{"event_name":"Living Wall","player_choice":"Grow","floor":2,"damage_taken":0},{"event_name":"World of Goop","player_choice":"Gather Gold","floor":8,"damage_taken":0},{"event_name":"Purifier","player_choice":"One Purge","floor":27,"damage_taken":0},{"event_name":"Back to Basics","player_choice":"Simplicity","floor":28,"damage_taken":0}],"is_beta":true,"boss_relics":[{"not_picked":["Runic Dome","Snecko Eye"],"picked":"Cursed Key"}],"items_purged_floors":[20],"is_endless":false,"potions_floor_spawned":[4,14,16,19,21,24],"killed_by":"Snake Plant","ascension_level":15}