{"path_per_floor":["M","?","M","M","M","E","$","M","T","T","M","R","M","E","R"],"character_chosen":"IRONCLAD","items_purchased":["Armaments"],"gold_per_floor":[109,59,74,88,107,135,90,106,106,133,150,150,164,192,192,192],"floor_reached":16,"campfire_rested":2,"playtime":1454,"item_purchase_floors":[7],"current_hp_per_floor":[80,80,78,83,63,26,26,19,19,19,16,41,43,21,46,0],"items_purged":[],"gold":192,"score":114,"play_id":"c215aa87-13b8-4750-99b5-8bf5efb9a5ee","local_time":"20180607100544","is_prod":false,"is_daily":false,"chose_seed":false,"is_ascension_mode":false,"campfire_upgraded":0,"win_rate":0,"timestamp":1528380344,"campfire_choices":[{"floor":12,"key":"REST"},{"floor":15,"key":"REST"}],"path_taken":["M","?","M","M","?","E","?","M","T","?","M","R","M","E","R","BOSS"],"build_version":"2018-05-31","seed_source_timestamp":80325284882747,"purchased_purges":0,"victory":false,"master_deck":["Strike_R","Strike_R","Strike_R","Strike_R","Strike_R","Defend_R","Defend_R","Defend_R","Bash","Dark Embrace","True Grit","Shockwave","Seeing Red","Seeing Red","Warcry","Armaments","Flex","Fiend Fire","Battle Trance","Headbutt"],"max_hp_per_floor":[80,80,80,85,85,85,85,85,85,85,85,85,85,85,85,85],"relics":["Burning Blood","Oddly Smooth Stone","Vajra","Ancient Tea Set","Lantern"],"card_choices":[{"not_picked":["Shrug It Off","Thunderclap"],"picked":"True Grit","floor":1},{"not_picked":["Armaments","Cleave"],"picked":"Shockwave","floor":3},{"not_picked":["Armaments","Second Wind"],"picked":"Seeing Red","floor":4},{"not_picked":["Clothesline","Flex"],"picked":"Seeing Red","floor":5},{"not_picked":["Carnage","Thunderclap"],"picked":"Warcry","floor":6},{"not_picked":["Wild Strike","Twin Strike"],"picked":"Flex","floor":8},{"not_picked":["Wild Strike","Sword Boomerang"],"picked":"Fiend Fire","floor":11},{"not_picked":["Heavy Blade","Burning Pact"],"picked":"Battle Trance","floor":13},{"not_picked":["Pommel Strike","Searing Blow"],"picked":"Headbutt","floor":14}],"player_experience":71319,"potions_floor_usage":[4,13,13],"damage_taken":[{"damage":1,"enemies":"Cultist","floor":1,"turns":3},{"damage":8,"enemies":"Jaw Worm","floor":3,"turns":4},{"damage":6,"enemies":"Small Slimes","floor":4,"turns":5},{"damage":26,"enemies":"Gremlin Gang","floor":5,"turns":7},{"damage":43,"enemies":"Lagavulin","floor":6,"turns":10},{"damage":13,"enemies":"Red Slaver","floor":8,"turns":5},{"damage":9,"enemies":"Exordium Wildlife","floor":11,"turns":5},{"damage":4,"enemies":"Large Slime","floor":13,"turns":8},{"damage":28,"enemies":"Gremlin Nob","floor":14,"turns":4},{"damage":47,"enemies":"Slime Boss","floor":16,"turns":9}],"relics_obtained":[{"floor":6,"key":"Oddly Smooth Stone"},{"floor":9,"key":"Vajra"},{"floor":10,"key":"Ancient Tea Set"},{"floor":14,"key":"Lantern"}],"event_choices":[{"event_name":"The Cleric","player_choice":"Card Removal","floor":2,"damage_taken":0}],"boss_relics":[],"items_purged_floors":[],"potions_floor_spawned":[3,4,6,11],"seed_played":"-5587790171463891856","killed_by":"Slime Boss","ascension_level":0,"potions_obtained":[{"floor":3,"key":"Fruit Juice"},{"floor":4,"key":"Swift Potion"},{"floor":6,"key":"FearPotion"},{"floor":11,"key":"SmokeBomb"}],"is_trial":false}