{"gold_per_floor":[113,35,35,110,125,125,158,158,184,208,208,232,266,279,279,372,372,395,62,62,62,112,112,125,50,76,117,17,17,37,53,53,144,144,158,122,142,142],"floor_reached":38,"playtime":1106,"items_purged":["Strike_B","Strike_B"],"score":772,"play_id":"a1cd918f-c883-460e-80e9-ea574e0a9fbb","local_time":"20180809024737","is_ascension_mode":true,"campfire_choices":[{"data":"Doom and Gloom","floor":6,"key":"SMITH"},{"data":"Zap","floor":8,"key":"SMITH"},{"data":"Coolheaded","floor":15,"key":"SMITH"},{"data":"Defragment","floor":23,"key":"SMITH"},{"floor":29,"key":"REST"},{"floor":32,"key":"REST"}],"neow_cost":"NONE","seed_source_timestamp":832887873344675,"circlet_count":0,"master_deck":["Strike_B","Defend_B","Defend_B","Defend_B","Defend_B+1","Zap+1","Dualcast+1","AscendersBane","Gash","Doom and Gloom+1","Coolheaded+1","Cold Snap","White Noise","Coolheaded","Rebound","Stack","All For One","Stack","Defragment+1","Conserve Battery","Stack","Electrodynamics","Stack","All For One","Hologram","Loop","Consume+1"],"relics":["Cracked Core","NeowsBlessing","Golden Idol","Anchor","War Paint","Du-Vu Doll","Snecko Eye","Toolbox","Pen Nib","Bag of Marbles","Inserter"],"potions_floor_usage":[13,13,27,33],"damage_taken":[{"damage":0,"enemies":"2 Louse","floor":1,"turns":1},{"damage":0,"enemies":"Jaw Worm","floor":5,"turns":1},{"damage":0,"enemies":"3 Sentries","floor":7,"turns":1},{"damage":0,"enemies":"Small Slimes","floor":10,"turns":2},{"damage":0,"enemies":"Blue Slaver","floor":12,"turns":3},{"damage":18,"enemies":"Lagavulin","floor":13,"turns":4},{"damage":0,"enemies":"3 Louse","floor":14,"turns":1},{"damage":15,"enemies":"Slime Boss","floor":16,"turns":6},{"damage":0,"enemies":"Chosen","floor":18,"turns":2},{"damage":0,"enemies":"Shell Parasite","floor":24,"turns":7},{"damage":29,"enemies":"Slavers","floor":27,"turns":7},{"damage":27,"enemies":"Snake Plant","floor":30,"turns":4},{"damage":0,"enemies":"Centurion and Healer","floor":31,"turns":2},{"damage":28,"enemies":"Collector","floor":33,"turns":12},{"damage":0,"enemies":"Orb Walker","floor":35,"turns":4},{"damage":21,"enemies":"3 Darklings","floor":37,"turns":5},{"damage":30,"enemies":"Jaw Worm Horde","floor":38,"turns":2}],"seed_played":"-6671668800031827914","potions_obtained":[{"floor":1,"key":"FearPotion"},{"floor":5,"key":"Energy Potion"},{"floor":16,"key":"SkillPotion"},{"floor":27,"key":"FocusPotion"},{"floor":31,"key":"Strength Potion"}],"is_trial":false,"path_per_floor":["M","$","?","?","M","R","E","R","T","M","?","M","E","M","R","B",null,"M","$","?","$","?","R","M","$","T","E","$","R","M","M","R","B",null,"M","$","M"],"character_chosen":"DEFECT","items_purchased":["Doom and Gloom","Defragment","Conserve Battery","Stack","Toolbox","Loop"],"campfire_rested":2,"item_purchase_floors":[2,19,19,19,19,36],"current_hp_per_floor":[64,64,64,53,53,53,53,53,53,53,53,53,35,35,35,20,53,53,53,53,53,53,53,53,53,53,24,24,43,16,16,35,7,50,50,50,29,0],"gold":142,"neow_bonus":"THREE_ENEMY_KILL","is_prod":false,"is_daily":false,"chose_seed":false,"campfire_upgraded":4,"win_rate":0,"timestamp":1533808057,"path_taken":["M","$","?","?","M","R","E","R","T","M","?","M","E","M","R","BOSS","M","$","?","$","?","R","M","?","T","E","$","R","M","M","R","BOSS","M","$","?","M"],"build_version":"2018-08-08","purchased_purges":2,"victory":false,"max_hp_per_floor":[71,71,64,64,64,64,64,64,64,64,64,64,64,64,64,64,64,64,64,64,64,64,64,64,64,64,64,64,64,64,64,64,64,64,64,64,64,64],"card_choices":[{"not_picked":["Double Energy","Skim"],"picked":"Gash","floor":1},{"not_picked":["Leap","Rebound"],"picked":"Coolheaded","floor":5},{"not_picked":["Barrage","Lockon"],"picked":"Cold Snap","floor":7},{"not_picked":["Turbo","Coolheaded"],"picked":"White Noise","floor":10},{"not_picked":["Rebound","Ball Lightning"],"picked":"Coolheaded","floor":12},{"not_picked":["Steam","Turbo"],"picked":"Rebound","floor":13},{"not_picked":["Barrage","BootSequence"],"picked":"Stack","floor":14},{"not_picked":["Creative AI","Amplify"],"picked":"All For One","floor":16},{"not_picked":["Beam Cell","Recycle"],"picked":"Stack","floor":18},{"not_picked":["Coolheaded+1","Steam"],"picked":"Electrodynamics","floor":27},{"not_picked":["Recycle","Fusion"],"picked":"Stack","floor":30},{"not_picked":["Reboot","Seek"],"picked":"All For One","floor":33},{"not_picked":["Lockon","Streamline"],"picked":"Hologram","floor":35},{"not_picked":["Cold Snap","Sweeping Beam+1"],"picked":"Consume+1","floor":37}],"player_experience":776705,"relics_obtained":[{"floor":7,"key":"Anchor"},{"floor":9,"key":"War Paint"},{"floor":13,"key":"Du-Vu Doll"},{"floor":26,"key":"Pen Nib"},{"floor":27,"key":"Bag of Marbles"}],"event_choices":[{"event_name":"Golden Idol","player_choice":"Lose Max HP","floor":3,"damage_taken":0},{"event_name":"World of Goop","player_choice":"Gather Gold","floor":4,"damage_taken":0},{"event_name":"Bonfire Elementals","player_choice":"BASIC","floor":11,"damage_taken":0},{"event_name":"Ghosts","player_choice":"Ignored","floor":20,"damage_taken":0},{"event_name":"Nest","player_choice":"Stole From Cult","floor":22,"damage_taken":0}],"is_beta":true,"boss_relics":[{"not_picked":["Fusion Hammer","Tiny House"],"picked":"Snecko Eye"},{"not_picked":["Velvet Choker","Coffee Dripper"],"picked":"Inserter"}],"items_purged_floors":[25,28],"is_endless":false,"potions_floor_spawned":[1,5,16,27,31],"killed_by":"Jaw Worm Horde","ascension_level":15}