{"gold_per_floor":[110,185,28,28,28,28,51,51,76,24,24,24,57,78,78,78],"floor_reached":16,"playtime":139,"items_purged":["Defend_R"],"score":242,"play_id":"a83a8ec0-cee0-4681-85e9-0366b774ae8d","local_time":"20190826153828","is_ascension_mode":true,"campfire_choices":[{"data":"Bash","floor":6,"key":"SMITH"},{"data":"True Grit","floor":12,"key":"SMITH"},{"data":"Spot Weakness","floor":15,"key":"SMITH"}],"neow_cost":"NONE","seed_source_timestamp":36047841905138,"circlet_count":0,"master_deck":["AscendersBane","Strike_R","Strike_R","Strike_R","Strike_R","Defend_R","Defend_R","Defend_R","Bash+1","Shrug It Off","Shrug It Off","Anger","Cleave+1","True Grit+1","Feel No Pain","Spot Weakness+1"],"relics":["Burning Blood","NeowsBlessing","Golden Idol","Dream Catcher","Juzu Bracelet"],"potions_floor_usage":[16],"damage_taken":[{"damage":0,"enemies":"2 Louse","floor":1,"turns":1},{"damage":0,"enemies":"Jaw Worm","floor":7,"turns":1},{"damage":0,"enemies":"Lagavulin","floor":13,"turns":1},{"damage":0,"enemies":"Small Slimes","floor":14,"turns":3},{"damage":38,"enemies":"Slime Boss","floor":16,"turns":4}],"seed_played":"-5721414315885972199","potions_obtained":[{"floor":1,"key":"Swift Potion"},{"floor":14,"key":"BloodPotion"}],"is_trial":false,"path_per_floor":["M","?","$","?","?","R","M","?","T","$","?","R","E","M","R","B"],"character_chosen":"IRONCLAD","items_purchased":["Shrug It Off","Anger","True Grit"],"campfire_rested":0,"item_purchase_floors":[3,3,10],"current_hp_per_floor":[74,63,63,63,56,56,62,62,62,62,67,67,73,73,73,35],"gold":78,"neow_bonus":"THREE_ENEMY_KILL","is_prod":false,"is_daily":false,"chose_seed":false,"campfire_upgraded":3,"win_rate":0,"timestamp":1566859108,"path_taken":["M","?","$","?","?","R","?","?","T","$","?","R","E","M","R","BOSS"],"build_version":"2019-08-23","purchased_purges":1,"victory":false,"max_hp_per_floor":[75,75,75,68,68,68,68,68,68,68,73,73,73,73,73,73],"card_choices":[{"not_picked":["Dropkick","Corruption"],"picked":"Shrug It Off","floor":1},{"not_picked":["Fire Breathing","Thunderclap"],"picked":"Cleave","floor":7},{"not_picked":["Perfected Strike","Flame Barrier"],"picked":"Feel No Pain","floor":13},{"not_picked":["Flex","Wild Strike"],"picked":"Spot Weakness","floor":14}],"player_experience":1449486,"relics_obtained":[{"floor":9,"key":"Dream Catcher"},{"floor":13,"key":"Juzu Bracelet"}],"event_choices":[{"damage_healed":0,"gold_gain":75,"player_choice":"Gather Gold","damage_taken":11,"max_hp_gain":0,"max_hp_loss":0,"event_name":"World of Goop","floor":2,"gold_loss":0},{"damage_healed":0,"gold_gain":0,"player_choice":"Lose Max HP","damage_taken":0,"relics_obtained":["Golden Idol"],"max_hp_gain":0,"max_hp_loss":7,"event_name":"Golden Idol","floor":4,"gold_loss":0},{"cards_removed":["Strike_R"],"damage_healed":0,"gold_gain":0,"player_choice":"Card Removal","damage_taken":7,"max_hp_gain":0,"max_hp_loss":0,"event_name":"Golden Wing","floor":5,"gold_loss":0},{"damage_healed":0,"gold_gain":0,"player_choice":"Grow","damage_taken":0,"max_hp_gain":0,"max_hp_loss":0,"event_name":"Living Wall","floor":8,"gold_loss":0,"cards_upgraded":["Cleave"]},{"damage_healed":0,"gold_gain":0,"player_choice":"Donut","damage_taken":0,"max_hp_gain":5,"max_hp_loss":0,"event_name":"Big Fish","floor":11,"gold_loss":0}],"is_beta":true,"boss_relics":[],"items_purged_floors":[3],"is_endless":false,"potions_floor_spawned":[1,14],"killed_by":"Slime Boss","ascension_level":20}