{"gold_per_floor":[117,117,117,64,14,14,49,70,70,86,109,153,176,196,196,295,295,320,345,345],"floor_reached":20,"playtime":442,"items_purged":[],"score":422,"play_id":"81ad0d68-ec95-4db1-93c7-afcc15a9486d","local_time":"20190807153421","is_ascension_mode":true,"campfire_choices":[{"data":"Armaments","floor":6,"key":"SMITH"},{"data":"True Grit","floor":15,"key":"SMITH"}],"neow_cost":"NONE","seed_source_timestamp":1532127117719,"circlet_count":0,"master_deck":["AscendersBane","Strike_R","Strike_R","Strike_R","Strike_R","Strike_R","Defend_R","Defend_R","Defend_R","Defend_R","Bash","Shrug It Off","Armaments+1","True Grit+1","Carnage","Heavy Blade","Shrug It Off","Uppercut","Power Through","Spot Weakness","Bludgeon","Feel No Pain+1","Second Wind"],"relics":["Burning Blood","NeowsBlessing","Vajra","Golden Idol","Regal Pillow","Unceasing Top","Bag of Marbles","Sozu"],"potions_floor_usage":[12,16,16],"damage_taken":[{"damage":0,"enemies":"Small Slimes","floor":1,"turns":2},{"damage":0,"enemies":"3 Sentries","floor":7,"turns":2},{"damage":0,"enemies":"Jaw Worm","floor":8,"turns":1},{"damage":0,"enemies":"Cultist","floor":10,"turns":3},{"damage":1,"enemies":"2 Fungi Beasts","floor":11,"turns":3},{"damage":25,"enemies":"Gremlin Nob","floor":12,"turns":4},{"damage":16,"enemies":"Large Slime","floor":13,"turns":4},{"damage":7,"enemies":"3 Louse","floor":14,"turns":3},{"damage":36,"enemies":"The Guardian","floor":16,"turns":14},{"damage":6,"enemies":"2 Thieves","floor":18,"turns":4},{"damage":0,"enemies":"Chosen","floor":19,"turns":3},{"damage":0,"enemies":"Snake Plant","floor":20,"turns":1}],"seed_played":"-76062701054656624","potions_obtained":[{"floor":10,"key":"EssenceOfSteel"},{"floor":13,"key":"Strength Potion"},{"floor":14,"key":"Swift Potion"},{"floor":16,"key":"SmokeBomb"}],"is_trial":false,"path_per_floor":["M","?","?","$","$","R","E","M","T","M","M","E","M","M","R","B",null,"M","M","M"],"character_chosen":"IRONCLAD","items_purchased":["Armaments","True Grit"],"campfire_rested":0,"item_purchase_floors":[4,5],"current_hp_per_floor":[74,56,56,56,56,56,62,68,68,68,68,49,39,38,38,8,53,53,59,59],"gold":345,"neow_bonus":"THREE_ENEMY_KILL","is_prod":false,"is_daily":false,"chose_seed":false,"campfire_upgraded":2,"win_rate":0,"timestamp":1565217261,"path_taken":["M","?","?","?","$","R","E","M","T","M","M","E","?","M","R","BOSS","M","?","M"],"build_version":"2019-07-18","purchased_purges":0,"victory":false,"max_hp_per_floor":[75,75,68,68,68,68,68,68,68,68,68,68,68,68,68,68,68,68,68,68],"card_choices":[{"not_picked":["Sword Boomerang","Warcry"],"picked":"Shrug It Off","floor":1},{"not_picked":["Sword Boomerang","Heavy Blade"],"picked":"Carnage","floor":7},{"not_picked":["True Grit","Havoc"],"picked":"Heavy Blade","floor":8},{"not_picked":["Warcry","Hemokinesis","Blood for Blood"],"picked":"SKIP","floor":10},{"not_picked":["True Grit","Combust"],"picked":"Shrug It Off","floor":11},{"not_picked":["Barricade","Wild Strike"],"picked":"Uppercut","floor":12},{"not_picked":["Bloodletting","Clash"],"picked":"Power Through","floor":13},{"not_picked":["Rupture","Intimidate"],"picked":"Spot Weakness","floor":14},{"not_picked":["Exhume","Juggernaut"],"picked":"Bludgeon","floor":16},{"not_picked":["Sever Soul+1","Cleave"],"picked":"Feel No Pain+1","floor":18},{"not_picked":["Iron Wave","Thunderclap"],"picked":"Second Wind","floor":19}],"player_experience":1385639,"relics_obtained":[{"floor":7,"key":"Regal Pillow"},{"floor":9,"key":"Unceasing Top"},{"floor":12,"key":"Bag of Marbles"}],"event_choices":[{"damage_healed":0,"gold_gain":0,"player_choice":"Success","damage_taken":18,"relics_obtained":["Vajra"],"max_hp_gain":0,"max_hp_loss":0,"event_name":"Scrap Ooze","floor":2,"gold_loss":0},{"damage_healed":0,"gold_gain":0,"player_choice":"Lose Max HP","damage_taken":0,"relics_obtained":["Golden Idol"],"max_hp_gain":0,"max_hp_loss":7,"event_name":"Golden Idol","floor":3,"gold_loss":0}],"is_beta":true,"boss_relics":[{"not_picked":["Busted Crown","Black Blood"],"picked":"Sozu"}],"items_purged_floors":[],"is_endless":false,"potions_floor_spawned":[10,13,14,16,18],"killed_by":"Snake Plant","ascension_level":20}