{"gold_per_floor":[118,138,138,53,53,53,93,156,206,256,256,294,36,55,55,148,148,171,496,242,6,56,56,70,43,43,43,108,108,151,151],"floor_reached":31,"playtime":1026,"items_purged":["Regret"],"score":618,"play_id":"86e456a6-3ad4-4e17-91c9-b4022bc81e86","local_time":"20190721234839","is_ascension_mode":true,"campfire_choices":[{"data":"Neutralize","floor":6.0,"key":"SMITH"},{"data":"Dagger Spray","floor":11.0,"key":"SMITH"},{"data":"Well Laid Plans","floor":15.0,"key":"SMITH"},{"data":"Blade Dance","floor":23.0,"key":"SMITH"},{"data":"Blade Dance","floor":27.0,"key":"SMITH"},{"data":"Finisher","floor":29,"key":"SMITH"}],"neow_cost":"NONE","seed_source_timestamp":1765078670938,"circlet_count":0,"master_deck":["AscendersBane","Strike_G","Strike_G","Strike_G","Strike_G","Strike_G","Defend_G","Defend_G","Defend_G","Defend_G","Defend_G","Survivor","Neutralize+1","Flying Knee","Dagger Spray+1","Footwork+1","Infinite Blades","Well Laid Plans+1","Finisher+1","Blade Dance+1","Backflip","Burst","Outmaneuver","Infinite Blades","Cloak And Dagger+1","Endless Agony","Infinite Blades","Blade Dance","Dash","Blade Dance+1","Leg Sweep","Blade Dance"],"special_seed":0,"relics":["Ring of the Snake","NeowsBlessing","Golden Idol","SsserpentHead","Anchor","Centennial Puzzle","Bottled Flame","Happy Flower","Sozu","Membership Card","Bottled Tornado","Molten Egg 2"],"potions_floor_usage":[],"damage_taken":[{"damage":0.0,"enemies":"Small Slimes","floor":1.0,"turns":1.0},{"damage":0.0,"enemies":"Cultist","floor":2.0,"turns":1.0},{"damage":0.0,"enemies":"3 Sentries","floor":7.0,"turns":1.0},{"damage":2.0,"enemies":"Jaw Worm","floor":8.0,"turns":4.0},{"damage":18.0,"enemies":"Lagavulin","floor":12.0,"turns":8.0},{"damage":3.0,"enemies":"Large Slime","floor":14.0,"turns":3.0},{"damage":20.0,"enemies":"Slime Boss","floor":16.0,"turns":6.0},{"damage":0.0,"enemies":"2 Thieves","floor":18.0,"turns":3.0},{"damage":0.0,"enemies":"Chosen","floor":24.0,"turns":5.0},{"damage":1,"enemies":"3 Cultists","floor":28,"turns":4},{"damage":42,"enemies":"Slavers","floor":30,"turns":7},{"damage":18,"enemies":"Centurion and Healer","floor":31,"turns":5}],"seed_played":"7089377860302448602","potions_obtained":[{"floor":1.0,"key":"SkillPotion"},{"floor":2.0,"key":"AttackPotion"},{"floor":12.0,"key":"Strength Potion"},{"floor":16.0,"key":"Fire Potion"}],"is_trial":false,"path_per_floor":["M","M","?","$","?","R","E","M","T","?","R","E","$","M","R","B",null,"M","?","$","$","?","R","M","$","T","R","M","R","E","M"],"character_chosen":"THE_SILENT","items_purchased":["Footwork","Happy Flower","Finisher","Blade Dance","Infinite Blades","Cloak And Dagger","Endless Agony","Membership Card","Infinite Blades","Blade Dance","Blade Dance"],"campfire_rested":0,"item_purchase_floors":[4,13,13,13,20,20,20,21,21,21,25],"current_hp_per_floor":[59,59,59,59,59,59,59,57,57,57,57,39,39,36,36,16,49,49,49,49,49,49,49,49,49,49,49,48,48,6,0],"gold":151,"neow_bonus":"THREE_ENEMY_KILL","is_prod":false,"is_daily":false,"chose_seed":false,"campfire_upgraded":6,"win_rate":0,"timestamp":1563778119,"path_taken":["M","M","?","$","?","R","E","?","T","?","R","E","$","M","R","BOSS","M","?","$","?","?","R","M","$","T","R","?","R","E","M"],"build_version":"2019-07-18","purchased_purges":1,"victory":false,"max_hp_per_floor":[66,66,60,60,60,60,60,60,60,60,60,60,60,60,60,60,60,60,60,60,60,60,60,60,60,60,60,60,60,60,60],"card_choices":[{"not_picked":["Riddle With Holes","Outmaneuver"],"picked":"Flying Knee","floor":1.0},{"not_picked":["Slice","Sucker Punch"],"picked":"Dagger Spray","floor":2.0},{"not_picked":["Cloak And Dagger","Expertise","Deflect"],"picked":"SKIP","floor":7.0},{"not_picked":["Cloak And Dagger","Night Terror"],"picked":"Infinite Blades","floor":8.0},{"not_picked":["Unload","Riddle With Holes"],"picked":"Well Laid Plans","floor":12.0},{"not_picked":["Reflex","Dagger Spray"],"picked":"Backflip","floor":14.0},{"not_picked":["Grand Finale","Tools of the Trade"],"picked":"Burst","floor":16.0},{"not_picked":["Deadly Poison","Eviscerate+1"],"picked":"Outmaneuver","floor":18.0},{"not_picked":["Sucker Punch","Dagger Throw+1"],"picked":"Dash","floor":24.0},{"not_picked":["Masterful Stab","Poisoned Stab"],"picked":"Leg Sweep","floor":28},{"not_picked":["Underhanded Strike+1","Slice"],"picked":"Blade Dance","floor":30}],"player_experience":1378417,"relics_obtained":[{"floor":7.0,"key":"Anchor"},{"floor":9.0,"key":"Centennial Puzzle"},{"floor":12.0,"key":"Bottled Flame"},{"floor":26.0,"key":"Bottled Tornado"},{"floor":30,"key":"Molten Egg 2"}],"event_choices":[{"damage_healed":0.0,"max_hp_gain":0.0,"max_hp_loss":6.0,"gold_gain":0.0,"event_name":"Golden Idol","player_choice":"Lose Max HP","floor":3.0,"gold_loss":0.0,"damage_taken":0.0,"relics_obtained":["Golden Idol"]},{"damage_healed":0.0,"max_hp_gain":0.0,"max_hp_loss":0.0,"gold_gain":0.0,"event_name":"FaceTrader","player_choice":"Trade","floor":5.0,"gold_loss":0.0,"damage_taken":0.0,"relics_obtained":["SsserpentHead"]},{"damage_healed":0.0,"max_hp_gain":0.0,"max_hp_loss":0.0,"gold_gain":0.0,"event_name":"Living Wall","player_choice":"Grow","floor":10.0,"gold_loss":0.0,"damage_taken":0.0,"cards_upgraded":["Footwork"]},{"damage_healed":0.0,"max_hp_gain":0.0,"max_hp_loss":0.0,"gold_gain":275.0,"event_name":"Golden Shrine","player_choice":"Desecrate","floor":19.0,"gold_loss":0.0,"damage_taken":0.0,"cards_obtained":["Regret"]},{"damage_healed":0.0,"max_hp_gain":0.0,"max_hp_loss":0.0,"gold_gain":0.0,"event_name":"Upgrade Shrine","player_choice":"Upgraded","floor":22.0,"gold_loss":0.0,"damage_taken":0.0,"cards_upgraded":["Cloak And Dagger"]}],"is_beta":true,"boss_relics":[{"not_picked":["Runic Pyramid","Velvet Choker"],"picked":"Sozu"}],"items_purged_floors":[20],"is_endless":false,"potions_floor_spawned":[1,2,12,16,24,28],"killed_by":"Centurion and Healer","ascension_level":20}