{"gold_per_floor":[116,116,67,77,96,96,96,130,209,243,243,13,30,45,45,123,123,140,230,72,91,91,91,104,104,104,134,134,149,160,193,193,267,267,285,300,72,84,84,84,100,128,128,0,12,12,12,41,41,41],"floor_reached":51,"playtime":2238,"items_purged":[],"score":1309,"play_id":"2eeab1da-07b4-4453-b90d-be0a97528a87","local_time":"20180716001601","is_ascension_mode":true,"campfire_choices":[{"floor":6.0,"key":"REST"},{"floor":15,"key":"REST"},{"floor":23,"key":"REST"},{"floor":25,"key":"REST"},{"floor":28,"key":"REST"},{"floor":32,"key":"REST"},{"floor":40,"key":"REST"},{"floor":46,"key":"REST"},{"floor":49,"key":"DIG"}],"neow_cost":"NONE","seed_source_timestamp":339393414155645,"circlet_count":0,"master_deck":["Strike_B","Strike_B","Strike_B","Defend_B","Defend_B","Defend_B","Defend_B","Zap","Dualcast","AscendersBane","Ball Lightning","Coolheaded","Defragment","Cold Snap","Buffer","BootSequence","Hello World","White Noise","Capacitor","Electrodynamics","Reprogram+1","Thunder Strike","Thunder Strike","Reboot","Coolheaded","Seek","Double Energy","Sweeping Beam+1","Echo Form","Conserve Battery","Static Discharge","Stack","Flash of Steel+1","Auto Shields","Dark Shackles","Ball Lightning+1","Cold Snap+1","Hello World"],"special_seed":0,"relics":["Fusion Hammer","Centennial Puzzle","Blood Vial","Cables","Bottled Flame","Runic Dome","Nloth\u0027s Gift","Bird Faced Urn","Gremlin Horn","Molten Egg 2","Busted Crown","Shovel","Ice Cream","Red Mask","Vajra","Frozen Egg 2"],"potions_floor_usage":[18,27,27,42,50],"damage_taken":[{"damage":5.0,"enemies":"Small Slimes","floor":1.0,"turns":4.0},{"damage":0.0,"enemies":"Jaw Worm","floor":4.0,"turns":4.0},{"damage":8.0,"enemies":"2 Louse","floor":5.0,"turns":2.0},{"damage":4.0,"enemies":"Lagavulin","floor":8.0,"turns":7.0},{"damage":2.0,"enemies":"3 Sentries","floor":10.0,"turns":7.0},{"damage":0,"enemies":"2 Fungi Beasts","floor":13,"turns":4},{"damage":6,"enemies":"Lots of Slimes","floor":14,"turns":4},{"damage":32,"enemies":"Hexaghost","floor":16,"turns":10},{"damage":0,"enemies":"Chosen","floor":18,"turns":4},{"damage":8,"enemies":"Shell Parasite","floor":21,"turns":5},{"damage":9,"enemies":"Centurion and Healer","floor":24,"turns":7},{"damage":26,"enemies":"Slavers","floor":27,"turns":4},{"damage":11,"enemies":"Snake Plant","floor":29,"turns":5},{"damage":0,"enemies":"Snecko","floor":30,"turns":4},{"damage":23,"enemies":"Gremlin Leader","floor":31,"turns":5},{"damage":58,"enemies":"Collector","floor":33,"turns":12},{"damage":13,"enemies":"Orb Walker","floor":35,"turns":4},{"damage":21,"enemies":"3 Shapes","floor":36,"turns":3},{"damage":21,"enemies":"Flame Bruiser 2 Orb","floor":38,"turns":4},{"damage":25,"enemies":"3 Darklings","floor":41,"turns":3},{"damage":56,"enemies":"2 Orb Walkers","floor":42,"turns":6},{"damage":0,"enemies":"Transient","floor":45,"turns":5},{"damage":6,"enemies":"Nemesis","floor":48,"turns":8},{"damage":35,"enemies":"Donu and Deca","floor":50,"turns":7}],"seed_played":"1309302622635425493","potions_obtained":[{"floor":1.0,"key":"EssenceOfSteel"},{"floor":8.0,"key":"Block Potion"},{"floor":24,"key":"Weak Potion"},{"floor":27,"key":"LiquidBronze"},{"floor":30,"key":"Dexterity Potion"}],"is_trial":false,"path_per_floor":["M","?","$","M","M","R","?","E","T","E","?","$","M","M","R","B",null,"M","?","$","M","?","R","M","R","T","E","R","M","M","E","R","B",null,"M","M","$","M","?","R","M","E","T","?","M","R","?","E","R","B"],"character_chosen":"DEFECT","items_purchased":["Coolheaded","Hello World","Bag of Marbles","Thunder Strike","Static Discharge","Stack","Flash of Steel+1"],"campfire_rested":8,"item_purchase_floors":[3,12,12,20,37,37,37],"current_hp_per_floor":[59,33,33,33,25,46,46,42,42,42,42,42,44,40,61,31,61,63,49,49,43,43,64,57,71,71,57,71,67,71,54,71,16,57,60,49,49,46,46,67,61,25,25,25,45,66,66,71,71,60],"gold":41,"neow_bonus":"BOSS_RELIC","is_prod":false,"is_daily":false,"chose_seed":false,"campfire_upgraded":0,"win_rate":0,"timestamp":1531725361,"path_taken":["M","?","$","M","M","R","?","E","T","E","?","$","M","M","R","BOSS","M","?","$","M","?","R","M","R","T","E","R","M","M","E","R","BOSS","M","M","$","M","?","R","M","E","T","?","?","R","?","E","R","BOSS"],"build_version":"2018-07-13","purchased_purges":0,"victory":true,"max_hp_per_floor":[71,71,71,71,71,71,71,71,71,71,71,71,71,71,71,71,71,71,71,71,71,71,71,71,71,71,71,71,71,71,71,71,71,71,71,71,71,71,71,71,71,71,71,71,71,71,71,71,71,71],"card_choices":[{"not_picked":["Consume","Rebound"],"picked":"Ball Lightning","floor":1.0},{"not_picked":["Compile Driver","Ball Lightning"],"picked":"Defragment","floor":4.0},{"not_picked":["Conserve Battery","Beam Cell"],"picked":"Cold Snap","floor":5.0},{"not_picked":["Leap","Barrage"],"picked":"Buffer","floor":8.0},{"not_picked":["Genetic Algorithm","Redo"],"picked":"BootSequence","floor":10},{"not_picked":["Reprogram","Steam"],"picked":"White Noise","floor":13},{"not_picked":["Hologram","White Noise"],"picked":"Capacitor","floor":14},{"not_picked":["Seek","Thunder Strike"],"picked":"Electrodynamics","floor":16},{"not_picked":["Steam","Hologram"],"picked":"Reprogram+1","floor":18},{"not_picked":["Stack","Redo"],"picked":"Thunder Strike","floor":21},{"not_picked":["Ball Lightning","Compile Driver"],"picked":"Reboot","floor":24},{"not_picked":["Hologram","Ball Lightning"],"picked":"Coolheaded","floor":27},{"not_picked":["Conserve Battery","Cold Snap"],"picked":"Seek","floor":29},{"not_picked":["Sunder","Undo"],"picked":"Double Energy","floor":30},{"not_picked":["Heatsinks","Undo"],"picked":"Sweeping Beam","floor":31},{"not_picked":["All For One+1","Thunder Strike+1"],"picked":"Echo Form","floor":33},{"not_picked":[],"picked":"Conserve Battery","floor":36},{"not_picked":[],"picked":"Auto Shields","floor":38},{"not_picked":[],"picked":"Dark Shackles","floor":39},{"not_picked":[],"picked":"Ball Lightning+1","floor":41},{"not_picked":[],"picked":"Cold Snap+1","floor":42},{"not_picked":[],"picked":"Hello World","floor":45}],"player_experience":658042,"relics_obtained":[{"floor":8.0,"key":"Blood Vial"},{"floor":9.0,"key":"Cables"},{"floor":10,"key":"Bottled Flame"},{"floor":26,"key":"Bird Faced Urn"},{"floor":27,"key":"Gremlin Horn"},{"floor":31,"key":"Molten Egg 2"},{"floor":42,"key":"Shovel"},{"floor":43,"key":"Ice Cream"},{"floor":48,"key":"Vajra"},{"floor":49,"key":"Frozen Egg 2"}],"event_choices":[{"event_name":"Scrap Ooze","player_choice":"success","floor":2.0,"damage_taken":26.0},{"event_name":"Shining Light","player_choice":"Ignored","floor":7.0,"damage_taken":0.0},{"event_name":"The Cleric","player_choice":"Leave","floor":11,"damage_taken":0},{"event_name":"Knowing Skull","player_choice":"GOLD ","floor":19,"damage_taken":0},{"event_name":"N\u0027loth","player_choice":"Traded a Bag of Marbles","floor":22,"damage_taken":0},{"event_name":"SensoryStone","player_choice":"Memory 1","floor":39,"damage_taken":0},{"event_name":"Tomb of Lord Red Mask","player_choice":"Paid","floor":44,"damage_taken":0},{"event_name":"Falling","player_choice":"Removed Attack","floor":47,"damage_taken":0}],"boss_relics":[{"not_picked":["Calling Bell","Tiny House"],"picked":"Runic Dome"},{"not_picked":["Nuclear Battery","White Beast Statue"],"picked":"Busted Crown"}],"items_purged_floors":[],"is_endless":false,"potions_floor_spawned":[1,8,10,13,24,27,30,35,38,41],"ascension_level":15}