{"gold_per_floor":[110,27,44,61,61,94,94,123,178,192,67,67,87,103,103,177,177,192,192,142,6,23,56,56,84,84,84],"floor_reached":27,"playtime":785,"items_purged":["Strike_B"],"score":572,"play_id":"e99e56d9-3edc-4bfd-a653-cc6114572ab9","local_time":"20190202181850","is_ascension_mode":true,"campfire_choices":[{"data":"Rainbow","floor":7,"key":"SMITH"},{"data":"Hologram","floor":12,"key":"SMITH"},{"data":"Storm","floor":15,"key":"SMITH"},{"data":"Defragment","floor":24,"key":"SMITH"}],"neow_cost":"NONE","seed_source_timestamp":56547671767141,"circlet_count":0,"master_deck":["AscendersBane","Defend_B","Defend_B","Zap","Dualcast","Conserve Battery","Ball Lightning+1","Stack","Rainbow+1","Leap","Ball Lightning+1","Hologram+1","Thunder Strike","Hello World","Coolheaded","Storm+1","Thunder Strike","Scrape+1","Buffer+1","White Noise+1","Force Field+1","Double Energy","Multi-Cast","Defragment+1","Hologram","Force Field","FTL"],"relics":["Velvet Choker","Whetstone","Smiling Mask","Tiny Chest","Astrolabe","Strawberry","Symbiotic Virus","Kunai"],"potions_floor_usage":[6,14,16,22,23,25],"damage_taken":[{"damage":7,"enemies":"2 Louse","floor":1,"turns":3},{"damage":0,"enemies":"Cultist","floor":3,"turns":3},{"damage":7,"enemies":"Jaw Worm","floor":4,"turns":3},{"damage":6,"enemies":"Gremlin Nob","floor":6,"turns":3},{"damage":10,"enemies":"Lagavulin","floor":8,"turns":6},{"damage":10,"enemies":"Lots of Slimes","floor":10,"turns":4},{"damage":3,"enemies":"Blue Slaver","floor":13,"turns":3},{"damage":0,"enemies":"Red Slaver","floor":14,"turns":3},{"damage":31,"enemies":"The Guardian","floor":16,"turns":9},{"damage":0,"enemies":"Chosen","floor":18,"turns":3},{"damage":0,"enemies":"Spheric Guardian","floor":22,"turns":3},{"damage":0,"enemies":"Book of Stabbing","floor":23,"turns":5},{"damage":48,"enemies":"Gremlin Leader","floor":25,"turns":7},{"damage":19,"enemies":"Shelled Parasite and Fungi","floor":27,"turns":1}],"seed_played":"514019366691728623","potions_obtained":[{"floor":4,"key":"Explosive Potion"},{"floor":10,"key":"EssenceOfSteel"},{"floor":14,"key":"FearPotion"},{"floor":16,"key":"PowerPotion"},{"floor":18,"key":"SpeedPotion"},{"floor":23,"key":"AttackPotion"}],"is_trial":false,"path_per_floor":["M","$","M","M","?","E","R","E","T","M","$","R","M","M","R","B",null,"M","?","?","$","M","E","R","E","T","M"],"character_chosen":"DEFECT","items_purchased":["Ball Lightning","Stack","Hello World","Defragment","Hologram"],"campfire_rested":0,"item_purchase_floors":[2,2,11,21,21],"current_hp_per_floor":[57,57,57,50,71,65,65,55,55,45,45,45,42,42,42,11,56,56,56,56,56,56,63,63,15,15,0],"gold":84,"neow_bonus":"BOSS_RELIC","is_prod":false,"is_daily":false,"chose_seed":false,"campfire_upgraded":4,"win_rate":0,"timestamp":1549160330,"path_taken":["M","$","M","M","?","E","R","E","T","M","$","R","?","M","R","BOSS","M","?","?","$","M","E","R","E","T","M"],"build_version":"2019-01-23","purchased_purges":1,"victory":false,"max_hp_per_floor":[71,71,71,71,71,71,71,71,71,71,71,71,71,71,71,71,71,71,71,71,71,71,78,78,78,78,78],"card_choices":[{"not_picked":["Beam Cell","White Noise"],"picked":"Conserve Battery","floor":1},{"not_picked":["Compile Driver","Stack"],"picked":"Rainbow","floor":3},{"not_picked":["Gash","Barrage"],"picked":"Leap","floor":4},{"not_picked":["Blizzard","Auto Shields"],"picked":"Ball Lightning","floor":6},{"not_picked":["Turbo","Coolheaded"],"picked":"Hologram","floor":8},{"not_picked":["Steam","Force Field"],"picked":"Thunder Strike","floor":10},{"not_picked":["Turbo","Redo"],"picked":"Coolheaded","floor":13},{"not_picked":["Steam","Go for the Eyes"],"picked":"Storm","floor":14},{"not_picked":["Meteor Strike","Creative AI"],"picked":"Thunder Strike","floor":16},{"not_picked":["Double Energy","Compile Driver"],"picked":"Force Field+1","floor":18},{"not_picked":["Cold Snap","Recycle"],"picked":"Force Field","floor":23},{"not_picked":["Blizzard","Hyperbeam"],"picked":"FTL","floor":25}],"player_experience":1112102,"relics_obtained":[{"floor":6,"key":"Whetstone"},{"floor":8,"key":"Smiling Mask"},{"floor":9,"key":"Tiny Chest"},{"floor":23,"key":"Strawberry"},{"floor":25,"key":"Symbiotic Virus"},{"floor":26,"key":"Kunai"}],"event_choices":[{"damage_healed":21,"gold_gain":0,"player_choice":"Full Heal","damage_taken":0,"max_hp_gain":0,"max_hp_loss":0,"event_name":"Wheel of Change","floor":5,"gold_loss":0},{"damage_healed":0,"gold_gain":0,"cards_transformed":["Defend_B","Defend_B"],"player_choice":"Became Test Subject","damage_taken":0,"max_hp_gain":0,"max_hp_loss":0,"event_name":"Drug Dealer","floor":19,"gold_loss":0,"cards_obtained":["Double Energy","Multi-Cast"]},{"damage_healed":0,"gold_gain":0,"player_choice":"Bet on Murderer","damage_taken":0,"max_hp_gain":0,"max_hp_loss":0,"event_name":"The Joust","floor":20,"gold_loss":50}],"is_beta":true,"boss_relics":[{"not_picked":["Black Star","Inserter"],"picked":"Astrolabe"}],"items_purged_floors":[11],"is_endless":false,"potions_floor_spawned":[4,10,14,16,18,23],"killed_by":"Shelled Parasite and Fungi","ascension_level":20}