{"gold_per_floor":[114,189,114,389,405,440,456,456,507,97,125,125,125,145,145,219,219,219],"floor_reached":18,"playtime":381,"items_purged":["Regret"],"score":386,"play_id":"600e658d-5918-4418-9d61-c3e1ae4377de","local_time":"20190218145134","is_ascension_mode":true,"campfire_choices":[{"data":"Neutralize","floor":8.0,"key":"SMITH"},{"data":"Deadly Poison","floor":13.0,"key":"SMITH"},{"data":"Deadly Poison","floor":15.0,"key":"SMITH"}],"neow_cost":"NONE","seed_source_timestamp":0,"circlet_count":0,"master_deck":["AscendersBane","Survivor","Neutralize+1","Dagger Spray","Leg Sweep","Dagger Throw","Cloak And Dagger+1","All Out Attack","Deadly Poison+1","Poisoned Stab","Deadly Poison+1","After Image","Dash","Choke","Infinite Blades","Phantasmal Killer","Infinite Blades","Deadly Poison","Burst","Phantasmal Killer","Flechettes"],"special_seed":0,"relics":["Ring of the Snake","NeowsBlessing","Smiling Mask","Omamori","HandDrill","Bag of Marbles","Pandora\u0027s Box"],"potions_floor_usage":[],"damage_taken":[{"damage":0.0,"enemies":"Jaw Worm","floor":1.0,"turns":1.0},{"damage":0.0,"enemies":"2 Louse","floor":5.0,"turns":1.0},{"damage":0.0,"enemies":"Gremlin Nob","floor":6.0,"turns":1.0},{"damage":0.0,"enemies":"Small Slimes","floor":7.0,"turns":5.0},{"damage":25.0,"enemies":"Lagavulin","floor":11.0,"turns":7.0},{"damage":6.0,"enemies":"Red Slaver","floor":14.0,"turns":3.0},{"damage":11.0,"enemies":"The Guardian","floor":16.0,"turns":9.0},{"damage":0,"enemies":"3 Byrds","floor":18,"turns":1}],"seed_played":"-4632402163941402362","potions_obtained":[{"floor":6.0,"key":"Block Potion"},{"floor":7.0,"key":"SkillPotion"},{"floor":14.0,"key":"SkillPotion"}],"is_trial":false,"path_per_floor":["M","?","?","?","M","E","M","R","T","$","E","?","R","M","R","B",null,"M"],"character_chosen":"THE_SILENT","items_purchased":["All Out Attack","Deadly Poison","HandDrill"],"campfire_rested":0,"item_purchase_floors":[10,10,10],"current_hp_per_floor":[59,48,48,48,48,48,48,48,48,48,23,23,23,17,17,6,51,51],"gold":219,"neow_bonus":"THREE_ENEMY_KILL","is_prod":false,"is_daily":false,"chose_seed":false,"campfire_upgraded":3,"win_rate":0,"timestamp":1550530294,"path_taken":["M","?","?","?","M","E","?","R","T","?","E","?","R","M","R","BOSS","M"],"build_version":"2019-02-06","purchased_purges":1,"victory":false,"max_hp_per_floor":[66,66,66,66,66,66,66,66,66,66,66,66,66,66,66,66,66,66],"card_choices":[{"not_picked":["Underhanded Strike","Cloak And Dagger"],"picked":"Dagger Spray","floor":1.0},{"not_picked":["Sucker Punch","Deflect"],"picked":"Leg Sweep","floor":5.0},{"not_picked":["Infinite Blades","Choke"],"picked":"Dagger Throw","floor":6.0},{"not_picked":["Dodge and Roll","Infinite Blades"],"picked":"Cloak And Dagger","floor":7.0},{"not_picked":["Calculated Gamble","Concentrate"],"picked":"Poisoned Stab","floor":11.0},{"not_picked":["Tools of the Trade","Dodge and Roll"],"picked":"Deadly Poison","floor":14.0},{"not_picked":["Grand Finale","Adrenaline"],"picked":"After Image","floor":16.0}],"player_experience":1164540,"relics_obtained":[{"floor":6.0,"key":"Smiling Mask"},{"floor":9.0,"key":"Omamori"},{"floor":11.0,"key":"Bag of Marbles"}],"event_choices":[{"damage_healed":0.0,"max_hp_gain":0.0,"max_hp_loss":0.0,"gold_gain":75.0,"event_name":"World of Goop","player_choice":"Gather Gold","floor":2.0,"gold_loss":0.0,"damage_taken":11.0},{"cards_removed":["Strike_G"],"damage_healed":0.0,"max_hp_gain":0.0,"max_hp_loss":0.0,"gold_gain":0.0,"event_name":"The Cleric","player_choice":"Card Removal","floor":3.0,"gold_loss":75.0,"damage_taken":0.0},{"damage_healed":0.0,"max_hp_gain":0.0,"max_hp_loss":0.0,"gold_gain":275.0,"event_name":"Golden Shrine","player_choice":"Desecrate","floor":4.0,"gold_loss":0.0,"damage_taken":0.0,"cards_obtained":["Regret"]},{"damage_healed":0.0,"max_hp_gain":0.0,"max_hp_loss":0.0,"gold_gain":0.0,"event_name":"Living Wall","player_choice":"Grow","floor":12.0,"gold_loss":0.0,"damage_taken":0.0,"cards_upgraded":["Cloak And Dagger"]}],"is_beta":true,"boss_relics":[{"not_picked":["Black Star","Eternal Feather"],"picked":"Pandora\u0027s Box"}],"items_purged_floors":[10],"is_endless":false,"potions_floor_spawned":[6,7,14],"killed_by":"3 Byrds","ascension_level":20}