{"gold_per_floor":[113,124,124,124,47,47,72,72,72,99,99,24,36,52,52,130,130,141,159,84,116,116,116],"floor_reached":23,"playtime":440,"items_purged":[],"score":345,"play_id":"d2fd0a00-fdb8-4ae9-8f4a-3dc7e978f5d5","local_time":"20180802201320","is_ascension_mode":true,"campfire_choices":[{"data":"Flex","floor":6,"key":"SMITH"},{"floor":8,"key":"REST"},{"data":"Limit Break","floor":15,"key":"SMITH"}],"neow_cost":"NONE","seed_source_timestamp":534748141514589,"circlet_count":0,"master_deck":["Strike_R","Strike_R","Strike_R","Strike_R","Defend_R","Defend_R","Defend_R","Defend_R","Bash","AscendersBane","Twin Strike","Twin Strike","Flex+1","Iron Wave","Metallicize","Sword Boomerang","Parasite","Limit Break+1","Flex","Thunderclap","Immolate","Sword Boomerang","Seeing Red+1","Bloodletting","Whirlwind"],"relics":["White Beast Statue","Vajra","Boot","Girya","Happy Flower","Sozu","Red Mask"],"potions_floor_usage":[7,10,14,16,18],"damage_taken":[{"damage":18,"enemies":"Jaw Worm","floor":1,"turns":4},{"damage":1,"enemies":"2 Louse","floor":2,"turns":3},{"damage":19,"enemies":"Gremlin Nob","floor":7,"turns":4},{"damage":33,"enemies":"Lagavulin","floor":10,"turns":7},{"damage":11,"enemies":"Small Slimes","floor":13,"turns":3},{"damage":11,"enemies":"3 Louse","floor":14,"turns":3},{"damage":7,"enemies":"Hexaghost","floor":16,"turns":7},{"damage":23,"enemies":"2 Thieves","floor":18,"turns":3},{"damage":2,"enemies":"Chosen","floor":19,"turns":3},{"damage":31,"floor":21,"turns":4},{"damage":7,"enemies":"Gremlin Leader","floor":23,"turns":2}],"seed_played":"-3145725892344382489","potions_obtained":[{"floor":1,"key":"GamblersBrew"},{"floor":2,"key":"Block Potion"},{"floor":7,"key":"Regen Potion"},{"floor":10,"key":"FearPotion"},{"floor":14,"key":"Strength Potion"},{"floor":16,"key":"PowerPotion"}],"is_trial":false,"path_per_floor":["M","M","?","?","$","R","E","R","T","E","?","$","M","M","R","B",null,"M","M","?","?","?"],"character_chosen":"IRONCLAD","items_purchased":["Flex","Iron Wave","Limit Break"],"campfire_rested":1,"item_purchase_floors":[5,5,12],"current_hp_per_floor":[50,49,38,38,38,38,19,41,41,23,41,41,30,19,19,12,59,36,34,34,3,3,0],"gold":116,"neow_bonus":"BOSS_RELIC","is_prod":false,"is_daily":false,"chose_seed":false,"campfire_upgraded":2,"win_rate":0,"timestamp":1533266000,"path_taken":["M","M","?","?","$","R","E","R","T","E","?","$","M","M","R","BOSS","M","M","?","?","?","E"],"build_version":"2018-08-01","purchased_purges":0,"victory":false,"max_hp_per_floor":[75,75,75,75,75,75,75,75,75,75,75,75,75,75,75,75,75,75,75,75,75,75,75],"card_choices":[{"not_picked":["Searing Blow","Armaments"],"picked":"Twin Strike","floor":1},{"not_picked":["Fire Breathing","Seeing Red"],"picked":"Twin Strike","floor":2},{"not_picked":["Feel No Pain","Power Through"],"picked":"Metallicize","floor":7},{"not_picked":["True Grit","Fire Breathing"],"picked":"Sword Boomerang","floor":10},{"not_picked":["Havoc","Fiend Fire"],"picked":"Flex","floor":13},{"not_picked":["Iron Wave","Perfected Strike"],"picked":"Thunderclap","floor":14},{"not_picked":["Feed","Exhume"],"picked":"Immolate","floor":16},{"not_picked":["True Grit","Wild Strike"],"picked":"Sword Boomerang","floor":18},{"not_picked":["Havoc","Flex"],"picked":"Seeing Red+1","floor":19},{"not_picked":["Perfected Strike","Reckless Charge"],"picked":"Bloodletting","floor":21}],"player_experience":714702,"relics_obtained":[{"floor":7,"key":"Boot"},{"floor":9,"key":"Girya"},{"floor":10,"key":"Happy Flower"},{"floor":21,"key":"Red Mask"}],"event_choices":[{"event_name":"Scrap Ooze","player_choice":"success","floor":3,"damage_taken":11},{"event_name":"Shining Light","player_choice":"Ignored","floor":4,"damage_taken":0},{"event_name":"Mushrooms","player_choice":"Healed and dodged fight","floor":11,"damage_taken":0},{"event_name":"Beggar","player_choice":"Gave Gold","floor":20,"damage_taken":0},{"event_name":"Masked Bandits","player_choice":"Fought over 84 gold","floor":21,"damage_taken":0},{"event_name":"The Library","player_choice":"Read","floor":22,"damage_taken":0}],"is_beta":true,"boss_relics":[{"not_picked":["Black Star","Orrery"],"picked":"Sozu"}],"items_purged_floors":[],"is_endless":false,"potions_floor_spawned":[1,2,7,10,13,14,16,18,19,21],"killed_by":"Gremlin Leader","ascension_level":15}