{"gold_per_floor":[114,126,76,76,93,121,138,138,138,67,85,102,102,118,118,218,218,208,208,208,219,74,74,101,101,127,145,155,155,171,271,271,368,368,386,386,398,398,408,408,420,431,506,506,506,88,107,55,55,55],"floor_reached":50,"playtime":3282,"items_purged":["Strike_G","Strike_G"],"score":566,"play_id":"c18300d3-24e7-4a64-b842-5acdd5fde029","local_time":"20190706010100","is_ascension_mode":false,"campfire_choices":[{"floor":8,"key":"REST"},{"floor":13,"key":"RECALL"},{"floor":15,"key":"REST"},{"data":"Noxious Fumes","floor":23,"key":"SMITH"},{"data":"Blur","floor":25,"key":"SMITH"},{"data":"Deadly Poison","floor":29,"key":"SMITH"},{"data":"Bouncing Flask","floor":32,"key":"SMITH"},{"data":"Adrenaline","floor":40,"key":"SMITH"},{"data":"Well Laid Plans","floor":44,"key":"SMITH"},{"data":"Adrenaline","floor":49,"key":"SMITH"}],"neow_cost":"NONE","seed_source_timestamp":385259909822521,"circlet_count":0,"master_deck":["Strike_G","Defend_G","Defend_G","Defend_G","Defend_G","Defend_G","Survivor","Neutralize","Catalyst+1","Underhanded Strike","Blur+1","Noxious Fumes+1","Acrobatics","Outmaneuver","Adrenaline+1","Deadly Poison+1","Well Laid Plans+1","Backflip","Bouncing Flask+1","Envenom","Noxious Fumes+1","Panacea","Parasite","Deadly Poison+1","Deadly Poison+1","Backflip+1","Adrenaline+1","Poisoned Stab+1","Deadly Poison"],"relics":["Ring of the Snake","Oddly Smooth Stone","Coffee Dripper","Meat on the Bone","Vajra","Empty Cage","Question Card","Mercury Hourglass","Bronze Scales"],"potions_floor_usage":[6,6,6,16,16,47,50,50],"damage_taken":[{"damage":0,"enemies":"Jaw Worm","floor":1,"turns":6},{"damage":0,"enemies":"2 Louse","floor":2,"turns":3},{"damage":5,"enemies":"Cultist","floor":5,"turns":5},{"damage":56,"enemies":"Lagavulin","floor":6,"turns":10},{"damage":5,"enemies":"Lots of Slimes","floor":7,"turns":9},{"damage":0,"enemies":"Large Slime","floor":11,"turns":8},{"damage":0,"enemies":"Exordium Wildlife","floor":12,"turns":4},{"damage":8,"enemies":"Red Slaver","floor":14,"turns":5},{"damage":46,"enemies":"Slime Boss","floor":16,"turns":17},{"damage":4,"enemies":"2 Thieves","floor":18,"turns":4},{"damage":1,"enemies":"Shell Parasite","floor":21,"turns":5},{"damage":18,"enemies":"Book of Stabbing","floor":24,"turns":6},{"damage":12,"enemies":"3 Cultists","floor":27,"turns":6},{"damage":6,"enemies":"Snake Plant","floor":28,"turns":4},{"damage":0,"enemies":"Cultist and Chosen","floor":30,"turns":6},{"damage":0,"enemies":"Champ","floor":33,"turns":7},{"damage":3,"enemies":"Orb Walker","floor":35,"turns":3},{"damage":0,"enemies":"3 Shapes","floor":37,"turns":6},{"damage":6,"enemies":"Writhing Mass","floor":39,"turns":4},{"damage":27,"enemies":"4 Shapes","floor":41,"turns":6},{"damage":11,"enemies":"Spire Growth","floor":42,"turns":5},{"damage":0,"enemies":"Jaw Worm Horde","floor":47,"turns":4},{"damage":77,"enemies":"Awakened One","floor":50,"turns":9}],"seed_played":"-524831539980299668","potions_obtained":[{"floor":1,"key":"EntropicBrew"},{"floor":2,"key":"Swift Potion"},{"floor":24,"key":"GamblersBrew"},{"floor":28,"key":"GhostInAJar"},{"floor":47,"key":"LiquidBronze"}],"is_trial":false,"path_per_floor":["M","M","?","?","M","E","M","R","T","$","M","M","R","M","R","B",null,"M","?","?","M","$","R","E","R","T","M","M","R","M","?","R","B",null,"M","T","M","?","M","R","M","M","T","R","?","$","M","$","R","B"],"character_chosen":"THE_SILENT","items_purchased":["GhostInAJar","Well Laid Plans","Adrenaline","Bronze Scales","Deadly Poison"],"campfire_rested":2,"item_purchase_floors":[10,22,46,46,48],"current_hp_per_floor":[77,77,77,77,72,16,11,34,34,34,34,34,34,26,49,3,77,73,59,82,81,81,81,63,63,63,51,45,45,45,45,45,45,82,79,79,79,79,73,73,46,47,47,47,47,47,47,47,47,0],"gold":55,"neow_bonus":"TEN_PERCENT_HP_BONUS","is_prod":false,"is_daily":false,"chose_seed":false,"campfire_upgraded":7,"win_rate":0,"timestamp":1562342460,"path_taken":["M","M","?","?","?","E","M","R","T","$","?","M","R","M","R","BOSS","M","?","?","M","?","R","E","R","T","M","M","R","?","?","R","BOSS","M","?","M","?","M","R","M","M","T","R","?","?","?","$","R","BOSS"],"build_version":"2019-07-01","purchased_purges":2,"victory":false,"max_hp_per_floor":[77,77,77,77,77,77,77,77,77,77,77,77,77,77,77,77,77,77,82,82,82,82,82,82,82,82,82,82,82,82,82,82,82,82,82,82,82,82,82,82,82,82,82,82,82,82,82,82,82,82],"card_choices":[{"not_picked":["Predator","Sucker Punch"],"picked":"Catalyst","floor":1},{"not_picked":["Quick Slash","Underhanded Strike"],"picked":"Slice","floor":2},{"not_picked":["Deflect","Slice"],"picked":"Underhanded Strike","floor":5},{"not_picked":["Dash","Expertise"],"picked":"Blur","floor":6},{"not_picked":["Finisher","Distraction"],"picked":"Noxious Fumes","floor":7},{"not_picked":["Bane","Quick Slash","Sucker Punch"],"picked":"SKIP","floor":11},{"not_picked":["Bane","Quick Slash"],"picked":"Acrobatics","floor":12},{"not_picked":["Blade Dance","Deflect"],"picked":"Outmaneuver","floor":14},{"not_picked":["Die Die Die","Phantasmal Killer"],"picked":"Adrenaline","floor":16},{"not_picked":["Blade Dance","Footwork+1"],"picked":"Deadly Poison","floor":18},{"not_picked":["Heel Hook","Acrobatics","Predator"],"picked":"SKIP","floor":21},{"not_picked":["Underhanded Strike+1","Bane","Blade Dance+1"],"picked":"SKIP","floor":24},{"not_picked":["Masterful Stab","Quick Slash","Distraction"],"picked":"SKIP","floor":27},{"not_picked":["Blade Dance+1","Bane"],"picked":"Backflip","floor":28},{"not_picked":["Sucker Punch+1","Expertise+1"],"picked":"Bouncing Flask","floor":30},{"not_picked":["After Image","Unload"],"picked":"Envenom","floor":33},{"not_picked":["Eviscerate+1","Deflect+1","Outmaneuver"],"picked":"SKIP","floor":35},{"not_picked":["Deflect","Sucker Punch+1","Deadly Poison+1"],"picked":"Noxious Fumes+1","floor":37},{"not_picked":["Flash of Steel","Secret Weapon","Apotheosis"],"picked":"Panacea","floor":38},{"not_picked":["Dagger Throw","Distraction+1","Dagger Spray"],"picked":"Deadly Poison+1","floor":39},{"not_picked":["Deflect+1","Infinite Blades","Bane"],"picked":"Deadly Poison+1","floor":41},{"not_picked":["Noxious Fumes+1","Flying Knee","Acrobatics"],"picked":"Backflip+1","floor":42},{"not_picked":["Deflect","Blade Dance+1","A Thousand Cuts"],"picked":"Poisoned Stab+1","floor":47}],"player_experience":37044,"relics_obtained":[{"floor":6,"key":"Oddly Smooth Stone"},{"floor":24,"key":"Meat on the Bone"},{"floor":26,"key":"Vajra"},{"floor":36,"key":"Question Card"},{"floor":43,"key":"Mercury Hourglass"}],"event_choices":[{"cards_removed":["Strike_G"],"damage_healed":0,"gold_gain":0,"player_choice":"Card Removal","damage_taken":0,"max_hp_gain":0,"max_hp_loss":0,"event_name":"The Cleric","floor":3,"gold_loss":50},{"damage_healed":0,"gold_gain":0,"player_choice":"Forge","damage_taken":0,"max_hp_gain":0,"max_hp_loss":0,"event_name":"Accursed Blacksmith","floor":4,"gold_loss":0,"cards_upgraded":["Catalyst"]},{"damage_healed":0,"gold_gain":0,"player_choice":"Shed Blood","damage_taken":19,"max_hp_gain":5,"max_hp_loss":0,"event_name":"Forgotten Altar","floor":19,"gold_loss":0},{"damage_healed":27,"gold_gain":0,"player_choice":"Heal","damage_taken":0,"max_hp_gain":0,"max_hp_loss":0,"event_name":"The Library","floor":20,"gold_loss":0},{"damage_healed":0,"gold_gain":100,"player_choice":"Pray","damage_taken":0,"max_hp_gain":0,"max_hp_loss":0,"event_name":"Golden Shrine","floor":31,"gold_loss":0},{"damage_healed":0,"gold_gain":0,"player_choice":"Memory 1","damage_taken":0,"max_hp_gain":0,"max_hp_loss":0,"event_name":"SensoryStone","floor":38,"gold_loss":0},{"damage_healed":0,"gold_gain":0,"player_choice":"Ignored","damage_taken":0,"max_hp_gain":0,"max_hp_loss":0,"event_name":"Mysterious Sphere","floor":45,"gold_loss":0}],"is_beta":false,"boss_relics":[{"not_picked":["Fusion Hammer","Cursed Key"],"picked":"Coffee Dripper"},{"not_picked":["Orrery","Runic Pyramid"],"picked":"Empty Cage"}],"items_purged_floors":[22,46],"is_endless":false,"potions_floor_spawned":[1,2,11,14,24,28,33,37,41,47],"killed_by":"Awakened One","ascension_level":0}