{"gold_per_floor":[115,125,137,12,28,28,92,92,172,183,183,214,214,59,59,59],"floor_reached":16,"playtime":1291,"items_purged":["Strike_R"],"score":100,"play_id":"5bf04aef-b1c3-479b-94ef-06373c78f98a","local_time":"20180704182043","is_ascension_mode":false,"campfire_choices":[{"data":"Barricade","floor":6.0,"key":"SMITH"},{"floor":8.0,"key":"REST"},{"data":"Shockwave","floor":11.0,"key":"SMITH"},{"floor":13.0,"key":"REST"},{"floor":15,"key":"REST"}],"neow_cost":"","seed_source_timestamp":0,"circlet_count":0,"master_deck":["Strike_R","Strike_R","Strike_R","Defend_R","Defend_R","Defend_R","Defend_R","Bash","Warcry","Clothesline","Rampage","Shockwave+1","Pommel Strike","Barricade+1","Iron Wave","Sword Boomerang","Body Slam","Metallicize","Iron Wave"],"special_seed":0,"relics":["Burning Blood","Dream Catcher","Darkstone Periapt","Art of War"],"potions_floor_usage":[],"damage_taken":[{"damage":3.0,"enemies":"Small Slimes","floor":1.0,"turns":3.0},{"damage":8.0,"enemies":"Jaw Worm","floor":2.0,"turns":4.0},{"damage":1.0,"enemies":"Cultist","floor":3.0,"turns":4.0},{"damage":12.0,"enemies":"Large Slime","floor":5.0,"turns":6.0},{"damage":41.0,"enemies":"3 Sentries","floor":7.0,"turns":7.0},{"damage":15.0,"enemies":"2 Fungi Beasts","floor":10.0,"turns":4.0},{"damage":33.0,"enemies":"3 Sentries","floor":12.0,"turns":8.0},{"damage":77,"enemies":"Hexaghost","floor":16,"turns":14}],"seed_played":"-347704644666222805","potions_obtained":[{"floor":2.0,"key":"GamblersBrew"},{"floor":5.0,"key":"PowerPotion"},{"floor":12.0,"key":"FearPotion"}],"is_trial":false,"path_per_floor":["M","M","M","$","M","R","?","R","T","M","R","E","R","$","R"],"character_chosen":"IRONCLAD","items_purchased":["Shockwave","Pommel Strike","Metallicize"],"campfire_rested":3,"item_purchase_floors":[],"current_hp_per_floor":[80,78,80,80,74,74,39,63,63,54,54,27,51,51,75,0],"gold":59,"neow_bonus":"","is_prod":false,"is_daily":false,"chose_seed":false,"campfire_upgraded":2,"win_rate":0,"timestamp":1530742843,"path_taken":["M","M","M","$","M","R","?","R","T","M","R","E","R","$","R","BOSS"],"build_version":"2018-06-28","purchased_purges":1,"victory":false,"max_hp_per_floor":[80,80,80,80,80,80,80,80,80,80,80,80,80,80,80,80],"card_choices":[{"not_picked":["Perfected Strike","True Grit"],"picked":"Warcry","floor":1.0},{"not_picked":["Pommel Strike","Bloodletting"],"picked":"Clothesline","floor":2.0},{"not_picked":["Twin Strike","Clothesline"],"picked":"Rampage","floor":3.0},{"not_picked":["Clothesline","Shockwave"],"picked":"Barricade","floor":5.0},{"not_picked":["Wild Strike","Headbutt"],"picked":"Iron Wave","floor":7.0},{"not_picked":["Uppercut","Warcry"],"picked":"Sword Boomerang","floor":8.0},{"not_picked":["Combust","Wild Strike"],"picked":"Body Slam","floor":10.0},{"not_picked":["Combust","Body Slam","Blood for Blood"],"picked":"SKIP","floor":12.0},{"not_picked":["Sever Soul","Pommel Strike"],"picked":"Iron Wave","floor":15}],"player_experience":182529,"relics_obtained":[{"floor":7.0,"key":"Dream Catcher"},{"floor":9.0,"key":"Darkstone Periapt"},{"floor":12.0,"key":"Art of War"}],"event_choices":[{"event_name":"Dead Adventurer","player_choice":"Searched \u00272\u0027 times","floor":7.0,"damage_taken":0.0}],"boss_relics":[],"items_purged_floors":[14],"is_endless":false,"potions_floor_spawned":[2,5,12],"killed_by":"Hexaghost","ascension_level":0}