{"gold_per_floor":[11,11,11,27,50,94,94,94,94,94,56,76,111,77,77,77],"floor_reached":16,"playtime":525,"items_purged":[],"score":113,"play_id":"63f18658-fdda-456e-a9f2-e893d17ac0ff","local_time":"20190828030305","is_ascension_mode":true,"campfire_choices":[{"floor":8,"key":"REST"},{"floor":15,"key":"REST"}],"neow_cost":"NO_GOLD","seed_source_timestamp":69931672603300,"circlet_count":0,"master_deck":["Strike_G","Strike_G","Strike_G","Defend_G","Defend_G","Defend_G","Defend_G","Survivor","Neutralize","Prepared","Poisoned Stab","Poisoned Stab","Underhanded Strike","Noxious Fumes","Footwork","Corpse Explosion"],"relics":["Ring of the Snake","Golden Idol","Dodecahedron","Anchor","Molten Egg 2","Bottled Lightning"],"potions_floor_usage":[6,13],"damage_taken":[{"damage":1,"enemies":"Cultist","floor":1,"turns":4},{"damage":5,"enemies":"Small Slimes","floor":4,"turns":3},{"damage":0,"enemies":"2 Louse","floor":5,"turns":3},{"damage":22,"enemies":"Gremlin Nob","floor":6,"turns":4},{"damage":14,"enemies":"Large Slime","floor":12,"turns":5},{"damage":12,"enemies":"3 Sentries","floor":13,"turns":6},{"damage":36,"enemies":"Slime Boss","floor":16,"turns":8}],"seed_played":"-5731078931223080092","potions_obtained":[{"floor":5,"key":"Weak Potion"},{"floor":12,"key":"LiquidBronze"}],"is_trial":false,"path_per_floor":["M","?","?","M","M","E","?","R","T","?","$","M","E","?","R","B"],"character_chosen":"THE_SILENT","items_purchased":["Noxious Fumes"],"campfire_rested":2,"item_purchase_floors":[11],"current_hp_per_floor":[69,69,52,47,47,25,25,46,46,39,39,25,13,13,34,0],"gold":77,"neow_bonus":"TRANSFORM_TWO_CARDS","is_prod":false,"is_daily":false,"chose_seed":false,"campfire_upgraded":0,"win_rate":0,"timestamp":1566986585,"path_taken":["M","?","?","M","M","E","?","R","T","?","?","?","E","?","R","BOSS"],"build_version":"2019-07-17","purchased_purges":0,"victory":false,"max_hp_per_floor":[70,70,70,70,70,70,70,70,70,70,70,70,70,70,70,70],"card_choices":[{"not_picked":["Quick Slash","Riddle With Holes","PiercingWail"],"picked":"SKIP","floor":1},{"not_picked":["Sucker Punch","Deadly Poison","Masterful Stab"],"picked":"SKIP","floor":4},{"not_picked":["Cloak And Dagger","Calculated Gamble"],"picked":"Poisoned Stab","floor":5},{"not_picked":["Calculated Gamble","Quick Slash"],"picked":"Underhanded Strike","floor":6},{"not_picked":["Bane+1","Accuracy"],"picked":"Footwork","floor":12},{"not_picked":["Crippling Poison","Outmaneuver"],"picked":"Corpse Explosion","floor":13}],"player_experience":132673,"relics_obtained":[{"floor":6,"key":"Dodecahedron"},{"floor":9,"key":"Anchor"},{"floor":13,"key":"Bottled Lightning"}],"event_choices":[{"cards_removed":["Strike_G"],"damage_healed":0,"gold_gain":0,"player_choice":"Forget","damage_taken":0,"max_hp_gain":0,"max_hp_loss":0,"event_name":"Living Wall","floor":2,"gold_loss":0},{"damage_healed":0,"gold_gain":0,"player_choice":"Take Damage","damage_taken":17,"relics_obtained":["Golden Idol"],"max_hp_gain":0,"max_hp_loss":0,"event_name":"Golden Idol","floor":3,"gold_loss":0},{"damage_healed":0,"gold_gain":0,"player_choice":"Ignored","damage_taken":0,"max_hp_gain":0,"max_hp_loss":0,"event_name":"Liars Game","floor":7,"gold_loss":0},{"damage_healed":0,"gold_gain":0,"player_choice":"Success","damage_taken":7,"relics_obtained":["Molten Egg 2"],"max_hp_gain":0,"max_hp_loss":0,"event_name":"Scrap Ooze","floor":10,"gold_loss":0},{"damage_healed":0,"gold_gain":0,"player_choice":"Left Gold","damage_taken":0,"max_hp_gain":0,"max_hp_loss":0,"event_name":"World of Goop","floor":14,"gold_loss":34}],"is_beta":false,"boss_relics":[],"items_purged_floors":[],"is_endless":false,"potions_floor_spawned":[5,12],"killed_by":"Slime Boss","ascension_level":1}