{"gold_per_floor":[119,119,143,218,234,234,12,44,67,81,81,81,110,128,128,202,202,212,127,127,35,50,50,85,1,1,1,20,38,38,58,58,58],"floor_reached":33,"playtime":666,"items_purged":["Strike_R"],"score":596,"play_id":"44638516-0400-4a80-8758-ee8a3819b85c","local_time":"20190803231750","is_ascension_mode":true,"campfire_choices":[{"data":"Bash","floor":6.0,"key":"SMITH"},{"data":"Immolate","floor":12.0,"key":"SMITH"},{"data":"Clothesline","floor":15.0,"key":"SMITH"},{"data":"True Grit","floor":23.0,"key":"SMITH"},{"data":"True Grit","floor":30,"key":"SMITH"},{"data":"Immolate","floor":32,"key":"SMITH"}],"neow_cost":"NONE","seed_source_timestamp":66362633210493,"circlet_count":0,"master_deck":["AscendersBane","Strike_R","Strike_R","Strike_R","Defend_R+1","Defend_R","Defend_R","Defend_R+1","Bash+1","Rampage","Iron Wave","Whirlwind+1","Feel No Pain","Immolate+1","Anger","Clothesline+1","Evolve","Immolate+1","Ghostly Armor","True Grit+1","Feel No Pain","True Grit+1","Thunderclap+1","Evolve","Seeing Red+1","Double Tap"],"special_seed":0,"relics":["Burning Blood","NeowsBlessing","Smiling Mask","Oddly Smooth Stone","Red Skull","War Paint","Coffee Dripper","Potion Belt","Torii","Bottled Flame"],"potions_floor_usage":[31],"damage_taken":[{"damage":0.0,"enemies":"Small Slimes","floor":1.0,"turns":2.0},{"damage":0.0,"enemies":"Jaw Worm","floor":5.0,"turns":1.0},{"damage":0.0,"enemies":"Gremlin Nob","floor":8.0,"turns":1.0},{"damage":6.0,"enemies":"2 Louse","floor":10.0,"turns":3.0},{"damage":4.0,"enemies":"3 Sentries","floor":13.0,"turns":3.0},{"damage":5.0,"enemies":"Exordium Thugs","floor":14.0,"turns":4.0},{"damage":3.0,"enemies":"Slime Boss","floor":16.0,"turns":8.0},{"damage":15.0,"enemies":"Shell Parasite","floor":18.0,"turns":4.0},{"damage":6.0,"enemies":"Chosen","floor":22.0,"turns":5.0},{"damage":39.0,"enemies":"Slavers","floor":24.0,"turns":5.0},{"damage":0.0,"enemies":"3 Cultists","floor":28.0,"turns":1.0},{"damage":34,"enemies":"Shelled Parasite and Fungi","floor":29,"turns":7},{"damage":9,"enemies":"Snake Plant","floor":31,"turns":2},{"damage":0,"enemies":"Collector","floor":33,"turns":2}],"seed_played":"-4464625708321980999","potions_obtained":[{"floor":1.0,"key":"SteroidPotion"},{"floor":14.0,"key":"Block Potion"},{"floor":16.0,"key":"SteroidPotion"},{"floor":28.0,"key":"Fruit Juice"},{"floor":29,"key":"AttackPotion"}],"is_trial":false,"path_per_floor":["M","?","T","?","M","R","$","E","T","M","?","R","E","M","R","B",null,"M","?","?","$","M","R","E","$","T","$","M","M","R","M","R","B"],"character_chosen":"IRONCLAD","items_purchased":["Whirlwind","Feel No Pain","Feel No Pain","True Grit","Evolve"],"campfire_rested":0,"item_purchase_floors":[7,7,21,21,25],"current_hp_per_floor":[74,67,67,56,62,62,62,68,68,68,68,68,70,71,71,74,75,66,66,66,66,66,66,33,33,33,33,44,16,16,13,13,13],"gold":58,"neow_bonus":"THREE_ENEMY_KILL","is_prod":false,"is_daily":false,"chose_seed":false,"campfire_upgraded":6,"win_rate":0,"timestamp":1564899470,"path_taken":["M","?","?","?","M","R","$","E","T","?","?","R","E","M","R","BOSS","M","?","?","$","M","R","E","$","T","?","?","M","R","M","R","BOSS"],"build_version":"2019-07-18","purchased_purges":1,"victory":false,"max_hp_per_floor":[75,75,75,75,75,75,75,75,75,75,75,75,75,75,75,75,75,75,75,75,75,75,75,75,75,75,75,80,80,80,80,80,80],"card_choices":[{"not_picked":["Seeing Red","Entrench"],"picked":"Rampage","floor":1.0},{"not_picked":["Sever Soul","Entrench"],"picked":"Iron Wave","floor":5.0},{"not_picked":["Flame Barrier","Headbutt"],"picked":"Immolate","floor":8.0},{"not_picked":["Sentinel","Havoc"],"picked":"Anger","floor":10.0},{"not_picked":["Dropkick","Perfected Strike"],"picked":"Clothesline","floor":13.0},{"not_picked":["Pommel Strike","Armaments"],"picked":"Evolve","floor":14.0},{"not_picked":["Reaper","Dark Embrace"],"picked":"Immolate","floor":16.0},{"not_picked":["Headbutt","Rage+1"],"picked":"Ghostly Armor","floor":18.0},{"not_picked":["Rage","Thunderclap","Twin Strike"],"picked":"SKIP","floor":22.0},{"not_picked":["Wild Strike+1","Warcry"],"picked":"Thunderclap+1","floor":24.0},{"not_picked":["Blood for Blood","Anger"],"picked":"Seeing Red+1","floor":28.0},{"not_picked":["Body Slam","Flex","Thunderclap"],"picked":"SKIP","floor":29},{"not_picked":["Havoc","Body Slam"],"picked":"Double Tap","floor":31}],"player_experience":1380784,"relics_obtained":[{"floor":3.0,"key":"Smiling Mask"},{"floor":8.0,"key":"Oddly Smooth Stone"},{"floor":9.0,"key":"Red Skull"},{"floor":13.0,"key":"War Paint"},{"floor":24.0,"key":"Torii"},{"floor":26.0,"key":"Bottled Flame"}],"event_choices":[{"cards_removed":["Strike_R"],"damage_healed":0.0,"max_hp_gain":0.0,"max_hp_loss":0.0,"gold_gain":0.0,"event_name":"Golden Wing","player_choice":"Card Removal","floor":2.0,"gold_loss":0.0,"damage_taken":7.0},{"damage_healed":0.0,"max_hp_gain":0.0,"max_hp_loss":0.0,"gold_gain":75.0,"event_name":"World of Goop","player_choice":"Gather Gold","floor":4.0,"gold_loss":0.0,"damage_taken":11.0},{"damage_healed":0.0,"max_hp_gain":0.0,"max_hp_loss":0.0,"gold_gain":0.0,"event_name":"Upgrade Shrine","player_choice":"Upgraded","floor":11.0,"gold_loss":0.0,"damage_taken":0.0,"cards_upgraded":["Whirlwind"]},{"damage_healed":0.0,"max_hp_gain":0.0,"max_hp_loss":0.0,"gold_gain":0.0,"event_name":"Addict","player_choice":"Obtained Relic","floor":19.0,"gold_loss":85.0,"damage_taken":0.0,"relics_obtained":["Potion Belt"]},{"damage_healed":0.0,"max_hp_gain":0.0,"max_hp_loss":0.0,"gold_gain":0.0,"event_name":"The Library","player_choice":"Read","floor":20.0,"gold_loss":0.0,"damage_taken":0.0,"cards_obtained":["True Grit"]}],"is_beta":true,"boss_relics":[{"not_picked":["Busted Crown","Pandora\u0027s Box"],"picked":"Coffee Dripper"}],"items_purged_floors":[7],"is_endless":false,"potions_floor_spawned":[1,14,16,28,29],"killed_by":"Collector","ascension_level":20}