{"gold_per_floor":[119,26,36,111,124,124,137,137,161,66,93,93,126,145,145,218,218,238,238,252,268,281,309,309,85,109,109,109,109,109,31,31,108,108,120,139,193,212,212,212,238,238,285,319,330,580,36,36],"floor_reached":48,"playtime":1406,"items_purged":["Regret"],"score":926,"play_id":"19a9c696-a379-4e08-b325-7ec40c42cde9","local_time":"20180715211315","is_ascension_mode":true,"campfire_choices":[{"data":"True Grit","floor":6,"key":"SMITH"},{"data":"Perfected Strike","floor":12,"key":"SMITH"},{"data":"Perfected Strike","floor":15,"key":"SMITH"},{"floor":24,"key":"REST"},{"floor":27,"key":"REST"},{"data":"Armaments","floor":29,"key":"SMITH"},{"floor":32,"key":"REST"},{"data":"Perfected Strike","floor":40,"key":"SMITH"},{"data":"Perfected Strike","floor":42,"key":"SMITH"}],"neow_cost":"NONE","seed_source_timestamp":329271998335418,"circlet_count":0,"master_deck":["Strike_R","Strike_R","Strike_R","Strike_R","Strike_R","Defend_R","Defend_R","Defend_R","Defend_R","Bash","AscendersBane","Perfected Strike+1","Disarm+1","True Grit+1","Perfected Strike+1","Ghostly Armor","Perfected Strike+1","True Grit","Clothesline","Feel No Pain","Pommel Strike","Double Tap","Feel No Pain","Twin Strike","Armaments+1","Shrug It Off","Perfected Strike+1","True Grit+1","Feel No Pain","Blind","Metallicize","Offering","Carnage+1","Shrug It Off+1","Shrug It Off","Dual Wield","Enlightenment"],"relics":["Snecko Eye","Red Skull","Strawberry","Lantern","Runic Dome","Centennial Puzzle","War Paint","Busted Crown","Ginger","Juzu Bracelet","Blood Vial","Vajra","Ancient Tea Set"],"potions_floor_usage":[21,33,37,37,45,48],"damage_taken":[{"damage":3,"enemies":"Small Slimes","floor":1,"turns":4},{"damage":5,"enemies":"Jaw Worm","floor":3,"turns":2},{"damage":0,"enemies":"2 Louse","floor":5,"turns":2},{"damage":0,"enemies":"2 Fungi Beasts","floor":7,"turns":2},{"damage":4,"enemies":"Lagavulin","floor":11,"turns":5},{"damage":4,"enemies":"3 Sentries","floor":13,"turns":6},{"damage":0,"enemies":"Blue Slaver","floor":14,"turns":2},{"damage":17,"enemies":"Hexaghost","floor":16,"turns":6},{"damage":13,"enemies":"2 Thieves","floor":18,"turns":4},{"damage":0,"enemies":"Spheric Guardian","floor":20,"turns":1},{"damage":30,"enemies":"3 Cultists","floor":21,"turns":6},{"damage":1,"enemies":"Snecko","floor":22,"turns":4},{"damage":24,"enemies":"Slavers","floor":23,"turns":5},{"damage":19,"enemies":"Champ","floor":33,"turns":11},{"damage":4,"enemies":"3 Shapes","floor":35,"turns":5},{"damage":9,"enemies":"3 Darklings","floor":36,"turns":4},{"damage":13,"floor":37,"turns":4},{"damage":8,"enemies":"Sphere and 2 Shapes","floor":38,"turns":4},{"damage":28,"enemies":"Nemesis","floor":44,"turns":5},{"damage":26,"enemies":"Transient","floor":45,"turns":5},{"damage":22,"enemies":"Spire Growth","floor":48,"turns":2}],"seed_played":"403022387632810830","potions_obtained":[{"floor":3,"key":"Strength Potion"},{"floor":7,"key":"FearPotion"},{"floor":21,"key":"FearPotion"},{"floor":35,"key":"AttackPotion"},{"floor":44,"key":"AttackPotion"},{"floor":45,"key":"Regen Potion"}],"is_trial":false,"path_per_floor":["M","$","M","?","M","R","M","?","T","$","E","R","E","M","R","B",null,"M","?","M","M","M","E","R","$","T","R","?","R","?","$","R","B",null,"M","M","?","M","?","R","T","R","T","E","M","?","$"],"character_chosen":"IRONCLAD","items_purchased":["Disarm","True Grit","True Grit","Clothesline","True Grit","Feel No Pain","Blind","Metallicize","Shrug It Off","Dual Wield","Enlightenment","Ancient Tea Set"],"campfire_rested":3,"item_purchase_floors":[2,2,10,10,25,25,25,31,47,47,47,47],"current_hp_per_floor":[65,65,60,49,49,49,49,49,49,49,52,52,48,48,48,31,69,56,56,56,26,25,1,25,25,25,49,49,49,49,49,73,54,75,71,62,49,41,67,67,67,67,67,39,15,15,15,0],"gold":36,"neow_bonus":"BOSS_RELIC","is_prod":false,"is_daily":false,"chose_seed":false,"campfire_upgraded":6,"win_rate":0,"timestamp":1531714395,"path_taken":["M","$","M","?","M","R","M","?","T","$","E","R","E","M","R","BOSS","M","?","M","?","M","E","R","$","T","R","?","R","?","$","R","BOSS","M","?","?","M","?","R","?","R","T","E","M","?","$","M"],"build_version":"2018-07-13","purchased_purges":1,"victory":false,"max_hp_per_floor":[75,75,75,75,75,75,75,75,75,75,82,82,82,82,82,82,82,82,82,82,82,82,82,82,82,82,82,82,82,82,82,82,82,82,82,82,82,82,67,67,67,67,67,67,67,67,67,67],"card_choices":[{"not_picked":["Iron Wave","Ghostly Armor"],"picked":"Perfected Strike","floor":1},{"not_picked":["Anger","Power Through"],"picked":"Perfected Strike","floor":3},{"not_picked":["Rage","Power Through"],"picked":"Ghostly Armor","floor":5},{"not_picked":["Dual Wield","Warcry"],"picked":"Perfected Strike","floor":7},{"not_picked":["Pummel","Bloodletting"],"picked":"Feel No Pain","floor":11},{"not_picked":["Whirlwind","Entrench"],"picked":"Pommel Strike","floor":13},{"not_picked":["Feed","Barricade"],"picked":"Double Tap","floor":16},{"not_picked":["Iron Wave","Body Slam"],"picked":"Feel No Pain","floor":18},{"not_picked":["Warcry+1","Havoc"],"picked":"Twin Strike","floor":20},{"not_picked":["Wild Strike","Flex"],"picked":"Armaments","floor":21},{"not_picked":["Immolate","Shockwave"],"picked":"Shrug It Off","floor":22},{"not_picked":["Flex","Sever Soul"],"picked":"Perfected Strike","floor":23},{"not_picked":["Impervious","Reaper"],"picked":"Offering","floor":33},{"not_picked":[],"picked":"Carnage+1","floor":35},{"not_picked":["Sword Boomerang+1"],"picked":"SKIP","floor":36},{"not_picked":[],"picked":"Shrug It Off+1","floor":44},{"not_picked":["Inflame"],"picked":"SKIP","floor":45}],"player_experience":648768,"relics_obtained":[{"floor":9,"key":"Red Skull"},{"floor":11,"key":"Strawberry"},{"floor":13,"key":"Lantern"},{"floor":23,"key":"Centennial Puzzle"},{"floor":26,"key":"War Paint"},{"floor":37,"key":"Ginger"},{"floor":41,"key":"Juzu Bracelet"},{"floor":43,"key":"Blood Vial"},{"floor":44,"key":"Vajra"}],"event_choices":[{"event_name":"World of Goop","player_choice":"Gather Gold","floor":4,"damage_taken":0},{"event_name":"Shining Light","player_choice":"Ignored","floor":8,"damage_taken":0},{"event_name":"The Mausoleum","player_choice":"No","floor":19,"damage_taken":0},{"event_name":"Ghosts","player_choice":"Ignored","floor":28,"damage_taken":0},{"event_name":"Vampires","player_choice":"Ignored","floor":30,"damage_taken":0},{"event_name":"Mysterious Sphere","player_choice":"Fight","floor":37,"damage_taken":0},{"event_name":"The Moai Head","player_choice":"Heal","floor":39,"damage_taken":0},{"event_name":"Golden Shrine","player_choice":"Desecrate","floor":46,"damage_taken":0}],"boss_relics":[{"not_picked":["Runic Cube","Empty Cage"],"picked":"Runic Dome"},{"not_picked":["Black Star","White Beast Statue"],"picked":"Busted Crown"}],"items_purged_floors":[47],"is_endless":false,"potions_floor_spawned":[3,7,13,14,21,35,36,44,45],"killed_by":"Spire Growth","ascension_level":15}