{"gold_per_floor":[115,1,15,15,27,27,52,52,132,132,150,178,107,122,122,198,198,198,198,198,51,51,51,51,51,51,51,51,51,51,51,51,51,51,51,51,51,51,51,51,51,51,51,51,51,51,51,51,51,51],"floor_reached":51,"playtime":3072,"items_purged":[],"score":1481,"play_id":"9056532d-e7a1-40f6-aa9b-d5c24967a1af","local_time":"20180714173908","is_ascension_mode":true,"campfire_choices":[{"data":"Zap","floor":6.0,"key":"SMITH"},{"data":"Ball Lightning","floor":8.0,"key":"SMITH"},{"data":"Glacier","floor":10.0,"key":"SMITH"},{"data":"Blizzard","floor":15.0,"key":"SMITH"},{"data":"Defragment","floor":23.0,"key":"SMITH"},{"floor":27.0,"key":"REST"},{"floor":32.0,"key":"REST"},{"data":"Buffer","floor":40,"key":"SMITH"},{"data":"Buffer","floor":42,"key":"SMITH"},{"data":"Defragment","floor":47,"key":"SMITH"},{"data":"Coolheaded","floor":49,"key":"SMITH"}],"neow_cost":"NONE","seed_source_timestamp":0,"circlet_count":0,"master_deck":["Strike_B+1","Strike_B","Strike_B","Defend_B","Defend_B","Zap+1","Dualcast","AscendersBane","Cold Snap","Glacier+1","Cold Snap+1","Coolheaded+1","Glacier","Ball Lightning+1","Leap+1","Glacier+1","Blizzard+1","Buffer+1","Buffer+1","Coolheaded+1","Conserve Battery+1","Coolheaded+1","Defragment+1","Stack+1","Defragment+1","Cold Snap","Hologram+1","Amplify+1","Glacier+1","Hologram+1","Coolheaded+1","Defragment+1","Chill+1","Stack+1","White Noise+1"],"special_seed":0,"relics":["Empty Cage","Whetstone","Toxic Egg 2","Symbiotic Virus","Ectoplasm","Red Mask","Happy Flower","Strawberry","Centennial Puzzle","Eternal Feather","Orichalcum","Art of War","Girya"],"potions_floor_usage":[44,44,44,45,50,50],"damage_taken":[{"damage":1.0,"enemies":"Cultist","floor":1.0,"turns":3.0},{"damage":12.0,"enemies":"Jaw Worm","floor":3.0,"turns":4.0},{"damage":3.0,"enemies":"Small Slimes","floor":5.0,"turns":5.0},{"damage":12.0,"enemies":"Gremlin Nob","floor":7.0,"turns":5.0},{"damage":2.0,"enemies":"3 Louse","floor":11.0,"turns":3.0},{"damage":3.0,"enemies":"3 Sentries","floor":12.0,"turns":8.0},{"damage":0.0,"enemies":"Gremlin Gang","floor":14.0,"turns":6.0},{"damage":2.0,"enemies":"Slime Boss","floor":16.0,"turns":12.0},{"damage":0.0,"enemies":"Chosen","floor":18.0,"turns":5.0},{"damage":3.0,"floor":19.0,"turns":5.0},{"damage":0.0,"enemies":"Spheric Guardian","floor":20.0,"turns":4.0},{"damage":9.0,"enemies":"Centurion and Healer","floor":22.0,"turns":7.0},{"damage":34.0,"enemies":"Gremlin Leader","floor":25.0,"turns":11.0},{"damage":0.0,"enemies":"Snecko","floor":29.0,"turns":9.0},{"damage":0.0,"enemies":"Chosen and Byrds","floor":30.0,"turns":9.0},{"damage":0.0,"enemies":"Centurion and Healer","floor":31.0,"turns":9.0},{"damage":0.0,"enemies":"Collector","floor":33.0,"turns":12.0},{"damage":0.0,"enemies":"3 Darklings","floor":35.0,"turns":7.0},{"damage":0.0,"enemies":"Flame Bruiser 1 Orb","floor":37.0,"turns":7.0},{"damage":0,"enemies":"Transient","floor":39,"turns":5},{"damage":30,"enemies":"Giant Head","floor":41,"turns":17},{"damage":0,"enemies":"2 Orb Walkers","floor":44,"turns":11},{"damage":0,"enemies":"Flame Bruiser 2 Orb","floor":45,"turns":7},{"damage":0,"enemies":"Maw","floor":46,"turns":15},{"damage":0,"enemies":"Spire Growth","floor":48,"turns":10},{"damage":4,"enemies":"Time Eater","floor":50,"turns":17}],"seed_played":"-6860761970778080277","potions_obtained":[{"floor":3.0,"key":"FearPotion"},{"floor":7.0,"key":"Block Potion"},{"floor":11.0,"key":"Energy Potion"},{"floor":12.0,"key":"SneckoOil"},{"floor":18.0,"key":"FocusPotion"},{"floor":29.0,"key":"Block Potion"},{"floor":31.0,"key":"Block Potion"},{"floor":33.0,"key":"EntropicBrew"},{"floor":37.0,"key":"LiquidBronze"},{"floor":44,"key":"Block Potion"},{"floor":45,"key":"LiquidBronze"}],"is_trial":false,"path_per_floor":["M","$","M","$","M","R","E","R","T","R","M","E","$","M","R","B",null,"M","?","M","$","M","R","?","E","T","R","?","M","M","M","R","B",null,"M","$","M","?","M","R","E","R","T","E","M","M","R","M","R","B"],"character_chosen":"DEFECT","items_purchased":["Glacier","Cold Snap","Blizzard","Happy Flower"],"campfire_rested":2,"item_purchase_floors":[2,2,13,21],"current_hp_per_floor":[63,63,51,51,48,48,36,36,36,36,34,31,31,31,31,29,61,61,58,58,58,49,49,49,22,22,45,45,45,45,45,68,68,76,76,76,76,76,76,78,48,60,60,60,60,60,72,72,78,74],"gold":51,"neow_bonus":"BOSS_RELIC","is_prod":false,"is_daily":false,"chose_seed":false,"campfire_upgraded":9,"win_rate":0,"timestamp":1531615148,"path_taken":["M","$","M","?","?","R","E","R","T","R","M","E","?","?","R","BOSS","M","?","M","$","M","R","?","E","T","R","?","M","M","M","R","BOSS","M","$","M","?","M","R","E","R","T","E","M","M","R","M","R","BOSS"],"build_version":"2018-07-13","purchased_purges":0,"victory":true,"max_hp_per_floor":[71,71,71,71,71,71,71,71,71,71,71,71,71,71,71,71,71,71,71,71,71,71,71,71,78,78,78,78,78,78,78,78,78,78,78,78,78,78,78,78,78,78,78,78,78,78,78,78,78,78],"card_choices":[{"not_picked":["Hologram","Steam"],"picked":"Cold Snap","floor":1.0},{"not_picked":["Fission","Consume"],"picked":"Coolheaded","floor":3.0},{"not_picked":["Sunder","Reprogram"],"picked":"Glacier","floor":5.0},{"not_picked":["Leap","Amplify"],"picked":"Ball Lightning","floor":7.0},{"not_picked":["Lockon","Redo+1"],"picked":"Leap+1","floor":11.0},{"not_picked":["Gash","Leap+1"],"picked":"Glacier+1","floor":12.0},{"not_picked":["Streamline","Go for the Eyes"],"picked":"Buffer","floor":14.0},{"not_picked":["Core Surge","Thunder Strike"],"picked":"Buffer","floor":16.0},{"not_picked":["Tempest+1","Genetic Algorithm+1"],"picked":"Coolheaded+1","floor":18.0},{"not_picked":["Gash","Heatsinks"],"picked":"Conserve Battery+1","floor":19.0},{"not_picked":["Barrage","Gash"],"picked":"Coolheaded+1","floor":20.0},{"not_picked":["Glacier+1","Blizzard"],"picked":"Defragment","floor":22.0},{"not_picked":["Auto Shields+1","Sunder"],"picked":"Stack+1","floor":25.0},{"not_picked":["Streamline","Rebound+1"],"picked":"Cold Snap","floor":29.0},{"not_picked":["Double Energy+1","Ball Lightning+1"],"picked":"Hologram+1","floor":30.0},{"not_picked":["Thunder Strike","Electrodynamics"],"picked":"Amplify+1","floor":33.0},{"not_picked":["Stack+1","Force Field+1"],"picked":"Glacier+1","floor":35.0},{"not_picked":["Lockon","Beam Cell"],"picked":"Hologram+1","floor":37.0},{"not_picked":["Turbo+1","Ball Lightning"],"picked":"Coolheaded+1","floor":39},{"not_picked":["Self Repair","Thunder Strike"],"picked":"Defragment","floor":41},{"not_picked":["Streamline","Reboot+1"],"picked":"Chill+1","floor":44},{"not_picked":["Cold Snap","Rip and Tear"],"picked":"Stack+1","floor":46},{"not_picked":["Stack+1","Doom and Gloom"],"picked":"White Noise+1","floor":48}],"player_experience":645696,"relics_obtained":[{"floor":7.0,"key":"Whetstone"},{"floor":9.0,"key":"Toxic Egg 2"},{"floor":12.0,"key":"Symbiotic Virus"},{"floor":19.0,"key":"Red Mask"},{"floor":25.0,"key":"Strawberry"},{"floor":26.0,"key":"Centennial Puzzle"},{"floor":41,"key":"Orichalcum"},{"floor":43,"key":"Art of War"},{"floor":44,"key":"Girya"}],"event_choices":[{"event_name":"Masked Bandits","player_choice":"Fought over 198 gold","floor":19.0,"damage_taken":0.0},{"event_name":"Beggar","player_choice":"Ignored","floor":24.0,"damage_taken":0.0},{"event_name":"Duplicator","player_choice":"One dupe","floor":28.0,"damage_taken":0.0},{"event_name":"Falling","player_choice":"Removed Skill","floor":38.0,"damage_taken":0.0}],"boss_relics":[{"not_picked":["Lizard Tail","Orrery"],"picked":"Ectoplasm"},{"not_picked":["Black Star","Fusion Hammer"],"picked":"Eternal Feather"}],"items_purged_floors":[],"is_endless":false,"potions_floor_spawned":[3,7,11,12,18,20,29,31,33,37,39,44,45,46],"ascension_level":15}