{"gold_per_floor":[119,137,137,150,160,160,173,183,207,129,148,158,158],"floor_reached":13,"playtime":1253,"items_purged":[],"score":106,"play_id":"22666e01-240d-4635-8c8f-1095caf1ee34","local_time":"20190825142125","is_ascension_mode":false,"campfire_choices":[{"data":"Fusion","floor":6,"key":"SMITH"}],"neow_cost":"NONE","seed_source_timestamp":100995204103944,"circlet_count":0,"master_deck":["Strike_B","Strike_B","Strike_B","Strike_B","Defend_B","Defend_B","Defend_B","Defend_B","Zap+1","Dualcast","Conserve Battery","Capacitor","Regret","Fusion+1","FTL","Recycle","Scrape","Doom and Gloom","White Noise","Seek"],"relics":["Cracked Core","Letter Opener","Centennial Puzzle"],"potions_floor_usage":[12,12,12],"damage_taken":[{"damage":0,"enemies":"Small Slimes","floor":1,"turns":3},{"damage":1,"enemies":"Jaw Worm","floor":2,"turns":3},{"damage":0,"enemies":"Cultist","floor":4,"turns":2},{"damage":0,"enemies":"Blue Slaver","floor":5,"turns":3},{"damage":10,"enemies":"Red Slaver","floor":7,"turns":3},{"damage":8,"enemies":"3 Louse","floor":8,"turns":3},{"damage":0,"enemies":"Lots of Slimes","floor":11,"turns":1},{"damage":34,"enemies":"Exordium Wildlife","floor":12,"turns":32},{"damage":23,"enemies":"3 Sentries","floor":13,"turns":2}],"seed_played":"-2613842871676642791","potions_obtained":[{"floor":4,"key":"Swift Potion"},{"floor":7,"key":"Swift Potion"},{"floor":8,"key":"EssenceOfSteel"},{"floor":12,"key":"LiquidBronze"}],"is_trial":false,"path_per_floor":["M","M","?","M","M","R","M","M","T","$","M","M","E"],"character_chosen":"DEFECT","items_purchased":["Doom and Gloom"],"campfire_rested":0,"item_purchase_floors":[10],"current_hp_per_floor":[75,74,74,74,74,74,64,56,56,56,56,22,0],"gold":158,"neow_bonus":"UPGRADE_CARD","is_prod":false,"is_daily":false,"chose_seed":false,"campfire_upgraded":1,"win_rate":0,"timestamp":1566768085,"path_taken":["M","M","?","M","M","R","M","M","T","$","M","M","E"],"build_version":"2019-07-17","purchased_purges":0,"victory":false,"max_hp_per_floor":[75,75,75,75,75,75,75,75,75,75,75,75,75],"card_choices":[{"not_picked":["Go for the Eyes","Redo"],"picked":"Conserve Battery","floor":1},{"not_picked":["Redo","Sweeping Beam"],"picked":"Capacitor","floor":2},{"not_picked":["Storm","Steam"],"picked":"Fusion","floor":4},{"not_picked":["Blizzard","Sweeping Beam"],"picked":"FTL","floor":5},{"not_picked":["Hello World","Leap"],"picked":"Recycle","floor":7},{"not_picked":["Steam","Turbo"],"picked":"Scrape","floor":8},{"not_picked":["Coolheaded","Aggregate"],"picked":"White Noise","floor":11},{"not_picked":["Steam Power","Capacitor"],"picked":"Seek","floor":12}],"player_experience":725467,"relics_obtained":[{"floor":9,"key":"Centennial Puzzle"}],"event_choices":[{"damage_healed":0,"gold_gain":0,"player_choice":"Box","damage_taken":0,"relics_obtained":["Letter Opener"],"max_hp_gain":0,"max_hp_loss":0,"event_name":"Big Fish","floor":3,"gold_loss":0,"cards_obtained":["Regret"]}],"is_beta":false,"boss_relics":[],"items_purged_floors":[],"is_endless":false,"potions_floor_spawned":[4,7,8,12],"killed_by":"3 Sentries","ascension_level":0}