{"gold_per_floor":[117,117,42,42,42,75,75,75,123,123,134,134,163,177,177,275,275,286,306,322,222,238,238,250,250,273,273,292,100,100,100,100,197,197,210,225,75,1074,333,333,345,345,368,368,368,384,384,0,0,0],"floor_reached":51,"playtime":756,"items_purged":["Defend_B","Defend_B","Strike_B","Strike_B","Normality"],"score":784,"play_id":"a3fa4e25-bb3f-4aaf-9c86-654c960faded","local_time":"20190223110132","is_ascension_mode":true,"campfire_choices":[{"data":"Defend_B","floor":8,"key":"PURGE"},{"data":"Sunder","floor":12,"key":"SMITH"},{"data":"Sunder","floor":15,"key":"SMITH"},{"data":"Zap","floor":23,"key":"PURGE"},{"data":"Dualcast","floor":25,"key":"PURGE"},{"data":"Hyperbeam","floor":27,"key":"SMITH"},{"data":"Sunder","floor":30,"key":"SMITH"},{"floor":32,"key":"REST"},{"data":"Normality","floor":40,"key":"PURGE"},{"data":"Strike_B","floor":42,"key":"PURGE"},{"floor":45,"key":"REST"},{"floor":47,"key":"REST"},{"floor":49,"key":"RECALL"}],"neow_cost":"NONE","seed_source_timestamp":1424504964995,"circlet_count":0,"master_deck":["Sunder+1","Sunder+1","Hyperbeam+1","Go for the Eyes","Sunder+1"],"relics":["Sozu","Pen Nib","Peace Pipe","Lantern","Bottled Flame","Boot","Runic Dome","Happy Flower","Fusion Hammer","Torii","Meat on the Bone","Anchor","Mango","Red Mask"],"potions_floor_usage":[],"damage_taken":[{"damage":5,"enemies":"2 Louse","floor":1,"turns":2},{"damage":38,"enemies":"Gremlin Nob","floor":6,"turns":5},{"damage":6,"enemies":"Jaw Worm","floor":11,"turns":2},{"damage":13,"enemies":"3 Sentries","floor":13,"turns":3},{"damage":0,"enemies":"Small Slimes","floor":14,"turns":1},{"damage":0,"enemies":"Slime Boss","floor":16,"turns":6},{"damage":5,"enemies":"Chosen","floor":18,"turns":2},{"damage":7,"enemies":"Shell Parasite","floor":19,"turns":2},{"damage":5,"enemies":"3 Cultists","floor":20,"turns":3},{"damage":12,"enemies":"Shelled Parasite and Fungi","floor":22,"turns":2},{"damage":6,"enemies":"Snecko","floor":24,"turns":3},{"damage":0,"enemies":"Centurion and Healer","floor":28,"turns":2},{"damage":34,"enemies":"Automaton","floor":33,"turns":5},{"damage":13,"enemies":"3 Shapes","floor":35,"turns":2},{"damage":9,"enemies":"3 Darklings","floor":36,"turns":2},{"damage":6,"enemies":"4 Shapes","floor":41,"turns":1},{"damage":1,"enemies":"Transient","floor":46,"turns":5},{"damage":92,"enemies":"Awakened One","floor":50,"turns":8}],"seed_played":"-1286896094751976865","potions_obtained":[],"is_trial":false,"path_per_floor":["M","?","$","?","$","E","?","R","T","T","M","R","E","M","R","B",null,"M","M","M","$","M","R","M","R","T","R","M","$","R","?","R","B",null,"M","M","$","?","$","R","M","R","T","T","R","M","R","?","R","B",null],"character_chosen":"DEFECT","items_purchased":["Sunder","Torii","Meat on the Bone"],"campfire_rested":3,"item_purchase_floors":[29,39,39],"current_hp_per_floor":[70,70,70,75,75,37,34,34,34,34,28,28,15,15,15,15,80,75,68,63,63,51,51,45,45,45,45,45,45,45,45,69,35,80,67,58,58,58,58,58,52,52,52,66,94,93,94,94,94,14],"gold":0,"neow_bonus":"BOSS_RELIC","is_prod":false,"is_daily":false,"chose_seed":false,"campfire_upgraded":4,"win_rate":0,"timestamp":1550948492,"path_taken":["M","?","$","?","$","E","?","R","T","?","M","R","E","M","R","BOSS","M","M","M","$","M","R","M","R","T","R","M","$","R","?","R","BOSS","M","M","$","?","$","R","M","R","T","?","R","M","R","?","R","BOSS"],"build_version":"2019-02-06","purchased_purges":5,"victory":true,"max_hp_per_floor":[75,75,75,80,80,80,80,80,80,80,80,80,80,80,80,80,80,80,80,80,80,80,80,80,80,80,80,80,80,80,80,80,80,80,80,80,80,80,80,80,80,80,80,94,94,94,94,94,94,94],"card_choices":[{"not_picked":["White Noise","Conserve Battery"],"picked":"Sunder","floor":6},{"not_picked":["Turbo","BootSequence"],"picked":"Sunder","floor":14},{"not_picked":["Creative AI","Thunder Strike"],"picked":"Hyperbeam","floor":16},{"not_picked":["Cold Snap","Gash"],"picked":"Go for the Eyes","floor":19},{"not_picked":["Scrape","Gash","Cold Snap"],"picked":"SKIP","floor":20},{"not_picked":["Conserve Battery","Hologram","Ball Lightning"],"picked":"SKIP","floor":22},{"not_picked":["Fission","Cold Snap+1","Stack"],"picked":"SKIP","floor":28},{"not_picked":["Conserve Battery+1","Consume+1","Steam"],"picked":"SKIP","floor":35},{"not_picked":["Compile Driver+1","Steam+1","Coolheaded+1"],"picked":"SKIP","floor":36},{"not_picked":["Storm+1","Reprogram","Auto Shields"],"picked":"SKIP","floor":41},{"not_picked":["Streamline+1","Cold Snap+1","Auto Shields"],"picked":"SKIP","floor":46}],"player_experience":1203469,"relics_obtained":[{"floor":6,"key":"Pen Nib"},{"floor":9,"key":"Lantern"},{"floor":10,"key":"Bottled Flame"},{"floor":13,"key":"Boot"},{"floor":26,"key":"Happy Flower"},{"floor":43,"key":"Anchor"},{"floor":44,"key":"Mango"}],"event_choices":[{"cards_removed":["Defend_B"],"damage_healed":0,"gold_gain":0,"player_choice":"Forget","damage_taken":0,"max_hp_gain":0,"max_hp_loss":0,"event_name":"Living Wall","floor":2,"gold_loss":0},{"damage_healed":0,"gold_gain":0,"player_choice":"Donut","damage_taken":0,"max_hp_gain":5,"max_hp_loss":0,"event_name":"Big Fish","floor":4,"gold_loss":0},{"damage_healed":0,"gold_gain":0,"player_choice":"Success","damage_taken":3,"relics_obtained":["Peace Pipe"],"max_hp_gain":0,"max_hp_loss":0,"event_name":"Scrap Ooze","floor":7,"gold_loss":0},{"cards_removed":["Strike_B"],"damage_healed":0,"gold_gain":0,"player_choice":"Elegance","damage_taken":0,"max_hp_gain":0,"max_hp_loss":0,"event_name":"Back to Basics","floor":31,"gold_loss":0},{"damage_healed":0,"gold_gain":999,"player_choice":"Gold","damage_taken":0,"max_hp_gain":0,"max_hp_loss":0,"event_name":"MindBloom","floor":38,"gold_loss":0,"cards_obtained":["Normality","Normality"]},{"damage_healed":0,"gold_gain":0,"player_choice":"Paid","damage_taken":0,"relics_obtained":["Red Mask"],"max_hp_gain":0,"max_hp_loss":0,"event_name":"Tomb of Lord Red Mask","floor":48,"gold_loss":384}],"is_beta":true,"boss_relics":[{"not_picked":["Calling Bell","Runic Pyramid"],"picked":"Runic Dome"},{"not_picked":["Busted Crown","Tiny House"],"picked":"Fusion Hammer"}],"items_purged_floors":[3,21,29,37,39],"is_endless":false,"potions_floor_spawned":[1,11,16,19,22,24,33],"ascension_level":1}