{"gold_per_floor":[117,136,211,211,232,268,218,218],"floor_reached":8,"playtime":473,"items_purged":[],"score":59,"play_id":"2913b10c-f181-45ff-9e5a-67f7762af8a4","local_time":"20190826025911","is_ascension_mode":true,"campfire_choices":[],"neow_cost":"PERCENT_DAMAGE","seed_source_timestamp":133753323535800,"circlet_count":0,"master_deck":["Strike_G","Strike_G","Strike_G","Strike_G","Defend_G","Defend_G","Defend_G","Defend_G","Defend_G","Survivor","Neutralize","After Image","Backflip"],"relics":["Ring of the Snake","Golden Idol","Anchor"],"potions_floor_usage":[6,8],"damage_taken":[{"damage":0,"enemies":"2 Louse","floor":1,"turns":3},{"damage":2,"enemies":"Small Slimes","floor":2,"turns":6},{"damage":2,"enemies":"Jaw Worm","floor":5,"turns":6},{"damage":18,"enemies":"3 Sentries","floor":6,"turns":16},{"damage":20,"enemies":"Lagavulin","floor":8,"turns":9}],"seed_played":"-5630649448732453863","potions_obtained":[{"floor":5,"key":"SteroidPotion"},{"floor":6,"key":"GhostInAJar"}],"is_trial":false,"path_per_floor":["M","M","?","?","M","E","?","E"],"character_chosen":"THE_SILENT","items_purchased":[],"campfire_rested":0,"item_purchase_floors":[],"current_hp_per_floor":[49,47,36,36,34,16,16,0],"gold":218,"neow_bonus":"THREE_RARE_CARDS","is_prod":false,"is_daily":false,"chose_seed":false,"campfire_upgraded":0,"win_rate":0,"timestamp":1566813551,"path_taken":["M","M","?","?","M","E","?","E"],"build_version":"2019-07-17","purchased_purges":0,"victory":false,"max_hp_per_floor":[70,70,70,65,65,65,65,65],"card_choices":[{"not_picked":["Glass Knife","Doppelganger"],"picked":"After Image","floor":0},{"not_picked":["Flying Knee","Poisoned Stab","Choke"],"picked":"SKIP","floor":1},{"not_picked":["Blade Dance","Dagger Throw","Bane"],"picked":"SKIP","floor":2},{"not_picked":["Flechettes","Blade Dance","Concentrate"],"picked":"SKIP","floor":5},{"not_picked":["Escape Plan","Deadly Poison"],"picked":"Backflip","floor":6}],"player_experience":100249,"relics_obtained":[{"floor":6,"key":"Anchor"}],"event_choices":[{"damage_healed":0,"gold_gain":75,"player_choice":"Gather Gold","damage_taken":11,"max_hp_gain":0,"max_hp_loss":0,"event_name":"World of Goop","floor":3,"gold_loss":0},{"damage_healed":0,"gold_gain":0,"player_choice":"Lose Max HP","damage_taken":0,"relics_obtained":["Golden Idol"],"max_hp_gain":0,"max_hp_loss":5,"event_name":"Golden Idol","floor":4,"gold_loss":0},{"cards_removed":["Strike_G"],"damage_healed":0,"gold_gain":0,"player_choice":"Card Removal","damage_taken":0,"max_hp_gain":0,"max_hp_loss":0,"event_name":"The Cleric","floor":7,"gold_loss":50}],"is_beta":false,"boss_relics":[],"items_purged_floors":[],"is_endless":false,"potions_floor_spawned":[5,6],"killed_by":"Lagavulin","ascension_level":1}