{"path_per_floor":["M","?","?","$","M","E","M","R","T","?","M","R","E","M","R","B",null,"M","M","?","?","?","R","E","$","T","R","E","R","M","M","R","B",null,"M","?","?","?","$","R"],"character_chosen":"THE_SILENT","items_purchased":["Mind Blast","Footwork","Deflect","Flying Knee","Trip","Flying Knee"],"gold_per_floor":[111,111,111,5,20,47,67,67,67,67,85,85,111,125,125,222,222,232,242,242,242,242,242,269,45,45,45,77,77,92,105,105,200,200,218,0,0,50,26,26,26],"floor_reached":41,"campfire_rested":5,"playtime":3507,"item_purchase_floors":[],"current_hp_per_floor":[68,68,68,68,68,54,54,54,54,54,54,79,46,49,74,75,84,64,51,51,35,35,60,42,42,52,80,48,76,76,74,74,35,94,94,94,84,77,77,91,0],"items_purged":[],"gold":26,"score":485,"play_id":"0acd294a-365c-442e-81d0-3187caa6d0b0","local_time":"20180601125124","is_prod":false,"is_daily":false,"chose_seed":false,"is_ascension_mode":false,"campfire_upgraded":2,"win_rate":0.0,"timestamp":1527871884,"campfire_choices":[{"data":"Mind Blast","floor":8.0,"key":"SMITH"},{"floor":12.0,"key":"REST"},{"floor":15.0,"key":"REST"},{"floor":23.0,"key":"REST"},{"floor":27.0,"key":"REST"},{"floor":29.0,"key":"REST"},{"data":"Burst","floor":32,"key":"SMITH"},{"floor":40,"key":"DIG"}],"path_taken":["M","?","?","?","?","E","M","R","T","?","?","R","E","M","R","BOSS","M","M","?","?","?","R","E","$","T","R","E","R","M","?","R","BOSS","M","?","?","?","?","R","E"],"build_version":"2018-05-31","seed_source_timestamp":0,"purchased_purges":0,"victory":false,"master_deck":["Defend_G","Defend_G","Defend_G","Defend_G","Defend_G","Strike_G","Strike_G","Survivor","Neutralize","Skewer+1","Mind Blast+1","Blade Dance","Bouncing Flask","Dagger Spray","Deadly Poison","Dash","Poisoned Stab","Burst+1","Infinite Blades+1","Noxious Fumes+1","Dagger Spray+1","Endless Agony","Deflect","Mind Blast+1","Backstab","Footwork","Deflect","Flying Knee","Trip","Deflect","Catalyst","Deadly Poison","Night Terror","Backstab+1","Transmutation","Trip","Secret Weapon","Dagger Spray+1","Flying Knee"],"max_hp_per_floor":[70,70,70,70,70,84,84,84,84,84,84,84,84,84,84,84,84,84,84,84,84,84,84,84,84,94,94,94,94,94,94,94,94,94,94,94,94,94,94,94,94],"relics":["Ring of the Snake","Mango","Pantograph","Meat on the Bone","Astrolabe","Enchiridion","Ginger","Question Card","Pear","Anchor","Eternal Feather","Red Mask","Shovel","Orichalcum"],"card_choices":[{"not_picked":["Underhanded Strike","Dagger Spray"],"picked":"Skewer","floor":1.0},{"not_picked":["Choke","Sucker Punch"],"picked":"Blade Dance","floor":5.0},{"not_picked":["Malaise","Deadly Poison"],"picked":"Bouncing Flask","floor":6.0},{"not_picked":["Outmaneuver","Deadly Poison"],"picked":"Dagger Spray","floor":7.0},{"not_picked":["Caltrops","Underhanded Strike"],"picked":"Deadly Poison","floor":11.0},{"not_picked":["Leg Sweep","Escape Plan"],"picked":"Dash","floor":13.0},{"not_picked":["Outmaneuver","Deadly Poison"],"picked":"Poisoned Stab","floor":14.0},{"not_picked":["Phantasmal Killer","Die Die Die"],"picked":"Burst","floor":16.0},{"not_picked":["Caltrops","Deflect+1"],"picked":"Endless Agony","floor":18.0},{"not_picked":["Predator","Underhanded Strike"],"picked":"Deflect","floor":19.0},{"not_picked":["Dodge and Roll","Reflex"],"picked":"Backstab","floor":24.0},{"not_picked":["Masterful Stab","Reflex","Prepared"],"picked":"Deflect","floor":28.0},{"not_picked":["Masterful Stab+1","Underhanded Strike","Dagger Throw"],"picked":"Catalyst","floor":30.0},{"not_picked":["Bouncing Flask","Riddle With Holes","Quick Slash"],"picked":"Deadly Poison","floor":31.0},{"not_picked":["Adrenaline","Wraith Form v2","Tools of the Trade"],"picked":"Night Terror","floor":33},{"not_picked":["Footwork+1","Blur","Dodge and Roll"],"picked":"Backstab+1","floor":35},{"not_picked":["Madness","Deep Breath","Finesse"],"picked":"Transmutation","floor":37},{"not_picked":["Panacea","Good Instincts","Flash of Steel"],"picked":"Trip","floor":37},{"not_picked":["Deep Breath","Jack Of All Trades","Secret Technique"],"picked":"Secret Weapon","floor":37},{"not_picked":["Dagger Throw","Poisoned Stab","Deadly Poison+1"],"picked":"Dagger Spray+1","floor":38}],"player_experience":16878,"potions_floor_usage":[38,41],"damage_taken":[{"damage":2.0,"enemies":"Jaw Worm","floor":1.0,"turns":6.0},{"damage":0.0,"enemies":"Cultist","floor":5.0,"turns":3.0},{"damage":28.0,"enemies":"Lagavulin","floor":6.0,"turns":8.0},{"damage":0.0,"enemies":"2 Louse","floor":7.0,"turns":3.0},{"damage":0.0,"enemies":"Looter","floor":11.0,"turns":2.0},{"damage":33.0,"enemies":"Gremlin Nob","floor":13.0,"turns":4.0},{"damage":9.0,"enemies":"2 Fungi Beasts","floor":14.0,"turns":3.0},{"damage":9.0,"enemies":"Slime Boss","floor":16.0,"turns":7.0},{"damage":20.0,"enemies":"Spheric Guardian","floor":18.0,"turns":4.0},{"damage":25.0,"enemies":"2 Thieves","floor":19.0,"turns":3.0},{"damage":30.0,"enemies":"Book of Stabbing","floor":24.0,"turns":6.0},{"damage":44.0,"enemies":"Slavers","floor":28.0,"turns":6.0},{"damage":0.0,"enemies":"Snake Plant","floor":30.0,"turns":3.0},{"damage":2.0,"enemies":"3 Cultists","floor":31.0,"turns":5.0},{"damage":71,"enemies":"Champ","floor":33,"turns":10},{"damage":0,"enemies":"3 Shapes","floor":35,"turns":2},{"damage":7,"enemies":"Mysterious Sphere","floor":38,"turns":3},{"damage":99,"enemies":"Giant Head","floor":41,"turns":8}],"relics_obtained":[{"floor":6.0,"key":"Mango"},{"floor":9.0,"key":"Pantograph"},{"floor":13.0,"key":"Meat on the Bone"},{"floor":21.0,"key":"Enchiridion"},{"floor":24.0,"key":"Question Card"},{"floor":26.0,"key":"Pear"},{"floor":28.0,"key":"Anchor"},{"floor":38,"key":"Shovel"},{"floor":40,"key":"Orichalcum"}],"event_choices":[{"event_name":"Upgrade Shrine","player_choice":"Upgraded","floor":2.0,"damage_taken":0.0},{"event_name":"Golden Idol","player_choice":"Ignored","floor":3.0,"damage_taken":0.0},{"event_name":"Liars Game","player_choice":"disagreed","floor":10.0,"damage_taken":0.0},{"event_name":"Duplicator","player_choice":"One dupe","floor":20.0,"damage_taken":0.0},{"event_name":"Cursed Tome","player_choice":"Obtained Book","floor":21.0,"damage_taken":0.0},{"event_name":"The Mausoleum","player_choice":"Yes","floor":22.0,"damage_taken":0.0},{"event_name":"Tomb of Lord Red Mask","player_choice":"Paid","floor":36,"damage_taken":0},{"event_name":"SensoryStone","player_choice":"Memory 3","floor":37,"damage_taken":0},{"event_name":"Mysterious Sphere","player_choice":"Fight","floor":38,"damage_taken":0}],"boss_relics":[{"not_picked":["Velvet Choker","Snecko Eye"],"picked":"Eternal Feather"}],"items_purged_floors":[],"potions_floor_spawned":[6,11,13,14,18,19,31,38],"seed_played":"-1792821051623271542","killed_by":"Giant Head","ascension_level":0,"potions_obtained":[{"floor":6.0,"key":"Dexterity Potion"},{"floor":11.0,"key":"Ancient Potion"},{"floor":13.0,"key":"Strength Potion"},{"floor":14.0,"key":"Explosive Potion"},{"floor":18.0,"key":"Weak Potion"},{"floor":19.0,"key":"Poison Potion"},{"floor":31.0,"key":"Energy Potion"},{"floor":38,"key":"Fire Potion"}],"is_trial":false}