{"gold_per_floor":[160,88,88,105,105,138,149,149,149,149,149,184,209,233,233,356,356,341,359,54,77,77],"floor_reached":22,"playtime":1624,"items_purged":["Strike_G"],"score":196,"play_id":"233418d4-2a09-4531-b85b-69ff476b4902","local_time":"20190820083934","is_ascension_mode":false,"campfire_choices":[{"floor":8,"key":"REST"},{"data":"Infinite Blades","floor":15,"key":"SMITH"}],"neow_cost":"NONE","seed_source_timestamp":342249996957700,"circlet_count":0,"master_deck":["Strike_G","Strike_G","Strike_G","Strike_G","Defend_G","Defend_G+1","Defend_G","Defend_G","Defend_G","Survivor","Neutralize","Dash","Dagger Throw","Infinite Blades+1","Pain","Terror","Decay","Skewer","Acrobatics","Poisoned Stab","Backflip","Reflex","Envenom","Heel Hook","Well Laid Plans","Noxious Fumes","Dagger Spray"],"relics":["Tiny House","WarpedTongs","Darkstone Periapt","Ornamental Fan","Golden Idol","FaceOfCleric","Kunai","HoveringKite","OrangePellets"],"potions_floor_usage":[12,13,13,16,19],"damage_taken":[{"damage":0,"enemies":"Cultist","floor":1,"turns":4},{"damage":5,"enemies":"Jaw Worm","floor":4,"turns":4},{"damage":32,"enemies":"3 Sentries","floor":6,"turns":9},{"damage":11,"enemies":"2 Louse","floor":7,"turns":2},{"damage":12,"enemies":"Lagavulin","floor":12,"turns":6},{"damage":12,"enemies":"Exordium Thugs","floor":13,"turns":3},{"damage":3,"enemies":"3 Louse","floor":14,"turns":3},{"damage":8,"enemies":"Hexaghost","floor":16,"turns":9},{"damage":25,"enemies":"2 Thieves","floor":18,"turns":4},{"damage":8,"enemies":"Spheric Guardian","floor":19,"turns":7},{"damage":37,"enemies":"Shelled Parasite and Fungi","floor":21,"turns":7},{"damage":9,"enemies":"Snake Plant","floor":22,"turns":1}],"seed_played":"-4356156305647066411","potions_obtained":[{"floor":0,"key":"Strength Potion"},{"floor":1,"key":"Regen Potion"},{"floor":4,"key":"GhostInAJar"},{"floor":7,"key":"Swift Potion"},{"floor":12,"key":"SteroidPotion"},{"floor":13,"key":"Dexterity Potion"}],"is_trial":false,"path_per_floor":["M","$","?","M","?","E","M","R","T","?","?","E","M","M","R","B",null,"M","M","$","M","M"],"character_chosen":"THE_SILENT","items_purchased":["Infinite Blades","Noxious Fumes","OrangePellets"],"campfire_rested":1,"item_purchase_floors":[2,20,20],"current_hp_per_floor":[75,75,75,70,70,38,27,49,49,49,49,47,36,34,34,27,73,49,42,42,6,0],"gold":77,"neow_bonus":"BOSS_RELIC","is_prod":false,"is_daily":false,"chose_seed":false,"campfire_upgraded":1,"win_rate":0.0,"timestamp":1566315574,"path_taken":["M","$","?","?","?","E","?","R","T","?","?","E","?","M","R","BOSS","M","M","$","M","M"],"build_version":"2019-07-17","purchased_purges":1,"victory":false,"max_hp_per_floor":[75,75,75,75,75,75,75,75,75,69,69,70,71,72,72,73,73,74,75,75,76,76],"card_choices":[{"not_picked":["Masterful Stab","Calculated Gamble"],"picked":"Dash","floor":0},{"not_picked":["Deflect","All Out Attack"],"picked":"Dagger Throw","floor":1},{"not_picked":["Deflect","Deadly Poison"],"picked":"Terror","floor":4},{"not_picked":["All Out Attack","Calculated Gamble"],"picked":"Skewer","floor":6},{"not_picked":["Prepared","Backflip"],"picked":"Acrobatics","floor":7},{"not_picked":["Outmaneuver","Deadly Poison"],"picked":"Poisoned Stab","floor":12},{"not_picked":["Catalyst","Skewer"],"picked":"Backflip","floor":13},{"not_picked":["Sucker Punch","Caltrops"],"picked":"Reflex","floor":14},{"not_picked":["Die Die Die","After Image"],"picked":"Envenom","floor":16},{"not_picked":["Deadly Poison+1","Finisher"],"picked":"Heel Hook","floor":18},{"not_picked":["Catalyst","PiercingWail"],"picked":"Well Laid Plans","floor":19},{"not_picked":["Masterful Stab","Sucker Punch"],"picked":"Dagger Spray","floor":21}],"player_experience":34240,"relics_obtained":[{"floor":6,"key":"Darkstone Periapt"},{"floor":9,"key":"Ornamental Fan"},{"floor":12,"key":"Kunai"}],"event_choices":[{"damage_healed":0,"gold_gain":0,"player_choice":"Rummage","damage_taken":0,"relics_obtained":["WarpedTongs"],"max_hp_gain":0,"max_hp_loss":0,"event_name":"Accursed Blacksmith","floor":3,"gold_loss":0,"cards_obtained":["Pain"]},{"damage_healed":0,"gold_gain":0,"player_choice":"Cursed","damage_taken":0,"max_hp_gain":0,"max_hp_loss":0,"event_name":"Wheel of Change","floor":5,"gold_loss":0,"cards_obtained":["Decay"]},{"damage_healed":0,"gold_gain":0,"player_choice":"Lose Max HP","damage_taken":0,"relics_obtained":["Golden Idol"],"max_hp_gain":0,"max_hp_loss":6,"event_name":"Golden Idol","floor":10,"gold_loss":0},{"damage_healed":0,"gold_gain":0,"player_choice":"Trade","damage_taken":0,"relics_obtained":["FaceOfCleric"],"max_hp_gain":0,"max_hp_loss":0,"event_name":"FaceTrader","floor":11,"gold_loss":0}],"is_beta":false,"boss_relics":[{"not_picked":["Calling Bell","Sozu"],"picked":"HoveringKite"}],"items_purged_floors":[20],"is_endless":false,"potions_floor_spawned":[1,4,7,12,13],"killed_by":"Snake Plant","ascension_level":0}